sim_time,mid_price,last_price,last_size,best_bid_price,best_bid_size,best_ask_price,best_ask_size,close_price_buy,close_price_sell,bid1_price,bid1_size,bid2_price,bid2_size,bid3_price,bid3_size,bid4_price,bid4_size,bid5_price,bid5_size,bid6_price,bid6_size,bid7_price,bid7_size,bid8_price,bid8_size,bid9_price,bid9_size,bid10_price,bid10_size,ask1_price,ask1_size,ask2_price,ask2_size,ask3_price,ask3_size,ask4_price,ask4_size,ask5_price,ask5_size,ask6_price,ask6_size,ask7_price,ask7_size,ask8_price,ask8_size,ask9_price,ask9_size,ask10_price,ask10_size
2020-10-29 09:30:25,122.105,0.0,0,122.03,3,122.18,4,122.18,122.03,122.03,3,122.02,5,122.01,2,,,,,,,,,,,,,,,122.18,4,122.19,1,122.23,3,122.24,1,122.29,2,122.3,2,122.31,2,122.43,1,122.44,1,,
2020-10-29 09:30:26,122.105,0.0,0,122.03,3,122.18,4,122.18,122.03,122.03,3,122.02,5,122.01,2,,,,,,,,,,,,,,,122.18,4,122.19,1,122.23,3,122.24,1,122.29,2,122.3,2,122.31,2,122.43,1,122.44,1,,
2020-10-29 09:30:27,122.105,0.0,0,122.03,3,122.18,4,122.18,122.03,122.03,3,122.02,5,122.01,2,,,,,,,,,,,,,,,122.18,4,122.19,1,122.23,3,122.24,1,122.29,2,122.3,2,122.31,2,122.43,1,122.44,1,,
2020-10-29 09:30:28,122.105,0.0,0,122.03,3,122.18,4,122.18,122.03,122.03,3,122.02,5,122.01,2,,,,,,,,,,,,,,,122.18,4,122.19,1,122.23,3,122.24,1,122.29,2,122.3,2,122.31,2,122.43,1,122.44,1,,
2020-10-29 09:30:29,122.105,0.0,0,122.03,3,122.18,4,122.18,122.03,122.03,3,122.02,5,122.01,2,,,,,,,,,,,,,,,122.18,4,122.19,1,122.23,3,122.24,1,122.29,2,122.3,2,122.31,2,122.43,1,122.44,1,,
2020-10-29 09:30:30,122.105,0.0,0,122.03,3,122.18,4,122.18,122.03,122.03,3,122.02,5,122.01,2,,,,,,,,,,,,,,,122.18,4,122.19,1,122.23,3,122.24,1,122.29,2,122.3,2,122.31,2,122.43,1,122.44,1,,
2020-10-29 09:30:31,122.105,0.0,0,122.03,3,122.18,4,122.18,122.03,122.03,3,122.02,5,122.01,2,,,,,,,,,,,,,,,122.18,4,122.19,1,122.23,3,122.24,1,122.29,2,122.3,2,122.31,2,122.43,1,122.44,1,,
2020-10-29 09:30:32,122.14,0.0,0,122.1,3,122.18,5,122.18,122.1,122.1,3,122.09,3,122.03,3,122.02,5,122.01,2,,,,,,,,,,,122.18,5,122.19,1,122.23,3,122.24,1,122.29,2,122.3,2,122.31,2,122.43,1,122.44,1,,
2020-10-29 09:30:34,122.14,0.0,0,122.1,3,122.18,5,122.18,122.1,122.1,3,122.09,3,122.03,3,122.02,5,122.01,2,,,,,,,,,,,122.18,5,122.19,1,122.23,3,122.24,1,122.29,2,122.3,2,122.31,2,122.43,1,122.44,1,,
2020-10-29 09:30:34,122.14,0.0,0,122.1,3,122.18,5,122.18,122.1,122.1,3,122.09,3,122.03,3,122.02,5,122.01,2,,,,,,,,,,,122.18,5,122.19,1,122.23,3,122.24,1,122.29,2,122.3,2,122.31,2,122.43,1,122.44,1,,
2020-10-29 09:30:35,122.25,122.23,1,122.18,2,122.32,10,122.32,122.18,122.18,2,122.17,5,122.16,1,122.15,15,122.14,1,122.1,9,122.09,3,122.03,3,122.02,5,122.01,2,122.32,10,122.33,7,122.43,1,122.44,1,,,,,,,,,,,,
2020-10-29 09:30:37,122.25,122.23,1,122.18,2,122.32,11,122.32,122.18,122.18,2,122.17,5,122.16,1,122.15,15,122.14,1,122.1,9,122.09,3,122.03,3,122.02,5,122.01,2,122.32,11,122.33,7,122.43,1,122.44,1,,,,,,,,,,,,
2020-10-29 09:30:38,122.315,122.32,1,122.25,3,122.38,3,122.38,122.25,122.25,3,122.18,2,122.17,5,122.16,1,122.15,15,122.14,1,122.1,9,122.09,3,122.03,3,122.02,5,122.38,3,122.39,1,122.4,5,122.43,1,122.44,1,,,,,,,,,,
2020-10-29 09:30:39,122.33,122.32,1,122.26,4,122.4,1,122.4,122.26,122.26,4,122.25,3,122.18,2,122.17,5,122.16,1,122.15,15,122.14,1,122.1,9,122.09,3,122.03,3,122.4,1,122.42,1,122.43,2,122.44,1,,,,,,,,,,,,
2020-10-29 09:30:40,122.335,122.32,1,122.26,4,122.41,1,122.41,122.26,122.26,4,122.25,3,122.18,2,122.17,5,122.16,1,122.15,15,122.14,1,122.1,9,122.09,3,122.03,3,122.41,1,122.42,1,122.43,2,122.44,1,,,,,,,,,,,,
2020-10-29 09:30:41,122.325,122.32,1,122.26,4,122.39,1,122.39,122.26,122.26,4,122.25,3,122.18,2,122.17,5,122.16,1,122.15,15,122.14,1,122.1,9,122.09,3,122.03,3,122.39,1,122.4,4,122.41,1,122.42,1,122.43,2,122.44,1,,,,,,,,
2020-10-29 09:30:41,122.35,122.32,1,122.3,3,122.4,5,122.4,122.3,122.3,3,122.29,4,122.28,2,122.27,2,122.26,4,122.25,3,122.18,2,122.17,5,122.16,1,122.15,15,122.4,5,122.41,1,122.42,1,122.43,2,122.44,1,,,,,,,,,,
2020-10-29 09:30:43,122.34,122.32,1,122.28,3,122.4,6,122.4,122.28,122.28,3,122.27,4,122.26,4,122.25,3,122.18,2,122.17,5,122.16,1,122.15,15,122.14,1,122.1,9,122.4,6,122.41,1,122.42,1,122.43,2,122.44,1,,,,,,,,,,
2020-10-29 09:30:43,122.38,122.39,1,122.3,2,122.46,1,122.46,122.3,122.3,2,122.29,3,122.28,4,122.27,15,122.26,4,122.25,3,122.18,2,122.17,5,122.16,1,122.15,15,122.46,1,122.47,1,122.48,8,,,,,,,,,,,,,,
2020-10-29 09:30:44,122.355,122.39,1,122.29,6,122.42,2,122.42,122.29,122.29,6,122.28,4,122.27,15,122.26,4,122.25,3,122.18,2,122.17,5,122.16,1,122.15,15,122.14,1,122.42,2,122.44,3,122.45,1,122.46,8,122.47,1,122.48,8,,,,,,,,
2020-10-29 09:30:46,122.36,122.39,1,122.3,3,122.42,1,122.42,122.3,122.3,3,122.29,7,122.28,4,122.27,15,122.26,4,122.25,3,122.18,2,122.17,5,122.16,1,122.15,15,122.42,1,122.44,3,122.45,1,122.46,8,122.47,1,122.48,8,,,,,,,,
2020-10-29 09:30:47,122.415,122.41,1,122.33,2,122.5,10,122.5,122.33,122.33,2,122.32,5,122.31,1,122.3,3,122.29,7,122.28,4,122.27,15,122.26,4,122.25,3,122.18,2,122.5,10,,,,,,,,,,,,,,,,,,
2020-10-29 09:30:47,122.415,122.42,1,122.34,1,122.49,11,122.49,122.34,122.34,1,122.33,7,122.32,5,122.31,1,122.3,3,122.29,7,122.28,4,122.27,15,122.26,4,122.25,3,122.49,11,122.5,10,,,,,,,,,,,,,,,,
2020-10-29 09:30:49,122.425,122.49,1,122.36,4,122.49,16,122.49,122.36,122.36,4,122.35,10,122.34,3,122.33,9,122.32,5,122.31,1,122.3,3,122.29,7,122.28,4,122.27,15,122.49,16,122.5,12,,,,,,,,,,,,,,,,
2020-10-29 09:30:50,122.425,122.48,2,122.36,11,122.49,1,122.49,122.36,122.36,11,122.35,10,122.34,3,122.33,9,122.32,5,122.31,1,122.3,3,122.29,7,122.28,4,122.27,15,122.49,1,122.5,12,,,,,,,,,,,,,,,,
2020-10-29 09:30:51,122.415,122.48,2,122.35,12,122.48,1,122.48,122.35,122.35,12,122.34,3,122.33,9,122.32,5,122.31,1,122.3,3,122.29,7,122.28,4,122.27,15,122.26,4,122.48,1,122.49,2,122.5,12,,,,,,,,,,,,,,
2020-10-29 09:30:51,122.415,122.48,2,122.35,12,122.48,1,122.48,122.35,122.35,12,122.34,3,122.33,9,122.32,5,122.31,1,122.3,3,122.29,7,122.28,4,122.27,15,122.26,4,122.48,1,122.49,2,122.5,12,,,,,,,,,,,,,,
2020-10-29 09:30:53,122.415,122.48,2,122.35,12,122.48,1,122.48,122.35,122.35,12,122.34,3,122.33,9,122.32,5,122.31,1,122.3,3,122.29,7,122.28,4,122.27,15,122.26,4,122.48,1,122.49,4,122.5,12,,,,,,,,,,,,,,
2020-10-29 09:30:54,122.415,122.48,1,122.35,13,122.48,3,122.48,122.35,122.35,13,122.34,3,122.33,9,122.32,5,122.31,1,122.3,3,122.29,7,122.28,4,122.27,15,122.26,4,122.48,3,122.49,4,122.5,12,,,,,,,,,,,,,,
2020-10-29 09:30:55,122.415,122.48,1,122.35,13,122.48,4,122.48,122.35,122.35,13,122.34,3,122.33,9,122.32,5,122.31,1,122.3,3,122.29,7,122.28,4,122.27,15,122.26,4,122.48,4,122.49,4,122.5,12,,,,,,,,,,,,,,
2020-10-29 09:30:56,122.425,122.48,1,122.37,3,122.48,10,122.48,122.37,122.37,3,122.36,1,122.35,13,122.34,3,122.33,9,122.32,5,122.31,1,122.3,3,122.29,7,122.28,4,122.48,10,122.49,4,122.5,12,,,,,,,,,,,,,,
2020-10-29 09:30:57,122.425,122.48,1,122.37,3,122.48,11,122.48,122.37,122.37,3,122.36,1,122.35,13,122.34,3,122.33,9,122.32,5,122.31,1,122.3,3,122.29,7,122.28,4,122.48,11,122.49,4,122.5,12,,,,,,,,,,,,,,
2020-10-29 09:30:58,122.425,122.48,1,122.37,3,122.48,10,122.48,122.37,122.37,3,122.36,1,122.35,13,122.34,3,122.33,9,122.32,5,122.31,1,122.3,3,122.29,7,122.28,4,122.48,10,122.49,4,122.5,12,,,,,,,,,,,,,,
2020-10-29 09:30:59,122.425,122.48,1,122.37,3,122.48,10,122.48,122.37,122.37,3,122.36,1,122.35,13,122.34,3,122.33,9,122.32,5,122.31,1,122.3,3,122.29,7,122.28,4,122.48,10,122.49,4,122.5,12,,,,,,,,,,,,,,
2020-10-29 09:31:00,122.425,122.48,1,122.37,3,122.48,10,122.48,122.37,122.37,3,122.36,1,122.35,13,122.34,3,122.33,9,122.32,5,122.31,1,122.3,3,122.29,7,122.28,4,122.48,10,122.49,4,122.5,12,,,,,,,,,,,,,,
2020-10-29 09:31:01,122.42,122.38,1,122.37,5,122.47,4,122.47,122.37,122.37,5,122.35,13,122.34,3,122.33,9,122.32,5,122.31,1,122.3,3,122.29,7,122.28,4,122.27,15,122.47,4,122.48,12,122.49,4,122.5,12,,,,,,,,,,,,
2020-10-29 09:31:02,122.415,122.38,1,122.37,4,122.46,7,122.46,122.37,122.37,4,122.35,13,122.34,3,122.33,9,122.32,5,122.31,1,122.3,3,122.29,7,122.28,4,122.27,15,122.46,7,122.47,4,122.48,12,122.49,4,122.5,12,,,,,,,,,,
2020-10-29 09:31:03,122.42,122.38,1,122.37,3,122.47,6,122.47,122.37,122.37,3,122.35,13,122.34,3,122.33,9,122.32,5,122.31,1,122.3,3,122.29,7,122.28,4,122.27,15,122.47,6,122.48,12,122.49,4,122.5,12,,,,,,,,,,,,
2020-10-29 09:31:04,122.41,122.36,1,122.36,2,122.46,7,122.46,122.36,122.36,2,122.35,13,122.34,3,122.33,9,122.32,5,122.31,1,122.3,3,122.29,7,122.28,4,122.27,15,122.46,7,122.47,7,122.48,12,122.49,4,122.5,12,,,,,,,,,,
2020-10-29 09:31:05,122.41,122.36,1,122.36,2,122.46,7,122.46,122.36,122.36,2,122.35,13,122.34,3,122.33,9,122.32,5,122.31,1,122.3,3,122.29,7,122.28,4,122.27,15,122.46,7,122.47,7,122.48,12,122.49,4,122.5,12,,,,,,,,,,
2020-10-29 09:31:06,122.395,122.39,1,122.36,4,122.43,2,122.43,122.36,122.36,4,122.35,13,122.34,3,122.33,9,122.32,5,122.31,1,122.3,3,122.29,7,122.28,4,122.27,15,122.43,2,122.47,1,122.5,12,,,,,,,,,,,,,,
2020-10-29 09:31:08,122.395,122.39,1,122.36,4,122.43,1,122.43,122.36,122.36,4,122.35,13,122.34,3,122.33,9,122.32,5,122.31,1,122.3,3,122.29,7,122.28,4,122.27,15,122.43,1,122.47,1,122.5,12,,,,,,,,,,,,,,
2020-10-29 09:31:09,122.4,122.39,1,122.34,5,122.46,3,122.46,122.34,122.34,5,122.33,9,122.32,5,122.31,1,122.3,3,122.29,7,122.28,4,122.27,15,122.26,4,122.25,3,122.46,3,122.47,2,122.5,11,,,,,,,,,,,,,,
2020-10-29 09:31:10,122.4,122.4,1,122.34,6,122.46,5,122.46,122.34,122.34,6,122.33,9,122.32,5,122.31,1,122.3,3,122.29,7,122.28,4,122.27,15,122.26,4,122.25,3,122.46,5,122.47,2,122.5,11,,,,,,,,,,,,,,
2020-10-29 09:31:11,122.385,122.4,1,122.31,3,122.46,5,122.46,122.31,122.31,3,122.3,3,122.29,7,122.28,4,122.27,15,122.26,4,122.25,3,122.18,2,122.17,5,122.16,1,122.46,5,122.47,2,122.5,11,,,,,,,,,,,,,,
2020-10-29 09:31:12,122.395,122.4,1,122.35,2,122.44,11,122.44,122.35,122.35,2,122.31,3,122.3,3,122.29,7,122.28,4,122.27,15,122.26,4,122.25,3,122.18,2,122.17,5,122.44,11,122.45,6,122.46,6,122.47,2,122.5,11,,,,,,,,,,
2020-10-29 09:31:13,122.41,122.44,1,122.37,2,122.45,5,122.45,122.37,122.37,2,122.35,2,122.31,3,122.3,3,122.29,7,122.28,4,122.27,15,122.26,4,122.25,3,122.18,2,122.45,5,122.46,8,122.47,2,122.5,11,,,,,,,,,,,,
2020-10-29 09:31:14,122.405,122.44,1,122.37,2,122.44,1,122.44,122.37,122.37,2,122.35,2,122.31,3,122.3,3,122.29,7,122.28,4,122.27,15,122.26,4,122.25,3,122.18,2,122.44,1,122.45,2,122.46,8,122.47,2,122.5,11,,,,,,,,,,
2020-10-29 09:31:15,122.41,122.41,1,122.37,2,122.45,2,122.45,122.37,122.37,2,122.35,2,122.31,3,122.3,3,122.29,7,122.28,4,122.27,15,122.26,4,122.25,3,122.18,2,122.45,2,122.46,8,122.47,2,122.5,11,,,,,,,,,,,,
2020-10-29 09:31:16,122.41,122.41,1,122.37,5,122.45,2,122.45,122.37,122.37,5,122.35,2,122.31,3,122.3,3,122.29,7,122.28,4,122.27,15,122.26,4,122.25,3,122.18,2,122.45,2,122.46,8,122.47,2,122.5,11,,,,,,,,,,,,
2020-10-29 09:31:17,122.405,122.41,1,122.37,5,122.44,1,122.44,122.37,122.37,5,122.35,2,122.31,3,122.3,3,122.29,7,122.28,4,122.27,15,122.26,4,122.25,3,122.18,2,122.44,1,122.45,2,122.46,8,122.47,2,122.5,11,,,,,,,,,,
2020-10-29 09:31:18,122.405,122.41,1,122.37,5,122.44,1,122.44,122.37,122.37,5,122.35,2,122.31,3,122.3,3,122.29,7,122.28,4,122.27,15,122.26,4,122.25,3,122.18,2,122.44,1,122.45,2,122.46,8,122.47,2,122.5,11,,,,,,,,,,
2020-10-29 09:31:19,122.41,122.41,1,122.37,5,122.45,2,122.45,122.37,122.37,5,122.35,2,122.31,3,122.3,3,122.29,7,122.28,4,122.27,15,122.26,4,122.25,3,122.18,2,122.45,2,122.46,8,122.47,2,122.5,11,,,,,,,,,,,,
2020-10-29 09:31:20,122.405,122.41,1,122.37,5,122.44,1,122.44,122.37,122.37,5,122.35,2,122.31,3,122.3,3,122.29,7,122.28,4,122.27,15,122.26,4,122.25,3,122.18,2,122.44,1,122.45,3,122.46,8,122.47,2,122.5,11,,,,,,,,,,
2020-10-29 09:31:21,122.41,122.44,25,122.37,5,122.45,4,122.45,122.37,122.37,5,122.35,2,122.31,3,122.3,3,122.29,7,122.28,4,122.27,15,122.26,4,122.25,3,122.18,2,122.45,4,122.46,8,122.47,2,122.5,11,,,,,,,,,,,,
2020-10-29 09:31:22,122.405,122.44,25,122.37,5,122.44,2,122.44,122.37,122.37,5,122.35,2,122.31,3,122.3,3,122.29,7,122.28,4,122.27,15,122.26,4,122.25,3,122.18,2,122.44,2,122.45,4,122.46,8,122.47,2,122.5,11,,,,,,,,,,
2020-10-29 09:31:23,122.405,122.44,25,122.37,5,122.44,3,122.44,122.37,122.37,5,122.35,2,122.31,3,122.3,3,122.29,7,122.28,4,122.27,15,122.26,4,122.25,3,122.18,2,122.44,3,122.45,4,122.46,8,122.47,2,122.5,11,,,,,,,,,,
2020-10-29 09:31:24,122.405,122.44,25,122.37,5,122.44,3,122.44,122.37,122.37,5,122.35,2,122.31,3,122.3,3,122.29,7,122.28,4,122.27,15,122.26,4,122.25,3,122.18,2,122.44,3,122.45,4,122.46,8,122.47,2,122.5,11,,,,,,,,,,
2020-10-29 09:31:25,122.355,122.35,1,122.31,6,122.4,5,122.4,122.31,122.31,6,122.3,3,122.29,7,122.28,4,122.27,15,122.26,4,122.25,3,122.18,2,122.17,5,122.16,1,122.4,5,122.41,4,122.43,2,122.44,3,122.45,4,122.46,8,122.47,2,122.5,11,,,,
2020-10-29 09:31:26,122.305,122.29,1,122.26,1,122.35,3,122.35,122.26,122.26,1,122.25,1,122.23,5,122.18,2,122.17,5,122.16,1,122.15,15,122.14,1,122.1,9,122.09,3,122.35,3,122.36,2,122.37,1,122.38,2,122.39,2,122.4,5,122.41,4,122.43,2,122.44,3,122.45,4
2020-10-29 09:31:27,122.305,122.29,1,122.26,1,122.35,3,122.35,122.26,122.26,1,122.25,1,122.23,5,122.18,2,122.17,5,122.16,1,122.15,15,122.14,1,122.1,9,122.09,3,122.35,3,122.36,2,122.37,1,122.38,2,122.39,2,122.4,5,122.41,4,122.43,2,122.44,3,122.45,4
2020-10-29 09:31:28,122.265,122.26,1,122.22,2,122.31,2,122.31,122.22,122.22,2,122.21,2,122.18,2,122.17,5,122.16,1,122.15,15,122.14,1,122.1,9,122.09,3,122.03,3,122.31,2,122.32,2,122.33,1,122.35,3,122.36,2,122.37,1,122.38,2,122.39,2,122.4,5,122.41,4
2020-10-29 09:31:29,122.255,122.26,1,122.22,2,122.29,4,122.29,122.22,122.22,2,122.21,2,122.18,2,122.17,5,122.16,1,122.15,15,122.14,1,122.1,9,122.09,3,122.03,3,122.29,4,122.31,1,122.32,3,122.33,1,122.35,3,122.36,2,122.37,1,122.38,2,122.39,2,122.4,5
2020-10-29 09:31:30,122.25,122.26,1,122.21,4,122.29,4,122.29,122.21,122.21,4,122.18,2,122.17,5,122.16,1,122.15,15,122.14,1,122.1,9,122.09,3,122.03,3,122.02,5,122.29,4,122.31,1,122.32,3,122.33,1,122.35,3,122.36,2,122.37,1,122.38,2,122.39,2,122.4,5
2020-10-29 09:31:31,122.25,122.26,1,122.21,4,122.29,4,122.29,122.21,122.21,4,122.18,2,122.17,5,122.16,1,122.15,15,122.14,1,122.1,9,122.09,3,122.03,3,122.02,5,122.29,4,122.31,1,122.32,3,122.33,1,122.35,3,122.36,2,122.37,1,122.38,2,122.39,2,122.4,5
2020-10-29 09:31:32,122.215,122.21,1,122.17,6,122.26,2,122.26,122.17,122.17,6,122.16,1,122.15,15,122.14,1,122.1,9,122.09,3,122.03,3,122.02,5,122.01,2,,,122.26,2,122.29,8,122.31,1,122.32,3,122.33,1,122.35,3,122.36,2,122.37,1,122.38,2,122.39,2
2020-10-29 09:31:33,122.22,122.21,1,122.18,2,122.26,2,122.26,122.18,122.18,2,122.17,6,122.16,1,122.15,15,122.14,1,122.1,9,122.09,3,122.03,3,122.02,5,122.01,2,122.26,2,122.29,8,122.31,1,122.32,3,122.33,1,122.35,3,122.36,2,122.37,1,122.38,2,122.39,2
2020-10-29 09:31:34,122.21,122.21,1,122.16,2,122.26,4,122.26,122.16,122.16,2,122.15,15,122.14,1,122.1,9,122.09,3,122.03,3,122.02,5,122.01,2,,,,,122.26,4,122.29,8,122.31,1,122.32,3,122.33,1,122.35,3,122.36,2,122.37,1,122.38,2,122.39,2
2020-10-29 09:31:35,122.205,122.21,1,122.16,2,122.25,7,122.25,122.16,122.16,2,122.15,15,122.14,1,122.1,9,122.09,3,122.03,3,122.02,5,122.01,2,,,,,122.25,7,122.26,4,122.29,8,122.31,1,122.32,3,122.33,1,122.35,3,122.36,2,122.37,1,122.38,2
2020-10-29 09:31:36,122.225,122.21,1,122.19,1,122.26,6,122.26,122.19,122.19,1,122.16,2,122.15,15,122.14,1,122.1,9,122.09,3,122.03,3,122.02,5,122.01,2,,,122.26,6,122.29,8,122.31,1,122.32,3,122.33,1,122.35,3,122.36,2,122.37,1,122.38,2,122.39,2
2020-10-29 09:31:37,122.21,122.21,1,122.17,3,122.25,4,122.25,122.17,122.17,3,122.16,2,122.15,15,122.14,1,122.1,9,122.09,3,122.03,3,122.02,5,122.01,2,,,122.25,4,122.26,6,122.29,8,122.31,1,122.32,3,122.33,1,122.35,3,122.36,2,122.37,1,122.38,2
2020-10-29 09:31:38,122.205,122.17,2,122.17,1,122.24,1,122.24,122.17,122.17,1,122.16,2,122.15,15,122.14,1,122.1,9,122.09,3,122.03,3,122.02,5,122.01,2,,,122.24,1,122.25,4,122.26,6,122.29,8,122.31,1,122.32,3,122.33,1,122.35,3,122.36,2,122.37,1
2020-10-29 09:31:39,122.205,122.17,2,122.17,2,122.24,1,122.24,122.17,122.17,2,122.16,2,122.15,15,122.14,1,122.1,9,122.09,3,122.03,3,122.02,5,122.01,2,,,122.24,1,122.25,4,122.26,6,122.29,8,122.31,1,122.32,3,122.33,1,122.35,3,122.36,2,122.37,1
2020-10-29 09:31:40,122.195,122.17,1,122.16,2,122.23,3,122.23,122.16,122.16,2,122.15,15,122.14,1,122.1,9,122.09,3,122.03,3,122.02,5,122.01,2,,,,,122.23,3,122.24,1,122.25,4,122.26,6,122.29,8,122.31,1,122.32,3,122.33,1,122.35,3,122.36,2
2020-10-29 09:31:41,122.2,122.23,1,122.16,5,122.24,1,122.24,122.16,122.16,5,122.15,15,122.14,1,122.1,9,122.09,3,122.03,3,122.02,5,122.01,2,,,,,122.24,1,122.25,4,122.26,6,122.29,8,122.31,1,122.32,3,122.33,1,122.35,3,122.36,2,122.37,1
2020-10-29 09:31:42,122.2,122.23,1,122.16,5,122.24,2,122.24,122.16,122.16,5,122.15,15,122.14,1,122.1,9,122.09,3,122.03,3,122.02,5,122.01,2,,,,,122.24,2,122.25,4,122.26,6,122.29,8,122.31,1,122.32,3,122.33,1,122.35,3,122.36,2,122.37,1
2020-10-29 09:31:43,122.2,122.23,1,122.16,7,122.24,3,122.24,122.16,122.16,7,122.15,15,122.14,1,122.1,9,122.09,3,122.03,3,122.02,5,122.01,2,,,,,122.24,3,122.25,4,122.26,6,122.29,8,122.31,1,122.32,3,122.33,1,122.35,3,122.36,2,122.37,1
2020-10-29 09:31:44,122.205,122.23,1,122.17,1,122.24,5,122.24,122.17,122.17,1,122.16,7,122.15,15,122.14,1,122.1,9,122.09,3,122.03,3,122.02,5,122.01,2,,,122.24,5,122.25,4,122.26,6,122.29,8,122.31,1,122.32,3,122.33,1,122.35,3,122.36,2,122.37,1
2020-10-29 09:31:45,122.215,122.2,1,122.17,2,122.26,7,122.26,122.17,122.17,2,122.16,7,122.15,15,122.14,1,122.1,9,122.09,3,122.03,3,122.02,5,122.01,2,,,122.26,7,122.29,8,122.31,1,122.32,3,122.33,1,122.35,3,122.36,2,122.37,1,122.38,2,122.39,2
2020-10-29 09:31:46,122.215,122.2,1,122.17,2,122.26,7,122.26,122.17,122.17,2,122.16,7,122.15,15,122.14,1,122.1,9,122.09,3,122.03,3,122.02,5,122.01,2,,,122.26,7,122.29,8,122.31,1,122.32,3,122.33,1,122.35,3,122.36,2,122.37,1,122.38,2,122.39,2
2020-10-29 09:31:47,122.165,122.16,1,122.13,2,122.2,1,122.2,122.13,122.13,2,122.1,9,122.09,3,122.03,3,122.02,5,122.01,2,,,,,,,,,122.2,1,122.21,1,122.22,2,122.23,2,122.26,7,122.29,8,122.31,1,122.32,3,122.33,1,122.35,3
2020-10-29 09:31:48,122.165,122.16,1,122.13,2,122.2,1,122.2,122.13,122.13,2,122.1,9,122.09,3,122.03,3,122.02,5,122.01,2,,,,,,,,,122.2,1,122.21,1,122.22,2,122.23,2,122.26,7,122.29,8,122.31,1,122.32,3,122.33,1,122.35,3
2020-10-29 09:31:49,122.165,122.16,1,122.13,2,122.2,1,122.2,122.13,122.13,2,122.1,9,122.09,3,122.03,3,122.02,5,122.01,2,,,,,,,,,122.2,1,122.21,1,122.22,2,122.23,2,122.26,7,122.29,8,122.31,1,122.32,3,122.33,1,122.35,3
2020-10-29 09:31:50,122.165,122.16,1,122.13,2,122.2,1,122.2,122.13,122.13,2,122.1,9,122.09,3,122.03,3,122.02,5,122.01,2,,,,,,,,,122.2,1,122.21,1,122.22,2,122.23,2,122.26,7,122.29,8,122.31,1,122.32,3,122.33,1,122.35,3
2020-10-29 09:31:51,122.165,122.16,1,122.13,2,122.2,1,122.2,122.13,122.13,2,122.1,9,122.09,3,122.03,3,122.02,5,122.01,2,,,,,,,,,122.2,1,122.21,1,122.22,2,122.23,2,122.26,7,122.29,8,122.31,1,122.32,3,122.33,1,122.35,3
2020-10-29 09:31:52,122.165,122.16,1,122.13,2,122.2,1,122.2,122.13,122.13,2,122.1,9,122.09,3,122.03,3,122.02,5,122.01,2,,,,,,,,,122.2,1,122.21,1,122.22,2,122.23,2,122.26,7,122.29,8,122.31,1,122.32,3,122.33,1,122.35,3
2020-10-29 09:31:53,122.145,122.09,1,122.1,1,122.19,1,122.19,122.1,122.1,1,122.09,12,122.08,5,122.03,3,122.02,5,122.01,2,,,,,,,,,122.19,1,122.2,3,122.21,1,122.22,2,122.23,2,122.26,7,122.29,8,122.31,1,122.32,3,122.33,1
2020-10-29 09:31:54,122.15,122.09,1,122.1,1,122.2,3,122.2,122.1,122.1,1,122.09,12,122.08,5,122.03,3,122.02,5,122.01,2,,,,,,,,,122.2,3,122.21,1,122.22,2,122.23,2,122.26,7,122.29,8,122.31,1,122.32,3,122.33,1,122.35,3
2020-10-29 09:31:55,122.15,122.09,1,122.1,1,122.2,3,122.2,122.1,122.1,1,122.09,12,122.08,5,122.03,3,122.02,5,122.01,2,,,,,,,,,122.2,3,122.21,1,122.22,2,122.23,2,122.26,7,122.29,8,122.31,1,122.32,3,122.33,1,122.35,3
2020-10-29 09:31:56,122.075,122.12,2,122.03,5,122.12,5,122.12,122.03,122.03,5,122.02,5,122.01,2,,,,,,,,,,,,,,,122.12,5,122.13,3,122.16,2,122.17,7,122.18,5,122.19,1,122.22,3,122.23,2,122.26,7,122.29,8
2020-10-29 09:31:57,122.09,122.07,1,122.06,1,122.12,5,122.12,122.06,122.06,1,122.04,1,122.03,5,122.02,5,122.01,2,,,,,,,,,,,122.12,5,122.13,3,122.16,2,122.17,7,122.18,5,122.19,1,122.22,3,122.23,2,122.26,7,122.29,8
2020-10-29 09:31:58,122.065,122.08,2,122.03,1,122.11,5,122.11,122.03,122.02,5,122.01,2,,,,,,,,,,,,,,,,,122.11,5,122.12,5,122.13,3,122.16,2,122.17,7,122.18,5,122.19,1,122.22,3,122.23,2,122.26,7
2020-10-29 09:31:59,122.07,122.08,2,122.03,1,122.11,5,122.11,122.03,122.03,1,122.02,5,122.01,2,,,,,,,,,,,,,,,122.11,5,122.12,5,122.13,3,122.16,2,122.17,7,122.18,5,122.19,1,122.22,3,122.23,2,122.26,7
2020-10-29 09:32:00,122.075,122.08,2,122.04,1,122.11,4,122.11,122.04,122.04,1,122.03,2,122.02,5,122.01,2,,,,,,,,,,,,,122.11,4,122.12,5,122.13,3,122.16,2,122.17,7,122.18,5,122.19,1,122.22,3,122.23,2,122.26,7
2020-10-29 09:32:01,122.075,122.07,2,122.04,1,122.11,4,122.11,122.04,122.04,1,122.03,2,122.02,5,122.01,2,,,,,,,,,,,,,122.11,4,122.12,5,122.13,3,122.16,2,122.17,7,122.18,5,122.19,1,122.22,3,122.23,2,122.26,7
2020-10-29 09:32:02,122.075,122.08,1,122.04,1,122.11,4,122.11,122.04,122.04,1,122.03,2,122.02,5,122.01,2,,,,,,,,,,,,,122.11,4,122.12,5,122.13,3,122.16,2,122.17,7,122.18,5,122.19,1,122.22,3,122.23,2,122.26,7
2020-10-29 09:32:03,122.15,122.15,1,122.1,5,122.2,2,122.2,122.1,122.1,5,122.09,1,122.08,1,122.07,1,122.06,1,122.05,2,122.04,1,122.03,2,122.02,5,122.01,2,122.2,2,122.22,3,122.23,2,122.26,7,122.29,8,122.31,1,122.32,3,122.33,1,122.35,3,122.36,2
2020-10-29 09:32:04,122.165,122.15,1,122.1,6,122.23,3,122.23,122.1,122.1,6,122.09,1,122.08,1,122.07,1,122.06,1,122.05,2,122.04,1,122.03,2,122.02,5,122.01,2,122.23,3,122.26,7,122.29,8,122.31,1,122.32,3,122.33,1,122.35,3,122.36,2,122.37,1,122.38,2
2020-10-29 09:32:05,122.17,122.15,1,122.1,7,122.24,1,122.24,122.1,122.1,7,122.09,1,122.08,1,122.07,1,122.06,1,122.05,2,122.04,1,122.03,2,122.02,5,122.01,2,122.24,1,122.26,7,122.29,8,122.31,1,122.32,3,122.33,1,122.35,3,122.36,2,122.37,1,122.38,2
2020-10-29 09:32:06,122.17,122.15,1,122.1,7,122.24,1,122.24,122.1,122.1,7,122.09,1,122.08,1,122.07,1,122.06,1,122.05,2,122.04,1,122.03,2,122.02,5,122.01,2,122.24,1,122.26,7,122.29,8,122.31,1,122.32,3,122.33,1,122.35,3,122.36,2,122.37,1,122.38,2
2020-10-29 09:32:07,122.145,122.15,1,122.09,2,122.2,2,122.2,122.09,122.09,2,122.08,1,122.07,1,122.06,1,122.05,2,122.04,1,122.03,2,122.02,5,122.01,2,,,122.2,2,122.24,1,122.26,7,122.29,8,122.31,1,122.32,3,122.33,1,122.35,3,122.36,2,122.37,1
2020-10-29 09:32:08,122.145,122.15,1,122.09,2,122.2,2,122.2,122.09,122.09,2,122.08,1,122.07,1,122.06,1,122.05,2,122.04,1,122.03,2,122.02,5,122.01,2,,,122.2,2,122.24,1,122.26,7,122.29,8,122.31,1,122.32,3,122.33,1,122.35,3,122.36,2,122.37,1
2020-10-29 09:32:09,122.15,122.15,1,122.1,2,122.2,2,122.2,122.1,122.1,2,122.09,4,122.08,1,122.07,1,122.06,1,122.05,2,122.04,1,122.03,2,122.02,5,122.01,2,122.2,2,122.24,1,122.26,7,122.29,8,122.31,1,122.32,3,122.33,1,122.35,3,122.36,2,122.37,1
2020-10-29 09:32:10,122.15,122.15,1,122.1,3,122.2,2,122.2,122.1,122.1,3,122.09,4,122.08,1,122.07,1,122.06,1,122.05,2,122.04,1,122.03,2,122.02,5,122.01,2,122.2,2,122.24,1,122.26,7,122.29,8,122.31,1,122.32,3,122.33,1,122.35,3,122.36,2,122.37,1
2020-10-29 09:32:11,122.15,122.15,1,122.1,3,122.2,2,122.2,122.1,122.1,3,122.09,4,122.08,1,122.07,1,122.06,1,122.05,2,122.04,1,122.03,2,122.02,5,122.01,2,122.2,2,122.24,1,122.26,7,122.29,8,122.31,1,122.32,3,122.33,1,122.35,3,122.36,2,122.37,1
2020-10-29 09:32:12,122.105,122.1,1,122.06,1,122.15,9,122.15,122.06,122.06,1,122.05,2,122.04,2,122.03,2,122.02,5,122.01,2,,,,,,,,,122.15,9,122.19,2,122.2,2,122.24,1,122.26,7,122.29,8,122.31,1,122.32,3,122.33,1,122.35,3
2020-10-29 09:32:13,122.14,122.1,1,122.08,1,122.2,3,122.2,122.08,122.08,1,122.07,4,122.06,10,122.05,2,122.04,2,122.03,2,122.02,5,122.01,2,,,,,122.2,3,122.24,1,122.26,7,122.29,8,122.31,1,122.32,3,122.33,1,122.35,3,122.36,2,122.37,1
2020-10-29 09:32:14,122.145,122.1,1,122.09,2,122.2,3,122.2,122.09,122.09,2,122.08,3,122.07,4,122.06,10,122.05,2,122.04,2,122.03,2,122.02,5,122.01,2,,,122.2,3,122.24,1,122.26,7,122.29,8,122.31,1,122.32,3,122.33,1,122.35,3,122.36,2,122.37,1
2020-10-29 09:32:15,122.14,122.1,1,122.08,3,122.2,3,122.2,122.08,122.08,3,122.07,4,122.06,10,122.05,2,122.04,2,122.03,2,122.02,5,122.01,2,,,,,122.2,3,122.24,1,122.26,7,122.29,8,122.31,1,122.32,3,122.33,1,122.35,3,122.36,2,122.37,1
2020-10-29 09:32:16,122.09,122.05,1,122.04,5,122.14,2,122.14,122.04,122.04,5,122.02,5,122.01,2,,,,,,,,,,,,,,,122.14,2,122.17,1,122.18,1,122.19,3,122.2,3,122.24,1,122.26,7,122.29,8,122.31,1,122.32,3
2020-10-29 09:32:17,122.08,122.05,1,122.02,6,122.14,2,122.14,122.02,122.02,6,122.01,2,,,,,,,,,,,,,,,,,122.14,2,122.17,1,122.18,1,122.19,3,122.2,3,122.24,1,122.26,7,122.29,8,122.31,1,122.32,3
2020-10-29 09:32:18,122.035,122.04,1,122.0,13,122.07,2,122.07,122.0,122.0,13,,,,,,,,,,,,,,,,,,,122.07,2,122.09,2,122.12,1,122.14,2,122.17,1,122.18,1,122.19,3,122.2,3,122.24,1,122.26,7
2020-10-29 09:32:19,122.035,122.04,1,122.0,13,122.07,2,122.07,122.0,122.0,13,,,,,,,,,,,,,,,,,,,122.07,2,122.09,2,122.12,1,122.14,2,122.17,1,122.18,1,122.19,3,122.2,3,122.24,1,122.26,7
2020-10-29 09:32:20,121.995,122.02,1,121.93,2,122.06,6,122.06,121.93,121.93,2,121.92,5,,,,,,,,,,,,,,,,,122.06,6,122.07,2,122.09,2,122.12,1,122.14,2,122.17,1,122.18,1,122.19,3,122.2,3,122.24,1
2020-10-29 09:32:21,122.03,121.93,18,122.0,2,122.06,1,122.06,122.0,122.0,2,121.94,1,121.93,2,121.92,5,,,,,,,,,,,,,122.06,1,122.07,5,122.09,2,122.12,1,122.14,2,122.17,1,122.18,1,122.19,3,122.2,3,122.24,1
2020-10-29 09:32:22,121.985,122.0,2,121.93,2,122.04,3,122.04,121.93,121.93,2,121.92,5,,,,,,,,,,,,,,,,,122.04,3,122.05,1,122.06,3,122.07,5,122.09,2,122.12,1,122.14,2,122.17,1,122.18,1,122.19,3
2020-10-29 09:32:23,121.985,122.0,2,121.93,2,122.04,3,122.04,121.93,121.93,2,121.92,5,,,,,,,,,,,,,,,,,122.04,3,122.05,1,122.06,3,122.07,5,122.09,2,122.12,1,122.14,2,122.17,1,122.18,1,122.19,3
2020-10-29 09:32:24,121.985,122.0,2,121.93,2,122.04,3,122.04,121.93,121.93,2,121.92,5,,,,,,,,,,,,,,,,,122.04,3,122.05,1,122.06,3,122.07,5,122.09,2,122.12,1,122.14,2,122.17,1,122.18,1,122.19,3
2020-10-29 09:32:25,121.985,122.0,2,121.93,2,122.04,8,122.04,121.93,121.93,2,121.92,5,,,,,,,,,,,,,,,,,122.04,8,122.05,1,122.06,3,122.07,5,122.09,2,122.12,1,122.14,2,122.17,1,122.18,1,122.19,3
2020-10-29 09:32:26,121.985,122.0,2,121.93,4,122.04,8,122.04,121.93,121.93,4,121.92,5,,,,,,,,,,,,,,,,,122.04,8,122.05,1,122.06,3,122.07,5,122.09,2,122.12,1,122.14,2,122.17,1,122.18,1,122.19,3
2020-10-29 09:32:27,121.985,122.0,2,121.93,4,122.04,8,122.04,121.93,121.93,4,121.92,5,,,,,,,,,,,,,,,,,122.04,8,122.05,1,122.06,3,122.07,5,122.09,2,122.12,1,122.14,2,122.17,1,122.18,1,122.19,3
2020-10-29 09:32:28,121.985,122.0,2,121.93,4,122.04,8,122.04,121.93,121.93,4,121.92,5,,,,,,,,,,,,,,,,,122.04,8,122.05,1,122.06,3,122.07,5,122.09,2,122.12,1,122.14,2,122.17,1,122.18,1,122.19,3
2020-10-29 09:32:29,121.985,122.0,2,121.93,4,122.04,9,122.04,121.93,121.93,4,121.92,5,,,,,,,,,,,,,,,,,122.04,9,122.05,1,122.06,3,122.07,5,122.09,2,122.12,1,122.14,2,122.17,1,122.18,1,122.19,3
2020-10-29 09:32:30,121.985,122.0,2,121.93,5,122.04,9,122.04,121.93,121.93,5,121.92,5,,,,,,,,,,,,,,,,,122.04,9,122.05,1,122.06,3,122.07,5,122.09,2,122.12,1,122.14,2,122.17,1,122.18,1,122.19,3
2020-10-29 09:32:31,121.975,122.0,2,121.93,5,122.02,5,122.02,121.93,121.93,5,121.92,5,,,,,,,,,,,,,,,,,122.02,5,122.03,6,122.04,10,122.05,1,122.06,3,122.07,5,122.09,2,122.12,1,122.14,2,122.17,1
2020-10-29 09:32:32,121.975,122.0,2,121.93,5,122.02,6,122.02,121.93,121.93,5,121.92,5,,,,,,,,,,,,,,,,,122.02,6,122.03,6,122.04,10,122.05,1,122.06,3,122.07,5,122.09,2,122.12,1,122.14,2,122.17,1
2020-10-29 09:32:33,121.975,122.0,2,121.93,5,122.02,6,122.02,121.93,121.93,5,121.92,5,,,,,,,,,,,,,,,,,122.02,6,122.03,6,122.04,10,122.05,1,122.06,3,122.07,5,122.09,2,122.12,1,122.14,2,122.17,1
2020-10-29 09:32:34,121.975,122.0,2,121.93,7,122.02,6,122.02,121.93,121.93,7,121.92,5,,,,,,,,,,,,,,,,,122.02,6,122.03,6,122.04,10,122.05,1,122.06,3,122.07,5,122.09,2,122.12,1,122.14,2,122.17,1
2020-10-29 09:32:35,121.975,122.0,2,121.93,9,122.02,6,122.02,121.93,121.93,9,121.92,5,,,,,,,,,,,,,,,,,122.02,6,122.03,6,122.04,10,122.05,1,122.06,3,122.07,5,122.09,2,122.12,1,122.14,2,122.17,1
2020-10-29 09:32:36,121.975,122.0,2,121.93,9,122.02,6,122.02,121.93,121.93,9,121.92,5,,,,,,,,,,,,,,,,,122.02,6,122.03,6,122.04,10,122.05,1,122.06,3,122.07,5,122.09,2,122.12,1,122.14,2,122.17,1
2020-10-29 09:32:37,122.09,122.04,1,122.04,7,122.14,6,122.14,122.04,122.04,7,121.99,1,121.98,1,121.97,1,121.93,9,121.92,5,,,,,,,,,122.14,6,122.17,1,122.18,1,122.19,3,122.2,3,122.24,1,122.26,7,122.29,8,122.31,1,122.32,3
2020-10-29 09:32:38,122.09,122.04,1,122.04,7,122.14,7,122.14,122.04,122.04,7,121.99,1,121.98,1,121.97,1,121.93,9,121.92,5,,,,,,,,,122.14,7,122.17,1,122.18,1,122.19,3,122.2,3,122.24,1,122.26,7,122.29,8,122.31,1,122.32,3
2020-10-29 09:32:39,122.05,122.04,1,122.0,1,122.1,13,122.1,122.0,122.0,1,121.99,2,121.98,1,121.97,1,121.93,9,121.92,5,,,,,,,,,122.1,13,122.11,5,122.13,6,122.14,7,122.17,1,122.18,1,122.19,3,122.2,3,122.24,1,122.26,7
2020-10-29 09:32:40,121.99,121.97,1,121.95,3,122.03,2,122.03,121.95,121.95,3,121.93,9,121.92,5,,,,,,,,,,,,,,,122.03,2,122.06,1,122.07,1,122.08,2,122.09,3,122.1,16,122.11,5,122.13,6,122.14,7,122.17,1
2020-10-29 09:32:41,121.995,121.95,1,121.93,8,122.06,4,122.06,121.93,121.93,8,121.92,5,,,,,,,,,,,,,,,,,122.06,4,122.07,3,122.08,1,122.09,3,122.1,16,122.11,5,122.13,6,122.14,7,122.17,1,122.18,1
2020-10-29 09:32:42,122.0,122.0,2,121.94,1,122.06,6,122.06,121.94,121.94,1,121.93,7,121.92,5,,,,,,,,,,,,,,,122.06,6,122.07,3,122.08,1,122.09,3,122.1,16,122.11,5,122.13,6,122.14,7,122.17,1,122.18,1
2020-10-29 09:32:43,122.0,122.0,2,121.94,3,122.06,6,122.06,121.94,121.94,3,121.93,7,121.92,5,,,,,,,,,,,,,,,122.06,6,122.07,3,122.08,1,122.09,3,122.1,16,122.11,5,122.13,6,122.14,7,122.17,1,122.18,1
2020-10-29 09:32:44,122.0,121.94,1,121.94,2,122.06,17,122.06,121.94,121.94,2,121.93,7,121.92,5,,,,,,,,,,,,,,,122.06,17,122.07,3,122.08,1,122.09,3,122.1,16,122.11,5,122.13,6,122.14,7,122.17,1,122.18,1
2020-10-29 09:32:45,121.915,121.89,1,121.89,1,121.94,1,121.94,121.89,121.89,1,121.88,1,121.87,2,,,,,,,,,,,,,,,121.94,1,121.99,3,122.06,17,122.07,3,122.08,1,122.09,3,122.1,16,122.11,5,122.13,6,122.14,7
2020-10-29 09:32:47,121.995,122.05,1,121.93,1,122.06,17,122.06,121.93,121.93,1,121.92,1,121.91,2,121.9,2,121.89,1,121.88,2,121.87,2,,,,,,,122.06,17,122.07,3,122.08,1,122.09,3,122.1,16,122.11,5,122.13,6,122.14,7,122.17,1,122.18,1
2020-10-29 09:32:47,122.04,122.04,1,122.0,3,122.08,3,122.08,122.0,122.0,3,121.99,12,121.98,1,121.97,1,121.96,1,121.91,4,121.9,2,121.89,1,121.88,2,121.87,2,122.08,3,122.09,10,122.1,16,122.11,5,122.13,6,122.14,7,122.17,1,122.18,1,122.19,3,122.2,3
2020-10-29 09:32:48,122.04,122.04,1,122.0,3,122.08,3,122.08,122.0,122.0,3,121.99,12,121.98,1,121.97,1,121.96,1,121.91,4,121.9,2,121.89,1,121.88,2,121.87,2,122.08,3,122.09,10,122.1,16,122.11,5,122.13,6,122.14,7,122.17,1,122.18,1,122.19,3,122.2,3
2020-10-29 09:32:49,122.045,122.04,1,122.01,3,122.08,5,122.08,122.01,122.01,3,121.96,1,121.91,4,121.9,2,121.89,1,121.88,2,121.87,2,,,,,,,122.08,5,122.09,10,122.1,16,122.11,5,122.13,6,122.14,7,122.17,1,122.18,1,122.19,3,122.2,3
2020-10-29 09:32:50,122.045,122.04,1,122.01,3,122.08,5,122.08,122.01,122.01,3,121.96,1,121.91,4,121.9,2,121.89,1,121.88,2,121.87,2,,,,,,,122.08,5,122.09,10,122.1,16,122.11,5,122.13,6,122.14,7,122.17,1,122.18,1,122.19,3,122.2,3
2020-10-29 09:32:52,122.05,122.05,1,122.02,3,122.08,5,122.08,122.02,122.02,3,122.01,4,121.96,1,121.91,4,121.9,2,121.89,1,121.88,2,121.87,2,,,,,122.08,5,122.09,10,122.1,16,122.11,5,122.13,6,122.14,7,122.17,1,122.18,1,122.19,3,122.2,3
2020-10-29 09:32:52,122.045,122.05,1,122.01,4,122.08,5,122.08,122.01,122.01,4,121.96,1,121.91,4,121.9,2,121.89,1,121.88,2,121.87,2,,,,,,,122.08,5,122.09,10,122.1,16,122.11,5,122.13,6,122.14,7,122.17,1,122.18,1,122.19,3,122.2,3
2020-10-29 09:32:53,121.99,121.99,1,121.95,3,122.03,1,122.03,121.95,121.95,3,121.94,1,121.93,4,121.91,4,121.9,2,121.89,1,121.88,2,121.87,2,,,,,122.03,1,122.04,3,122.05,2,122.06,7,122.07,1,122.08,5,122.09,10,122.1,16,122.11,5,122.13,6
2020-10-29 09:32:54,121.99,121.99,1,121.95,3,122.03,1,122.03,121.95,121.95,3,121.94,1,121.93,4,121.91,4,121.9,2,121.89,1,121.88,2,121.87,2,,,,,122.03,1,122.04,3,122.05,2,122.06,7,122.07,1,122.08,5,122.09,10,122.1,16,122.11,5,122.13,6
2020-10-29 09:32:55,121.99,122.02,1,121.95,3,122.03,3,122.03,121.95,121.95,3,121.94,1,121.93,4,121.91,4,121.9,2,121.89,1,121.88,2,121.87,2,,,,,122.03,3,122.04,3,122.05,2,122.06,7,122.07,1,122.08,5,122.09,10,122.1,16,122.11,5,122.13,6
2020-10-29 09:32:57,121.99,122.02,1,121.95,3,122.03,3,122.03,121.95,121.95,3,121.94,1,121.93,4,121.91,4,121.9,2,121.89,1,121.88,2,121.87,2,,,,,122.03,3,122.04,3,122.05,2,122.06,7,122.07,1,122.08,5,122.09,10,122.1,16,122.11,5,122.13,6
2020-10-29 09:32:57,121.97,121.95,1,121.91,2,122.03,3,122.03,121.91,121.91,2,121.9,2,121.89,1,121.88,2,121.87,2,,,,,,,,,,,122.03,3,122.04,3,122.05,2,122.06,7,122.07,1,122.08,5,122.09,10,122.1,16,122.11,5,122.13,6
2020-10-29 09:32:59,121.97,121.95,1,121.91,2,122.03,3,122.03,121.91,121.91,2,121.9,2,121.89,1,121.88,2,121.87,2,,,,,,,,,,,122.03,3,122.04,3,122.05,2,122.06,7,122.07,1,122.08,5,122.09,10,122.1,16,122.11,5,122.13,6
2020-10-29 09:33:00,121.97,121.95,1,121.91,2,122.03,3,122.03,121.91,121.91,2,121.9,2,121.89,1,121.88,2,121.87,2,,,,,,,,,,,122.03,3,122.04,3,122.05,2,122.06,7,122.07,1,122.08,5,122.09,10,122.1,16,122.11,5,122.13,6
2020-10-29 09:33:01,121.96,121.9,2,121.91,2,122.01,9,122.01,121.91,121.91,2,121.9,8,121.89,1,121.88,2,121.87,2,,,,,,,,,,,122.01,9,122.02,1,122.03,3,122.04,3,122.05,2,122.06,7,122.07,1,122.08,5,122.09,10,122.1,16
2020-10-29 09:33:02,121.955,121.9,2,121.91,2,122.0,3,122.0,121.91,121.91,2,121.9,8,121.89,1,121.88,2,121.87,2,,,,,,,,,,,122.0,3,122.01,11,122.02,1,122.03,3,122.04,3,122.05,2,122.06,7,122.07,1,122.08,5,122.09,10
2020-10-29 09:33:03,121.95,121.95,1,121.91,2,121.99,3,121.99,121.91,121.91,2,121.9,8,121.89,1,121.88,2,121.87,2,,,,,,,,,,,121.99,3,122.0,2,122.01,11,122.02,1,122.03,3,122.04,3,122.05,2,122.06,7,122.07,1,122.08,5
2020-10-29 09:33:04,121.95,121.95,1,121.91,2,121.99,3,121.99,121.91,121.91,2,121.9,8,121.89,1,121.88,2,121.87,2,,,,,,,,,,,121.99,3,122.0,2,122.01,11,122.02,1,122.03,3,122.04,3,122.05,2,122.06,7,122.07,1,122.08,5
2020-10-29 09:33:05,121.955,121.99,1,121.91,2,122.0,3,122.0,121.91,121.91,2,121.89,3,121.88,2,121.87,2,,,,,,,,,,,,,122.0,3,122.01,11,122.02,1,122.03,3,122.04,3,122.05,2,122.06,7,122.07,1,122.08,5,122.09,10
2020-10-29 09:33:06,122.045,122.0,1,122.0,3,122.09,12,122.09,122.0,122.0,3,121.98,2,121.97,2,121.96,2,121.92,1,121.91,2,121.89,3,121.88,2,121.87,2,,,122.09,12,122.1,16,122.11,5,122.13,6,122.14,7,122.17,1,122.18,1,122.19,3,122.2,3,122.24,1
2020-10-29 09:33:07,122.06,122.04,1,122.02,3,122.1,4,122.1,122.02,122.02,3,122.01,3,122.0,6,121.98,3,121.97,4,121.96,2,121.92,1,121.91,2,121.89,3,121.88,2,122.1,4,122.11,1,122.12,1,122.13,7,122.14,1,122.15,9,122.17,1,122.18,1,122.19,3,122.2,3
2020-10-29 09:33:08,122.06,122.03,2,122.03,2,122.09,1,122.09,122.03,122.03,2,122.02,3,122.01,3,122.0,6,121.98,3,121.97,4,121.96,2,121.92,1,121.91,2,121.89,3,122.09,1,122.1,3,122.11,1,122.12,1,122.13,7,122.14,1,122.15,9,122.17,1,122.18,1,122.19,3
2020-10-29 09:33:09,122.045,122.02,1,122.0,1,122.09,3,122.09,122.0,122.0,1,121.99,2,121.98,6,121.97,4,121.96,2,121.92,1,121.91,2,121.89,3,121.88,2,121.87,2,122.09,3,122.1,4,122.11,1,122.12,1,122.13,7,122.14,1,122.15,9,122.17,1,122.18,1,122.19,3
2020-10-29 09:33:10,121.94,121.91,1,121.91,3,121.97,4,121.97,121.91,121.91,3,121.9,5,121.89,3,121.88,2,121.87,2,,,,,,,,,,,121.97,4,122.04,2,122.07,1,122.08,1,122.09,3,122.1,4,122.11,1,122.12,1,122.13,7,122.14,1
2020-10-29 09:33:11,122.04,121.97,1,121.99,2,122.09,7,122.09,121.99,121.99,2,121.98,1,121.97,2,121.96,3,121.95,2,121.93,1,121.92,2,121.91,3,121.9,5,121.89,3,122.09,7,122.12,2,122.13,7,122.14,1,122.15,9,122.17,1,122.18,1,122.19,3,122.2,3,122.24,1
2020-10-29 09:33:12,122.035,121.97,1,121.98,3,122.09,8,122.09,121.98,121.98,3,121.97,2,121.96,3,121.95,2,121.93,1,121.92,2,121.91,3,121.9,5,121.89,3,121.88,2,122.09,8,122.12,2,122.13,7,122.14,1,122.15,9,122.17,1,122.18,1,122.19,3,122.2,3,122.24,1
2020-10-29 09:33:13,122.045,122.07,1,122.0,1,122.09,8,122.09,122.0,122.0,1,121.99,2,121.98,3,121.97,2,121.96,3,121.95,2,121.93,1,121.92,2,121.91,3,121.9,5,122.09,8,122.12,2,122.13,7,122.14,1,122.15,9,122.17,1,122.18,1,122.19,3,122.2,3,122.24,1
2020-10-29 09:33:14,122.045,122.08,1,122.0,3,122.09,6,122.09,122.0,122.0,3,121.99,2,121.98,3,121.97,2,121.96,3,121.95,2,121.93,1,121.92,2,121.91,3,121.9,5,122.09,6,122.12,2,122.13,7,122.14,1,122.15,9,122.17,1,122.18,1,122.19,3,122.2,3,122.24,1
2020-10-29 09:33:15,122.025,122.08,1,121.97,1,122.08,4,122.08,121.97,121.97,1,121.96,6,121.95,2,121.93,1,121.92,2,121.91,3,121.9,5,121.89,3,121.88,2,121.87,2,122.08,4,122.09,6,122.12,2,122.13,7,122.14,1,122.15,9,122.17,1,122.18,1,122.19,3,122.2,3
2020-10-29 09:33:16,122.055,122.04,1,122.02,1,122.09,7,122.09,122.02,122.02,1,122.01,3,121.98,1,121.97,5,121.96,6,121.95,2,121.93,1,121.92,2,121.91,3,121.9,5,122.09,7,122.12,2,122.13,7,122.14,1,122.15,9,122.17,1,122.18,1,122.19,3,122.2,3,122.24,1
2020-10-29 09:33:17,122.05,122.04,1,122.01,3,122.09,7,122.09,122.01,122.01,3,121.98,1,121.97,5,121.96,6,121.95,2,121.93,1,121.92,2,121.91,3,121.9,5,121.89,3,122.09,7,122.12,2,122.13,7,122.14,1,122.15,9,122.17,1,122.18,1,122.19,3,122.2,3,122.24,1
2020-10-29 09:33:18,122.05,122.04,1,122.02,4,122.08,3,122.08,122.02,122.02,4,122.01,7,121.98,1,121.97,5,121.96,6,121.95,2,121.93,1,121.92,2,121.91,3,121.9,5,122.08,3,122.09,7,122.12,2,122.13,7,122.14,1,122.15,9,122.17,1,122.18,1,122.19,3,122.2,3
2020-10-29 09:33:18,122.05,122.04,1,122.02,4,122.08,3,122.08,122.02,122.02,4,122.01,7,121.98,1,121.97,5,121.96,6,121.95,2,121.93,1,121.92,2,121.91,3,121.9,5,122.08,3,122.09,7,122.12,2,122.13,7,122.14,1,122.15,9,122.17,1,122.18,1,122.19,3,122.2,3
2020-10-29 09:33:20,122.045,122.04,1,122.02,3,122.07,3,122.07,122.02,122.02,3,122.01,7,121.98,1,121.97,5,121.96,6,121.95,2,121.93,1,121.92,2,121.91,3,121.9,5,122.07,3,122.08,5,122.09,7,122.12,2,122.13,7,122.14,1,122.15,9,122.17,1,122.18,1,122.19,3
2020-10-29 09:33:21,122.03,122.03,1,122.01,6,122.05,3,122.05,122.01,122.01,6,121.98,1,121.97,5,121.96,6,121.95,2,121.93,1,121.92,2,121.91,3,121.9,5,121.89,3,122.05,3,122.07,6,122.08,5,122.09,7,122.12,2,122.13,7,122.14,1,122.15,9,122.17,1,122.18,1
2020-10-29 09:33:22,122.03,122.03,1,122.01,7,122.05,3,122.05,122.01,122.01,7,121.98,1,121.97,5,121.96,6,121.95,2,121.93,1,121.92,2,121.91,3,121.9,5,121.89,3,122.05,3,122.07,6,122.08,5,122.09,7,122.12,2,122.13,7,122.14,1,122.15,9,122.17,1,122.18,1
2020-10-29 09:33:23,122.04,122.05,1,122.01,7,122.07,5,122.07,122.01,122.01,7,121.98,1,121.97,5,121.96,6,121.95,2,121.93,1,121.92,2,121.91,3,121.9,5,121.89,3,122.07,5,122.08,5,122.09,7,122.12,2,122.13,7,122.14,1,122.15,9,122.17,1,122.18,1,122.19,3
2020-10-29 09:33:24,122.13,122.08,1,122.08,2,122.18,5,122.18,122.08,122.08,2,122.07,2,122.06,1,122.04,1,122.03,2,122.02,1,122.01,7,121.98,1,121.97,5,121.96,6,122.18,5,122.19,5,122.2,3,122.24,1,122.26,7,122.29,8,122.31,1,122.32,3,122.33,1,122.35,3
2020-10-29 09:33:25,122.13,122.09,1,122.08,2,122.18,5,122.18,122.08,122.08,2,122.07,4,122.06,1,122.04,1,122.03,2,122.02,1,122.01,7,121.98,1,121.97,5,121.96,6,122.18,5,122.19,5,122.2,3,122.24,1,122.26,7,122.29,8,122.31,1,122.32,3,122.33,1,122.35,3
2020-10-29 09:33:26,122.13,122.16,2,122.08,3,122.18,5,122.18,122.08,122.08,3,122.07,4,122.06,1,122.04,1,122.03,2,122.02,1,122.01,7,121.98,1,121.97,5,121.96,6,122.18,5,122.19,5,122.2,3,122.24,1,122.26,7,122.29,8,122.31,1,122.32,3,122.33,1,122.35,3
2020-10-29 09:33:27,122.13,122.16,2,122.08,3,122.18,5,122.18,122.08,122.08,3,122.07,4,122.06,1,122.04,1,122.03,2,122.02,1,122.01,7,121.98,1,121.97,5,121.96,6,122.18,5,122.19,5,122.2,3,122.24,1,122.26,7,122.29,8,122.31,1,122.32,3,122.33,1,122.35,3
2020-10-29 09:33:28,122.205,122.21,1,122.18,3,122.23,2,122.23,122.18,122.18,3,122.17,1,122.16,3,122.13,2,122.09,1,122.08,3,122.07,4,122.06,1,122.04,1,122.03,2,122.23,2,122.24,1,122.26,7,122.29,8,122.31,1,122.32,3,122.33,1,122.35,3,122.36,2,122.37,1
2020-10-29 09:33:29,122.255,122.23,1,122.2,2,122.31,4,122.31,122.2,122.2,2,122.19,3,122.18,3,122.17,1,122.16,3,122.13,2,122.09,1,122.08,3,122.07,4,122.06,1,122.31,4,122.32,6,122.33,1,122.35,3,122.36,2,122.37,1,122.38,2,122.39,2,122.4,5,122.41,4
2020-10-29 09:33:30,122.26,122.23,1,122.21,7,122.31,13,122.31,122.21,122.21,7,122.2,6,122.19,4,122.18,4,122.17,1,122.16,3,122.13,2,122.09,1,122.08,3,122.07,4,122.31,13,122.32,6,122.33,1,122.35,3,122.36,2,122.37,1,122.38,2,122.39,2,122.4,5,122.41,4
2020-10-29 09:33:31,122.26,122.23,1,122.21,8,122.31,13,122.31,122.21,122.21,8,122.2,6,122.19,4,122.18,4,122.17,1,122.16,3,122.13,2,122.09,1,122.08,3,122.07,4,122.31,13,122.32,6,122.33,1,122.35,3,122.36,2,122.37,1,122.38,2,122.39,2,122.4,5,122.41,4
2020-10-29 09:33:32,122.26,122.23,1,122.21,7,122.31,13,122.31,122.21,122.21,7,122.2,6,122.19,4,122.18,4,122.17,1,122.16,3,122.13,2,122.09,1,122.08,3,122.07,4,122.31,13,122.32,6,122.33,1,122.35,3,122.36,2,122.37,1,122.38,2,122.39,2,122.4,5,122.41,4
2020-10-29 09:33:33,122.255,122.31,1,122.2,9,122.31,13,122.31,122.2,122.2,9,122.19,4,122.18,4,122.17,1,122.16,3,122.13,2,122.09,1,122.08,3,122.07,4,122.06,1,122.31,13,122.32,6,122.33,1,122.35,3,122.36,2,122.37,1,122.38,2,122.39,2,122.4,5,122.41,4
2020-10-29 09:33:34,122.175,122.17,1,122.13,4,122.22,2,122.22,122.13,122.13,4,122.09,1,122.08,3,122.07,4,122.06,1,122.04,1,122.03,2,122.02,1,122.01,7,121.98,1,122.22,2,122.23,9,122.24,1,122.26,2,122.28,2,122.29,1,122.3,3,122.31,13,122.32,6,122.33,1
2020-10-29 09:33:35,122.18,122.21,1,122.14,1,122.22,5,122.22,122.14,122.14,1,122.13,1,122.12,1,122.09,1,122.08,3,122.07,4,122.06,1,122.04,1,122.03,2,122.02,1,122.22,5,122.23,1,122.24,5,122.26,2,122.28,2,122.29,1,122.3,3,122.31,13,122.32,6,122.33,1
2020-10-29 09:33:36,122.105,122.21,1,122.08,4,122.13,2,122.13,122.08,122.08,4,122.06,4,122.04,1,122.03,2,122.02,1,122.01,7,121.98,1,121.97,5,121.96,6,121.95,2,122.13,2,122.14,2,122.22,5,122.23,1,122.24,5,122.26,2,122.28,2,122.29,1,122.3,3,122.31,13
2020-10-29 09:33:37,122.115,122.12,1,122.09,2,122.14,4,122.14,122.09,122.09,2,122.08,4,122.06,4,122.04,1,122.03,2,122.02,1,122.01,7,121.98,1,121.97,5,121.96,6,122.14,4,122.22,5,122.23,1,122.24,5,122.26,2,122.28,2,122.29,1,122.3,3,122.31,13,122.32,6
2020-10-29 09:33:38,122.16,122.14,2,122.1,4,122.22,7,122.22,122.1,122.1,4,122.09,2,122.08,4,122.06,4,122.04,1,122.03,2,122.02,1,122.01,7,121.98,1,121.97,5,122.22,7,122.23,1,122.24,5,122.26,2,122.28,2,122.29,1,122.3,3,122.31,13,122.32,6,122.33,1
2020-10-29 09:33:39,122.09,122.14,2,122.04,6,122.14,2,122.14,122.04,122.04,6,122.03,2,122.02,1,122.01,7,121.98,1,121.97,5,121.96,6,121.95,2,121.93,1,121.92,2,122.14,2,122.18,3,122.19,4,122.2,5,122.21,4,122.22,8,122.23,1,122.24,5,122.26,2,122.28,2
2020-10-29 09:33:40,122.1,122.14,2,122.06,1,122.14,2,122.14,122.06,122.06,1,122.05,2,122.04,6,122.03,2,122.02,1,122.01,7,121.98,1,121.97,5,121.96,6,121.95,2,122.14,2,122.18,3,122.19,4,122.2,5,122.21,4,122.22,8,122.23,1,122.24,5,122.26,2,122.28,2
2020-10-29 09:33:41,122.105,122.14,1,122.07,1,122.14,4,122.14,122.07,122.07,1,122.06,1,122.05,2,122.04,6,122.03,2,122.02,1,122.01,7,121.98,1,121.97,5,121.96,6,122.14,4,122.18,3,122.19,4,122.2,5,122.21,4,122.22,8,122.23,1,122.24,5,122.26,2,122.28,2
2020-10-29 09:33:42,122.11,122.14,1,122.08,1,122.14,4,122.14,122.08,122.08,1,122.07,1,122.06,1,122.05,2,122.04,6,122.03,2,122.02,1,122.01,7,121.98,1,121.97,5,122.14,4,122.18,3,122.19,4,122.2,5,122.21,4,122.22,8,122.23,1,122.24,5,122.26,2,122.28,2
2020-10-29 09:33:43,122.11,122.14,1,122.08,1,122.14,4,122.14,122.08,122.08,1,122.07,1,122.06,1,122.05,2,122.04,6,122.03,2,122.02,1,122.01,7,121.98,1,121.97,5,122.14,4,122.18,3,122.19,4,122.2,5,122.21,4,122.22,8,122.23,1,122.24,5,122.26,2,122.28,2
2020-10-29 09:33:44,122.16,122.12,1,122.11,2,122.21,9,122.21,122.11,122.11,2,122.1,2,122.09,2,122.08,4,122.07,1,122.06,1,122.05,2,122.04,6,122.03,2,122.02,1,122.21,9,122.22,8,122.23,1,122.24,5,122.26,2,122.28,2,122.29,1,122.3,3,122.31,13,122.32,6
2020-10-29 09:33:45,122.165,122.12,1,122.11,5,122.22,10,122.22,122.11,122.11,5,122.1,2,122.09,2,122.08,4,122.07,1,122.06,1,122.05,2,122.04,6,122.03,2,122.02,1,122.22,10,122.23,1,122.24,5,122.26,2,122.28,2,122.29,1,122.3,3,122.31,13,122.32,6,122.33,1
2020-10-29 09:33:46,122.155,122.12,1,122.11,5,122.2,3,122.2,122.11,122.11,5,122.1,2,122.09,2,122.08,4,122.07,1,122.06,1,122.05,2,122.04,6,122.03,2,122.02,1,122.2,3,122.22,10,122.23,1,122.24,5,122.26,2,122.28,2,122.29,1,122.3,3,122.31,13,122.32,6
2020-10-29 09:33:48,122.16,122.12,1,122.12,2,122.2,3,122.2,122.12,122.12,2,122.11,4,122.1,2,122.09,2,122.08,4,122.07,1,122.06,1,122.05,2,122.04,6,122.03,2,122.2,3,122.22,10,122.23,1,122.24,5,122.26,2,122.28,2,122.29,1,122.3,3,122.31,13,122.32,6
2020-10-29 09:33:48,122.15,122.16,1,122.1,17,122.2,5,122.2,122.1,122.1,17,122.09,7,122.08,8,122.07,1,122.06,1,122.05,2,122.04,6,122.03,2,122.02,1,122.01,7,122.2,5,122.22,10,122.23,1,122.24,5,122.26,2,122.28,2,122.29,1,122.3,3,122.31,13,122.32,6
2020-10-29 09:33:49,122.15,122.19,1,122.1,17,122.2,5,122.2,122.1,122.1,17,122.09,7,122.08,8,122.07,1,122.06,1,122.05,2,122.04,6,122.03,2,122.02,1,122.01,7,122.2,5,122.22,10,122.23,1,122.24,5,122.26,2,122.28,2,122.29,1,122.3,3,122.31,13,122.32,6
2020-10-29 09:33:50,122.14,122.19,1,122.1,17,122.18,3,122.18,122.1,122.1,17,122.09,7,122.08,8,122.07,1,122.06,1,122.05,2,122.04,6,122.03,2,122.02,1,122.01,7,122.18,3,122.19,3,122.2,5,122.22,10,122.23,1,122.24,5,122.26,2,122.28,2,122.29,1,122.3,3
2020-10-29 09:33:51,122.14,122.19,1,122.1,17,122.18,3,122.18,122.1,122.1,17,122.09,7,122.08,8,122.07,1,122.06,1,122.05,2,122.04,6,122.03,2,122.02,1,122.01,7,122.18,3,122.19,3,122.2,5,122.22,10,122.23,1,122.24,5,122.26,2,122.28,2,122.29,1,122.3,3
2020-10-29 09:33:52,122.155,122.18,1,122.11,2,122.2,5,122.2,122.11,122.11,2,122.1,17,122.09,7,122.08,8,122.07,1,122.06,1,122.05,2,122.04,6,122.03,2,122.02,1,122.2,5,122.22,10,122.23,1,122.24,5,122.26,2,122.28,2,122.29,1,122.3,3,122.31,13,122.32,6
2020-10-29 09:33:53,122.14,122.09,1,122.1,1,122.18,1,122.18,122.1,122.1,1,122.08,8,122.07,1,122.06,1,122.05,2,122.04,6,122.03,2,122.02,1,122.01,7,121.98,1,122.18,1,122.19,3,122.2,5,122.22,10,122.23,1,122.24,5,122.26,2,122.28,2,122.29,1,122.3,3
2020-10-29 09:33:54,122.14,122.18,1,122.09,2,122.19,3,122.19,122.09,122.09,2,122.08,9,122.07,1,122.06,1,122.05,2,122.04,6,122.03,2,122.02,1,122.01,7,121.98,1,122.19,3,122.2,7,122.22,10,122.23,1,122.24,5,122.26,2,122.28,2,122.29,1,122.3,3,122.31,13
2020-10-29 09:33:55,122.16,122.18,1,122.13,3,122.19,3,122.19,122.13,122.13,3,122.11,7,122.1,4,122.09,3,122.08,9,122.07,1,122.06,1,122.05,2,122.04,6,122.03,2,122.19,3,122.2,6,122.22,10,122.23,1,122.24,5,122.26,2,122.28,2,122.29,1,122.3,3,122.31,13
2020-10-29 09:33:56,122.155,122.18,1,122.11,7,122.2,7,122.2,122.11,122.11,7,122.1,4,122.09,3,122.08,9,122.07,1,122.06,1,122.05,2,122.04,6,122.03,2,122.02,1,122.2,7,122.22,10,122.23,1,122.24,5,122.26,2,122.28,2,122.29,1,122.3,3,122.31,13,122.32,6
2020-10-29 09:33:57,122.155,122.18,1,122.11,8,122.2,7,122.2,122.11,122.11,8,122.1,4,122.09,3,122.08,9,122.07,1,122.06,1,122.05,2,122.04,6,122.03,2,122.02,1,122.2,7,122.22,10,122.23,1,122.24,5,122.26,2,122.28,2,122.29,1,122.3,3,122.31,13,122.32,6
2020-10-29 09:33:58,122.135,122.18,1,122.1,4,122.17,3,122.17,122.1,122.1,4,122.09,3,122.08,9,122.07,1,122.06,1,122.05,2,122.04,6,122.03,2,122.02,1,122.01,7,122.17,3,122.18,2,122.19,8,122.2,10,122.22,10,122.23,1,122.24,5,122.26,2,122.28,2,122.29,1
2020-10-29 09:33:59,122.135,122.11,4,122.1,4,122.17,3,122.17,122.1,122.1,4,122.09,3,122.08,9,122.07,1,122.06,1,122.05,2,122.04,6,122.03,2,122.02,1,122.01,7,122.17,3,122.18,2,122.19,8,122.2,10,122.22,10,122.23,1,122.24,5,122.26,2,122.28,2,122.29,1
2020-10-29 09:34:00,122.145,122.17,1,122.11,2,122.18,2,122.18,122.11,122.11,2,122.1,5,122.09,3,122.08,9,122.07,1,122.06,1,122.05,2,122.04,6,122.03,2,122.02,1,122.18,2,122.19,8,122.2,10,122.22,10,122.23,1,122.24,5,122.26,2,122.28,2,122.29,1,122.3,3
2020-10-29 09:34:01,122.045,122.04,1,121.99,2,122.1,4,122.1,121.99,121.99,2,121.98,1,121.97,5,121.96,6,121.95,2,121.93,1,121.92,2,121.91,3,121.9,5,121.89,3,122.1,4,122.11,2,122.13,3,122.17,5,122.18,2,122.19,8,122.2,10,122.22,10,122.23,1,122.24,5
2020-10-29 09:34:02,122.05,122.04,1,122.02,2,122.08,3,122.08,122.02,122.02,2,122.01,2,122.0,2,121.99,2,121.98,2,121.97,5,121.96,6,121.95,2,121.93,1,121.92,2,122.08,3,122.09,3,122.1,4,122.11,2,122.13,3,122.17,5,122.18,2,122.19,8,122.2,10,122.22,10
2020-10-29 09:34:03,122.05,122.04,1,122.02,3,122.08,3,122.08,122.02,122.02,3,122.01,2,122.0,2,121.99,2,121.98,2,121.97,5,121.96,6,121.95,2,121.93,1,121.92,2,122.08,3,122.09,3,122.1,4,122.11,2,122.13,3,122.17,5,122.18,2,122.19,8,122.2,10,122.22,10
2020-10-29 09:34:05,122.08,122.08,1,122.02,5,122.14,3,122.14,122.02,122.02,5,122.01,2,122.0,2,121.99,2,121.98,2,121.97,5,121.96,6,121.95,2,121.93,1,121.92,2,122.14,3,122.15,1,122.17,5,122.18,2,122.19,8,122.2,10,122.22,10,122.23,1,122.24,5,122.26,2
2020-10-29 09:34:05,122.08,122.02,2,122.02,12,122.14,3,122.14,122.02,122.02,12,122.01,2,122.0,2,121.99,2,121.98,2,121.97,5,121.96,6,121.95,2,121.93,1,121.92,2,122.14,3,122.15,1,122.17,5,122.18,2,122.19,8,122.2,10,122.22,10,122.23,1,122.24,5,122.26,2
2020-10-29 09:34:06,122.085,122.02,2,122.03,2,122.14,5,122.14,122.03,122.03,2,122.02,12,122.01,2,122.0,2,121.99,2,121.98,2,121.97,5,121.96,6,121.95,2,121.93,1,122.14,5,122.15,1,122.17,5,122.18,2,122.19,8,122.2,10,122.22,10,122.23,1,122.24,5,122.26,2
2020-10-29 09:34:07,122.085,122.04,1,122.03,5,122.14,5,122.14,122.03,122.03,5,122.02,12,122.01,2,122.0,2,121.99,2,121.98,2,121.97,5,121.96,6,121.95,2,121.93,1,122.14,5,122.15,1,122.17,5,122.18,2,122.19,8,122.2,10,122.22,10,122.23,1,122.24,5,122.26,2
2020-10-29 09:34:08,122.085,122.04,1,122.03,5,122.14,5,122.14,122.03,122.03,5,122.02,12,122.01,2,122.0,2,121.99,2,121.98,2,121.97,5,121.96,6,121.95,2,121.93,1,122.14,5,122.15,1,122.17,5,122.18,2,122.19,8,122.2,10,122.22,10,122.23,1,122.24,5,122.26,2
2020-10-29 09:34:09,122.03,122.02,1,121.99,1,122.07,1,122.07,121.99,121.99,1,121.98,2,121.97,5,121.96,6,121.95,2,121.93,1,121.92,2,121.91,3,121.9,5,121.89,3,122.07,1,122.08,4,122.09,2,122.1,1,122.11,4,122.13,1,122.14,5,122.15,1,122.17,5,122.18,2
2020-10-29 09:34:10,122.04,122.06,1,122.02,5,122.06,3,122.06,122.02,122.02,5,122.01,3,121.99,3,121.98,2,121.97,5,121.96,6,121.95,2,121.93,1,121.92,2,121.91,3,122.06,3,122.07,1,122.08,4,122.09,2,122.1,1,122.11,4,122.13,1,122.14,5,122.15,1,122.17,5
2020-10-29 09:34:11,122.06,122.06,1,122.02,5,122.1,4,122.1,122.02,122.02,5,122.01,3,121.99,3,121.98,2,121.97,5,121.96,6,121.95,2,121.93,1,121.92,2,121.91,3,122.1,4,122.11,4,122.13,1,122.14,5,122.15,1,122.17,5,122.18,2,122.19,8,122.2,10,122.22,10
2020-10-29 09:34:12,122.06,122.06,1,122.02,5,122.1,4,122.1,122.02,122.02,5,122.01,3,121.99,3,121.98,2,121.97,5,121.96,6,121.95,2,121.93,1,121.92,2,121.91,3,122.1,4,122.11,4,122.13,1,122.14,5,122.15,1,122.17,5,122.18,2,122.19,8,122.2,10,122.22,10
2020-10-29 09:34:13,122.055,122.09,2,122.02,5,122.09,3,122.09,122.02,122.02,5,122.01,3,121.99,3,121.98,2,121.97,5,121.96,6,121.95,2,121.93,1,121.92,2,121.91,3,122.09,3,122.1,4,122.11,4,122.13,1,122.14,5,122.15,1,122.17,5,122.18,2,122.19,8,122.2,10
2020-10-29 09:34:14,122.07,122.06,1,122.03,1,122.11,6,122.11,122.03,122.03,1,122.02,6,122.01,3,121.99,3,121.98,2,121.97,5,121.96,6,121.95,2,121.93,1,121.92,2,122.11,6,122.13,1,122.14,5,122.15,1,122.17,5,122.18,2,122.19,8,122.2,10,122.22,10,122.23,1
2020-10-29 09:34:15,122.07,122.11,1,122.03,2,122.11,8,122.11,122.03,122.03,2,122.02,6,122.01,3,121.99,3,121.98,2,121.97,5,121.96,6,121.95,2,121.93,1,121.92,2,122.11,8,122.13,1,122.14,5,122.15,1,122.17,5,122.18,2,122.19,8,122.2,10,122.22,10,122.23,1
2020-10-29 09:34:16,122.07,122.11,1,122.03,2,122.11,8,122.11,122.03,122.03,2,122.02,6,122.01,3,121.99,3,121.98,2,121.97,5,121.96,6,121.95,2,121.93,1,121.92,2,122.11,8,122.13,1,122.14,5,122.15,1,122.17,5,122.18,2,122.19,8,122.2,10,122.22,10,122.23,1
2020-10-29 09:34:17,122.07,122.11,1,122.03,4,122.11,10,122.11,122.03,122.03,4,122.02,6,122.01,3,121.99,3,121.98,2,121.97,5,121.96,6,121.95,2,121.93,1,121.92,2,122.11,10,122.13,1,122.14,5,122.15,1,122.17,5,122.18,2,122.19,8,122.2,10,122.22,10,122.23,1
2020-10-29 09:34:18,122.08,122.11,1,122.04,6,122.12,2,122.12,122.04,122.04,6,122.03,4,122.02,6,122.01,3,121.99,3,121.98,2,121.97,5,121.96,6,121.95,2,121.93,1,122.12,2,122.15,1,122.17,5,122.18,2,122.19,8,122.2,10,122.22,10,122.23,1,122.24,5,122.26,2
2020-10-29 09:34:19,122.08,122.12,2,122.04,6,122.12,2,122.12,122.04,122.04,6,122.03,4,122.02,6,122.01,3,121.99,3,121.98,2,121.97,5,121.96,6,121.95,2,121.93,1,122.12,2,122.15,3,122.17,5,122.18,2,122.19,8,122.2,10,122.22,10,122.23,1,122.24,5,122.26,2
2020-10-29 09:34:20,122.08,122.12,2,122.05,1,122.11,5,122.11,122.05,122.05,1,122.04,4,122.03,4,122.02,6,122.01,3,121.99,3,121.98,2,121.97,5,121.96,6,121.95,2,122.11,5,122.12,2,122.15,3,122.17,5,122.18,2,122.19,8,122.2,10,122.22,10,122.23,1,122.24,5
2020-10-29 09:34:21,122.025,122.01,1,121.98,1,122.07,3,122.07,121.98,121.98,1,121.97,6,121.96,6,121.95,2,121.93,1,121.92,2,121.91,3,121.9,5,121.89,3,121.88,2,122.07,3,122.08,6,122.09,9,122.1,3,122.11,5,122.12,2,122.15,3,122.17,5,122.18,2,122.19,8
2020-10-29 09:34:22,122.02,122.01,1,121.97,8,122.07,3,122.07,121.97,121.97,8,121.96,6,121.95,2,121.93,1,121.92,2,121.91,3,121.9,5,121.89,3,121.88,2,121.87,2,122.07,3,122.08,6,122.09,9,122.1,3,122.11,5,122.12,2,122.15,3,122.17,5,122.18,2,122.19,8
2020-10-29 09:34:23,122.02,122.02,1,121.97,14,122.07,8,122.07,121.97,121.97,14,121.96,6,121.95,2,121.93,1,121.92,2,121.91,3,121.9,5,121.89,3,121.88,2,121.87,2,122.07,8,122.08,6,122.09,9,122.1,3,122.11,5,122.12,2,122.15,3,122.17,5,122.18,2,122.19,8
2020-10-29 09:34:24,121.985,121.98,1,121.96,7,122.01,3,122.01,121.96,121.96,7,121.95,2,121.93,1,121.92,2,121.91,3,121.9,5,121.89,3,121.88,2,121.87,2,,,122.01,3,122.07,8,122.08,6,122.09,9,122.1,3,122.11,5,122.12,2,122.15,3,122.17,5,122.18,2
2020-10-29 09:34:25,121.985,121.98,1,121.96,7,122.01,3,122.01,121.96,121.96,7,121.95,2,121.93,1,121.92,2,121.91,3,121.9,5,121.89,3,121.88,2,121.87,2,,,122.01,3,122.07,8,122.08,6,122.09,9,122.1,3,122.11,5,122.12,2,122.15,3,122.17,5,122.18,2
2020-10-29 09:34:26,121.97,121.94,3,121.93,3,122.01,5,122.01,121.93,121.93,3,121.92,5,121.91,3,121.9,5,121.89,3,121.88,2,121.87,2,,,,,,,122.01,5,122.07,8,122.08,6,122.09,9,122.1,3,122.11,5,122.12,2,122.15,3,122.17,5,122.18,2
2020-10-29 09:34:27,121.965,121.94,3,121.93,5,122.0,3,122.0,121.93,121.93,5,121.92,5,121.91,3,121.9,5,121.89,3,121.88,2,121.87,2,,,,,,,122.0,3,122.01,5,122.07,8,122.08,6,122.09,9,122.1,3,122.11,5,122.12,2,122.15,3,122.17,5
2020-10-29 09:34:28,121.945,121.97,1,121.92,5,121.97,3,121.97,121.92,121.92,5,121.91,3,121.9,5,121.89,3,121.88,2,121.87,2,,,,,,,,,121.97,3,122.01,7,122.07,8,122.08,6,122.09,9,122.1,3,122.11,5,122.12,2,122.15,3,122.17,5
2020-10-29 09:34:29,121.955,121.97,1,121.92,6,121.99,3,121.99,121.92,121.92,6,121.91,3,121.9,5,121.89,3,121.88,2,121.87,2,,,,,,,,,121.99,3,122.01,5,122.07,8,122.08,6,122.09,9,122.1,3,122.11,5,122.12,2,122.15,3,122.17,5
2020-10-29 09:34:30,121.95,121.97,1,121.92,6,121.98,3,121.98,121.92,121.92,6,121.91,3,121.9,5,121.89,3,121.88,2,121.87,2,,,,,,,,,121.98,3,121.99,7,122.01,5,122.07,8,122.08,6,122.09,9,122.1,3,122.11,5,122.12,2,122.15,3
2020-10-29 09:34:31,121.935,121.92,1,121.91,4,121.96,2,121.96,121.91,121.91,4,121.9,5,121.89,3,121.88,2,121.87,2,,,,,,,,,,,121.96,2,121.97,1,121.98,3,121.99,7,122.01,5,122.07,8,122.08,6,122.09,9,122.1,3,122.11,5
2020-10-29 09:34:32,121.935,121.92,1,121.91,4,121.96,3,121.96,121.91,121.91,4,121.9,5,121.89,3,121.88,2,121.87,2,,,,,,,,,,,121.96,3,121.97,5,121.98,3,121.99,7,122.01,5,122.07,8,122.08,6,122.09,9,122.1,3,122.11,5
2020-10-29 09:34:33,121.92,121.91,1,121.9,6,121.94,2,121.94,121.9,121.9,6,121.89,3,121.88,2,121.87,2,,,,,,,,,,,,,121.94,2,121.95,1,121.96,3,121.97,5,121.98,3,121.99,7,122.01,5,122.07,8,122.08,6,122.09,9
2020-10-29 09:34:34,121.93,121.92,1,121.9,7,121.96,5,121.96,121.9,121.9,7,121.89,3,121.88,2,121.87,2,,,,,,,,,,,,,121.96,5,121.97,5,121.98,3,121.99,7,122.01,5,122.07,8,122.08,6,122.09,9,122.1,3,122.11,5
2020-10-29 09:34:35,121.925,121.96,1,121.9,6,121.95,6,121.95,121.9,121.9,6,121.89,3,121.88,2,121.87,2,,,,,,,,,,,,,121.95,6,121.96,5,121.97,5,121.98,3,121.99,7,122.01,5,122.07,8,122.08,6,122.09,9,122.1,3
2020-10-29 09:34:37,121.925,121.96,1,121.9,6,121.95,6,121.95,121.9,121.9,6,121.89,3,121.88,2,121.87,2,,,,,,,,,,,,,121.95,6,121.96,5,121.97,5,121.98,3,121.99,7,122.01,5,122.07,8,122.08,6,122.09,9,122.1,3
2020-10-29 09:34:37,121.905,121.95,5,121.87,6,121.94,3,121.94,121.87,121.87,6,121.84,6,121.83,5,121.82,12,121.81,5,121.8,3,,,,,,,,,121.94,3,121.96,1,121.97,3,121.98,3,121.99,7,122.01,5,122.07,8,122.08,6,122.09,9,122.1,3
2020-10-29 09:34:38,121.905,121.95,5,121.87,7,121.94,3,121.94,121.87,121.87,7,121.84,6,121.83,5,121.82,12,121.81,5,121.8,3,,,,,,,,,121.94,3,121.96,1,121.97,3,121.98,3,121.99,7,122.01,5,122.07,8,122.08,6,122.09,9,122.1,3
2020-10-29 09:34:39,121.85,121.82,1,121.82,5,121.88,7,121.88,121.82,121.82,5,121.81,15,121.8,4,,,,,,,,,,,,,,,121.88,7,121.89,2,121.91,3,121.93,3,121.94,3,121.96,1,121.97,3,121.98,3,121.99,7,122.01,5
2020-10-29 09:34:40,121.825,121.81,1,121.8,9,121.85,1,121.85,121.8,121.8,9,,,,,,,,,,,,,,,,,,,121.85,1,121.86,1,121.87,1,121.88,1,121.89,2,121.91,3,121.93,3,121.94,3,121.96,1,121.97,3
2020-10-29 09:34:42,121.83,121.81,1,121.8,9,121.86,1,121.86,121.8,121.8,9,,,,,,,,,,,,,,,,,,,121.86,1,121.87,1,121.88,3,121.89,2,121.91,3,121.93,3,121.94,3,121.96,1,121.97,3,121.98,3
2020-10-29 09:34:42,121.825,121.81,1,121.8,9,121.85,1,121.85,121.8,121.8,9,,,,,,,,,,,,,,,,,,,121.85,1,121.86,5,121.87,1,121.88,3,121.89,2,121.91,3,121.93,3,121.94,3,121.96,1,121.97,3
2020-10-29 09:34:43,121.835,121.83,1,121.81,1,121.86,5,121.86,121.81,121.81,1,121.8,9,,,,,,,,,,,,,,,,,121.86,5,121.87,1,121.88,3,121.89,2,121.91,3,121.93,3,121.94,3,121.96,1,121.97,3,121.98,3
2020-10-29 09:34:44,121.835,121.83,1,121.81,1,121.86,5,121.86,121.81,121.81,1,121.8,9,,,,,,,,,,,,,,,,,121.86,5,121.87,1,121.88,3,121.89,2,121.91,3,121.93,3,121.94,3,121.96,1,121.97,3,121.98,3
2020-10-29 09:34:45,121.83,121.83,1,121.8,10,121.86,5,121.86,121.8,121.8,10,,,,,,,,,,,,,,,,,,,121.86,5,121.87,1,121.88,3,121.89,2,121.91,3,121.93,3,121.94,3,121.96,1,121.97,3,121.98,3
2020-10-29 09:34:46,121.8,121.77,1,121.76,7,121.84,3,121.84,121.76,121.76,7,121.73,6,,,,,,,,,,,,,,,,,121.84,3,121.85,3,121.86,5,121.87,1,121.88,3,121.89,2,121.91,3,121.93,3,121.94,3,121.96,1
2020-10-29 09:34:48,121.8,121.77,1,121.76,7,121.84,3,121.84,121.76,121.76,7,121.73,6,,,,,,,,,,,,,,,,,121.84,3,121.85,3,121.86,5,121.87,1,121.88,3,121.89,2,121.91,3,121.93,3,121.94,3,121.96,1
2020-10-29 09:34:49,121.8,121.77,1,121.76,7,121.84,3,121.84,121.76,121.76,7,121.73,6,,,,,,,,,,,,,,,,,121.84,3,121.85,3,121.86,5,121.87,1,121.88,3,121.89,2,121.91,3,121.93,3,121.94,3,121.96,1
2020-10-29 09:34:50,121.8,121.77,1,121.76,7,121.84,5,121.84,121.76,121.76,7,121.73,6,,,,,,,,,,,,,,,,,121.84,5,121.85,3,121.86,5,121.87,1,121.88,3,121.89,2,121.91,3,121.93,3,121.94,3,121.96,1
2020-10-29 09:34:51,121.775,121.76,1,121.75,1,121.8,4,121.8,121.75,121.75,1,121.73,3,,,,,,,,,,,,,,,,,121.8,4,121.81,1,121.83,6,121.84,5,121.85,3,121.86,5,121.87,1,121.88,3,121.89,2,121.91,3
2020-10-29 09:34:52,121.785,121.76,1,121.74,3,121.83,2,121.83,121.74,121.74,3,121.73,9,121.72,6,121.71,9,,,,,,,,,,,,,121.83,2,121.84,6,121.85,3,121.86,5,121.87,1,121.88,3,121.89,2,121.91,3,121.93,3,121.94,3
2020-10-29 09:34:53,121.785,121.75,1,121.74,11,121.83,3,121.83,121.74,121.74,11,121.73,3,121.72,6,121.71,9,,,,,,,,,,,,,121.83,3,121.84,8,121.85,3,121.86,5,121.87,1,121.88,3,121.89,2,121.91,3,121.93,3,121.94,3
2020-10-29 09:34:54,121.785,121.75,1,121.74,11,121.83,3,121.83,121.74,121.74,11,121.73,3,121.72,6,121.71,9,,,,,,,,,,,,,121.83,3,121.84,8,121.85,3,121.86,5,121.87,1,121.88,3,121.89,2,121.91,3,121.93,3,121.94,3
2020-10-29 09:34:55,121.78,121.75,1,121.74,10,121.82,3,121.82,121.74,121.74,10,121.73,3,121.72,6,121.71,9,,,,,,,,,,,,,121.82,3,121.83,3,121.84,8,121.85,3,121.86,5,121.87,1,121.88,3,121.89,2,121.91,3,121.93,3
2020-10-29 09:34:55,121.78,121.75,1,121.74,10,121.82,3,121.82,121.74,121.74,10,121.73,3,121.72,6,121.71,9,,,,,,,,,,,,,121.82,3,121.83,3,121.84,8,121.85,3,121.86,5,121.87,1,121.88,3,121.89,2,121.91,3,121.93,3
2020-10-29 09:34:57,121.775,121.75,1,121.74,10,121.81,3,121.81,121.74,121.74,10,121.73,3,121.72,6,121.71,9,,,,,,,,,,,,,121.81,3,121.82,5,121.83,3,121.84,8,121.85,3,121.86,5,121.87,1,121.88,3,121.89,2,121.91,3
2020-10-29 09:34:58,121.75,121.71,2,121.71,6,121.79,3,121.79,121.71,121.71,6,,,,,,,,,,,,,,,,,,,121.79,3,121.8,1,121.81,3,121.82,5,121.83,3,121.84,8,121.85,3,121.86,5,121.87,1,121.88,3
2020-10-29 09:34:59,121.73,121.73,1,121.71,6,121.75,2,121.75,121.71,121.71,6,,,,,,,,,,,,,,,,,,,121.75,2,121.76,1,121.77,3,121.78,1,121.79,3,121.8,1,121.81,3,121.82,5,121.83,3,121.84,8
2020-10-29 09:35:00,121.675,121.71,3,121.63,2,121.72,3,121.72,121.63,121.63,2,,,,,,,,,,,,,,,,,,,121.72,3,121.73,2,121.74,3,121.75,2,121.76,1,121.77,3,121.78,1,121.79,3,121.8,1,121.81,3
2020-10-29 09:35:01,121.72,121.77,1,121.67,3,121.77,7,121.77,121.67,121.67,3,121.66,1,121.65,2,121.64,1,121.63,6,121.62,3,121.61,4,121.6,2,121.59,5,,,121.77,7,121.78,1,121.79,3,121.8,1,121.81,3,121.82,5,121.83,3,121.84,8,121.85,3,121.86,5
2020-10-29 09:35:02,121.725,121.77,1,121.68,3,121.77,11,121.77,121.68,121.68,3,121.67,3,121.66,1,121.65,2,121.64,1,121.63,6,121.62,3,121.61,4,121.6,2,121.59,5,121.77,11,121.78,1,121.79,3,121.8,1,121.81,3,121.82,5,121.83,3,121.84,8,121.85,3,121.86,5
2020-10-29 09:35:03,121.725,121.77,1,121.68,3,121.77,10,121.77,121.68,121.68,3,121.67,3,121.66,1,121.65,2,121.64,1,121.63,6,121.62,3,121.61,4,121.6,2,121.59,5,121.77,10,121.78,1,121.79,3,121.8,1,121.81,3,121.82,5,121.83,3,121.84,8,121.85,3,121.86,5
2020-10-29 09:35:04,121.75,121.77,1,121.71,9,121.79,1,121.79,121.71,121.71,9,121.7,3,121.69,2,121.68,5,121.67,3,121.66,1,121.65,2,121.64,1,121.63,6,121.62,3,121.79,1,121.82,6,121.83,3,121.84,8,121.85,3,121.86,5,121.87,1,121.88,3,121.89,2,121.91,3
2020-10-29 09:35:05,121.775,121.82,1,121.73,5,121.82,7,121.82,121.73,121.73,5,121.72,1,121.71,9,121.7,3,121.69,2,121.68,5,121.67,3,121.66,1,121.65,2,121.64,1,121.82,7,121.83,3,121.84,8,121.85,3,121.86,5,121.87,1,121.88,3,121.89,2,121.91,3,121.93,3
2020-10-29 09:35:06,121.78,121.82,1,121.74,4,121.82,6,121.82,121.74,121.74,4,121.73,5,121.72,1,121.71,9,121.7,3,121.69,2,121.68,5,121.67,3,121.66,1,121.65,2,121.82,6,121.83,3,121.84,8,121.85,3,121.86,5,121.87,1,121.88,3,121.89,2,121.91,3,121.93,3
2020-10-29 09:35:07,121.785,121.82,1,121.75,2,121.82,5,121.82,121.75,121.75,2,121.74,9,121.73,5,121.72,1,121.71,9,121.7,3,121.69,2,121.68,5,121.67,3,121.66,1,121.82,5,121.83,3,121.84,8,121.85,3,121.86,5,121.87,1,121.88,3,121.89,2,121.91,3,121.93,3
2020-10-29 09:35:08,121.84,121.83,1,121.82,4,121.86,1,121.86,121.82,121.82,4,121.81,6,121.8,3,121.79,4,121.78,1,121.76,1,121.75,9,121.74,9,121.73,5,121.72,1,121.86,1,121.88,5,121.9,8,121.91,3,121.93,3,121.94,3,121.96,1,121.97,3,121.98,3,121.99,7
2020-10-29 09:35:09,121.81,121.83,1,121.78,8,121.84,2,121.84,121.78,121.78,8,121.76,1,121.75,9,121.74,9,121.73,5,121.72,1,121.71,9,121.7,3,121.69,2,121.68,5,121.84,2,121.86,4,121.87,1,121.88,4,121.9,8,121.91,3,121.93,3,121.94,3,121.96,1,121.97,3
2020-10-29 09:35:10,121.815,121.82,1,121.79,5,121.84,2,121.84,121.79,121.79,5,121.78,6,121.76,1,121.75,9,121.74,9,121.73,5,121.72,1,121.71,9,121.7,3,121.69,2,121.84,2,121.86,4,121.87,1,121.88,4,121.9,8,121.91,3,121.93,3,121.94,3,121.96,1,121.97,3
2020-10-29 09:35:11,121.815,121.82,1,121.79,4,121.84,2,121.84,121.79,121.79,4,121.78,6,121.76,1,121.75,9,121.74,9,121.73,5,121.72,1,121.71,9,121.7,3,121.69,2,121.84,2,121.86,4,121.87,1,121.88,4,121.9,8,121.91,3,121.93,3,121.94,3,121.96,1,121.97,3
2020-10-29 09:35:12,121.815,121.82,1,121.79,4,121.84,2,121.84,121.79,121.79,4,121.78,6,121.76,1,121.75,9,121.74,9,121.73,5,121.72,1,121.71,9,121.7,3,121.69,2,121.84,2,121.86,4,121.87,1,121.88,4,121.9,8,121.91,3,121.93,3,121.94,3,121.96,1,121.97,3
2020-10-29 09:35:13,121.78,121.76,1,121.76,2,121.8,2,121.8,121.76,121.76,2,121.75,11,121.74,7,121.73,5,121.72,1,121.71,9,121.7,3,121.69,2,121.68,5,121.67,3,121.8,2,121.82,1,121.84,5,121.86,4,121.87,1,121.88,4,121.9,8,121.91,3,121.93,3,121.94,3
2020-10-29 09:35:14,121.8,121.76,1,121.76,6,121.84,7,121.84,121.76,121.76,6,121.75,11,121.74,7,121.73,5,121.72,1,121.71,9,121.7,3,121.69,2,121.68,5,121.67,3,121.84,7,121.86,4,121.87,1,121.88,4,121.9,8,121.91,3,121.93,3,121.94,3,121.96,1,121.97,3
2020-10-29 09:35:15,121.805,121.76,1,121.77,1,121.84,8,121.84,121.77,121.77,1,121.76,11,121.75,11,121.74,7,121.73,5,121.72,1,121.71,9,121.7,3,121.69,2,121.68,5,121.84,8,121.86,4,121.87,1,121.88,4,121.9,8,121.91,3,121.93,3,121.94,3,121.96,1,121.97,3
2020-10-29 09:35:16,121.805,121.76,1,121.77,1,121.84,8,121.84,121.77,121.77,1,121.76,11,121.75,11,121.74,7,121.73,5,121.72,1,121.71,9,121.7,3,121.69,2,121.68,5,121.84,8,121.86,4,121.87,1,121.88,4,121.9,8,121.91,3,121.93,3,121.94,3,121.96,1,121.97,3
2020-10-29 09:35:17,121.805,121.76,1,121.77,1,121.84,8,121.84,121.77,121.77,1,121.76,11,121.75,11,121.74,7,121.73,5,121.72,1,121.71,9,121.7,3,121.69,2,121.68,5,121.84,8,121.86,4,121.87,1,121.88,4,121.9,8,121.91,3,121.93,3,121.94,3,121.96,1,121.97,3
2020-10-29 09:35:18,121.805,121.76,1,121.77,4,121.84,7,121.84,121.77,121.77,4,121.76,11,121.75,11,121.74,7,121.73,5,121.72,1,121.71,9,121.7,3,121.69,2,121.68,5,121.84,7,121.86,4,121.87,1,121.88,4,121.9,8,121.91,3,121.93,3,121.94,3,121.96,1,121.97,3
2020-10-29 09:35:19,121.805,121.76,1,121.77,4,121.84,7,121.84,121.77,121.77,4,121.76,11,121.75,11,121.74,7,121.73,5,121.72,1,121.71,9,121.7,3,121.69,2,121.68,5,121.84,7,121.86,4,121.87,1,121.88,4,121.9,8,121.91,3,121.93,3,121.94,3,121.96,1,121.97,3
2020-10-29 09:35:20,121.805,121.83,1,121.77,4,121.84,7,121.84,121.77,121.77,4,121.76,11,121.75,11,121.74,7,121.73,5,121.72,1,121.71,9,121.7,3,121.69,2,121.68,5,121.84,7,121.86,4,121.87,1,121.88,4,121.9,8,121.91,3,121.93,3,121.94,3,121.96,1,121.97,3
2020-10-29 09:35:21,121.835,121.84,1,121.79,4,121.88,7,121.88,121.79,121.79,4,121.78,1,121.77,4,121.76,11,121.75,11,121.74,7,121.73,5,121.72,1,121.71,9,121.7,3,121.88,7,121.9,8,121.91,3,121.93,3,121.94,3,121.96,1,121.97,3,121.98,3,121.99,7,122.01,5
2020-10-29 09:35:22,121.82,121.84,1,121.79,5,121.85,2,121.85,121.79,121.79,5,121.78,1,121.77,4,121.76,11,121.75,11,121.74,7,121.73,5,121.72,1,121.71,9,121.7,3,121.85,2,121.88,8,121.9,8,121.91,3,121.93,3,121.94,3,121.96,1,121.97,3,121.98,3,121.99,7
2020-10-29 09:35:23,121.825,121.84,1,121.8,1,121.85,2,121.85,121.8,121.8,1,121.79,5,121.78,1,121.77,4,121.76,11,121.75,11,121.74,7,121.73,5,121.72,1,121.71,9,121.85,2,121.88,8,121.9,8,121.91,3,121.93,3,121.94,3,121.96,1,121.97,3,121.98,3,121.99,7
2020-10-29 09:35:24,121.785,121.79,1,121.74,8,121.83,3,121.83,121.74,121.74,8,121.73,5,121.72,1,121.71,9,121.7,3,121.69,2,121.68,5,121.67,3,121.66,1,121.65,2,121.83,3,121.84,1,121.85,5,121.88,8,121.9,8,121.91,3,121.93,3,121.94,3,121.96,1,121.97,3
2020-10-29 09:35:25,121.795,121.82,1,121.76,4,121.83,3,121.83,121.76,121.76,4,121.74,9,121.73,5,121.72,1,121.71,9,121.7,3,121.69,2,121.68,5,121.67,3,121.66,1,121.83,3,121.84,5,121.85,5,121.88,8,121.9,8,121.91,3,121.93,3,121.94,3,121.96,1,121.97,3
2020-10-29 09:35:26,121.785,121.82,1,121.75,3,121.82,5,121.82,121.75,121.75,3,121.74,9,121.73,5,121.72,1,121.71,9,121.7,3,121.69,2,121.68,5,121.67,3,121.66,1,121.82,5,121.83,3,121.84,5,121.85,5,121.88,8,121.9,8,121.91,3,121.93,3,121.94,3,121.96,1
2020-10-29 09:35:27,121.765,121.82,1,121.74,9,121.79,3,121.79,121.74,121.74,9,121.73,5,121.72,1,121.71,9,121.7,3,121.69,2,121.68,5,121.67,3,121.66,1,121.65,2,121.79,3,121.8,3,121.81,3,121.82,5,121.83,3,121.84,5,121.85,5,121.88,8,121.9,8,121.91,3
2020-10-29 09:35:28,121.805,121.79,1,121.77,6,121.84,5,121.84,121.77,121.77,6,121.75,5,121.74,9,121.73,5,121.72,1,121.71,9,121.7,3,121.69,2,121.68,5,121.67,3,121.84,5,121.85,5,121.88,8,121.9,8,121.91,3,121.93,3,121.94,3,121.96,1,121.97,3,121.98,3
2020-10-29 09:35:29,121.74,121.74,1,121.7,3,121.78,1,121.78,121.7,121.7,3,121.69,2,121.68,5,121.67,3,121.66,1,121.65,2,121.64,1,121.63,6,121.62,3,121.61,4,121.78,1,121.79,5,121.8,1,121.81,1,121.82,1,121.83,5,121.84,5,121.85,5,121.88,8,121.9,8
2020-10-29 09:35:30,121.695,121.7,1,121.65,4,121.74,2,121.74,121.65,121.65,4,121.64,1,121.63,6,121.62,3,121.61,4,121.6,2,121.59,5,,,,,,,121.74,2,121.75,1,121.76,1,121.77,3,121.78,2,121.79,5,121.8,1,121.81,1,121.82,1,121.83,5
2020-10-29 09:35:31,121.7,121.7,1,121.67,1,121.73,3,121.73,121.67,121.67,1,121.66,1,121.65,4,121.64,1,121.63,6,121.62,3,121.61,4,121.6,2,121.59,5,,,121.73,3,121.74,2,121.75,1,121.76,1,121.77,3,121.78,2,121.79,5,121.8,1,121.81,1,121.82,1
2020-10-29 09:35:32,121.695,121.67,1,121.66,2,121.73,3,121.73,121.66,121.66,2,121.65,2,121.64,1,121.63,12,121.62,12,121.6,5,121.59,5,,,,,,,121.73,3,121.74,2,121.75,1,121.76,1,121.77,3,121.78,2,121.79,5,121.8,1,121.81,1,121.82,1
2020-10-29 09:35:33,121.655,121.65,1,121.62,10,121.69,2,121.69,121.62,121.62,10,121.6,5,121.59,5,,,,,,,,,,,,,,,121.69,2,121.7,2,121.73,5,121.74,2,121.75,1,121.76,1,121.77,3,121.78,2,121.79,5,121.8,1
2020-10-29 09:35:34,121.685,121.69,1,121.64,4,121.73,3,121.73,121.64,121.64,4,121.63,4,121.62,14,121.6,5,121.59,5,,,,,,,,,,,121.73,3,121.74,2,121.75,1,121.76,1,121.77,3,121.78,2,121.79,5,121.8,1,121.81,1,121.82,1
2020-10-29 09:35:35,121.69,121.69,1,121.65,2,121.73,6,121.73,121.65,121.65,2,121.64,4,121.63,4,121.62,14,121.6,5,121.59,5,,,,,,,,,121.73,6,121.74,2,121.75,1,121.76,1,121.77,3,121.78,2,121.79,5,121.8,1,121.81,1,121.82,1
2020-10-29 09:35:36,121.66,121.64,1,121.61,2,121.71,2,121.71,121.61,121.61,2,121.6,7,121.59,5,,,,,,,,,,,,,,,121.71,2,121.72,1,121.73,7,121.74,2,121.75,1,121.76,1,121.77,3,121.78,2,121.79,5,121.8,1
2020-10-29 09:35:37,121.665,121.64,1,121.62,8,121.71,4,121.71,121.62,121.62,8,121.61,3,121.6,7,121.59,5,,,,,,,,,,,,,121.71,4,121.72,1,121.73,7,121.74,2,121.75,1,121.76,1,121.77,3,121.78,2,121.79,5,121.8,1
2020-10-29 09:35:38,121.665,121.64,1,121.62,8,121.71,4,121.71,121.62,121.62,8,121.61,3,121.6,7,121.59,5,,,,,,,,,,,,,121.71,4,121.72,1,121.73,7,121.74,2,121.75,1,121.76,1,121.77,3,121.78,2,121.79,5,121.8,1
2020-10-29 09:35:39,121.68,121.64,1,121.65,2,121.71,3,121.71,121.65,121.65,2,121.64,2,121.63,2,121.62,8,121.61,3,121.6,7,121.59,5,,,,,,,121.71,3,121.72,1,121.73,7,121.74,2,121.75,1,121.76,1,121.77,3,121.78,2,121.79,5,121.8,1
2020-10-29 09:35:40,121.65,121.65,1,121.61,2,121.69,5,121.69,121.61,121.61,2,121.6,7,121.59,5,,,,,,,,,,,,,,,121.69,5,121.7,4,121.71,13,121.72,1,121.73,7,121.74,2,121.75,1,121.76,1,121.77,3,121.78,2
2020-10-29 09:35:41,121.605,121.58,4,121.58,2,121.63,2,121.63,121.58,121.58,2,121.57,4,121.55,2,,,,,,,,,,,,,,,121.63,2,121.64,1,121.66,1,121.67,1,121.68,5,121.69,5,121.7,4,121.71,13,121.72,1,121.73,7
2020-10-29 09:35:42,121.605,121.58,4,121.58,2,121.63,2,121.63,121.58,121.58,2,121.57,4,121.55,2,,,,,,,,,,,,,,,121.63,2,121.64,1,121.66,1,121.67,1,121.68,5,121.69,5,121.7,4,121.71,13,121.72,1,121.73,7
2020-10-29 09:35:43,121.58,121.58,1,121.54,1,121.62,2,121.62,121.54,121.54,1,121.53,1,121.52,1,121.51,4,,,,,,,,,,,,,121.62,2,121.63,5,121.64,1,121.66,1,121.67,1,121.68,5,121.69,5,121.7,4,121.71,13,121.72,1
2020-10-29 09:35:44,121.58,121.58,1,121.54,1,121.62,2,121.62,121.54,121.54,1,121.53,1,121.52,1,121.51,4,,,,,,,,,,,,,121.62,2,121.63,5,121.64,1,121.66,1,121.67,1,121.68,5,121.69,5,121.7,4,121.71,13,121.72,1
2020-10-29 09:35:45,121.575,121.58,1,121.54,1,121.61,3,121.61,121.54,121.54,1,121.53,3,121.52,1,121.51,4,,,,,,,,,,,,,121.61,3,121.62,2,121.63,5,121.64,1,121.66,1,121.67,1,121.68,5,121.69,5,121.7,4,121.71,13
2020-10-29 09:35:46,121.57,121.58,1,121.53,2,121.61,2,121.61,121.53,121.53,2,121.52,1,121.51,4,,,,,,,,,,,,,,,121.61,2,121.63,6,121.64,1,121.66,1,121.67,1,121.68,5,121.69,5,121.7,4,121.71,13,121.72,1
2020-10-29 09:35:47,121.57,121.58,1,121.53,2,121.61,2,121.61,121.53,121.53,2,121.52,1,121.51,4,,,,,,,,,,,,,,,121.61,2,121.63,6,121.64,1,121.66,1,121.67,1,121.68,5,121.69,5,121.7,4,121.71,13,121.72,1
2020-10-29 09:35:48,121.57,121.58,1,121.53,2,121.61,2,121.61,121.53,121.53,2,121.52,1,121.51,4,,,,,,,,,,,,,,,121.61,2,121.63,6,121.64,1,121.66,1,121.67,1,121.68,5,121.69,5,121.7,4,121.71,13,121.72,1
2020-10-29 09:35:49,121.575,121.55,1,121.54,2,121.61,4,121.61,121.54,121.54,2,121.53,2,121.52,1,121.51,4,,,,,,,,,,,,,121.61,4,121.63,6,121.64,1,121.66,1,121.67,1,121.68,5,121.69,5,121.7,4,121.71,13,121.72,1
2020-10-29 09:35:50,121.565,121.59,1,121.52,7,121.61,9,121.61,121.52,121.52,7,121.51,1,121.5,2,121.49,6,,,,,,,,,,,,,121.61,9,121.63,6,121.64,1,121.66,1,121.67,1,121.68,5,121.69,5,121.7,4,121.71,13,121.72,1
2020-10-29 09:35:51,121.555,121.59,1,121.52,6,121.59,2,121.59,121.52,121.52,6,121.51,13,121.5,2,121.49,6,,,,,,,,,,,,,121.59,2,121.61,9,121.63,6,121.64,1,121.66,1,121.67,1,121.68,5,121.69,5,121.7,4,121.71,13
2020-10-29 09:35:52,121.535,121.51,1,121.5,4,121.57,2,121.57,121.5,121.5,4,121.49,6,,,,,,,,,,,,,,,,,121.57,2,121.59,4,121.61,9,121.63,6,121.64,1,121.66,1,121.67,1,121.68,5,121.69,5,121.7,4
2020-10-29 09:35:53,121.54,121.51,1,121.51,1,121.57,2,121.57,121.51,121.51,1,121.5,5,121.49,6,,,,,,,,,,,,,,,121.57,2,121.59,5,121.61,9,121.63,6,121.64,1,121.66,1,121.67,1,121.68,5,121.69,5,121.7,4
2020-10-29 09:35:54,121.535,121.51,1,121.5,2,121.57,7,121.57,121.5,121.5,2,121.49,6,,,,,,,,,,,,,,,,,121.57,7,121.59,5,121.61,9,121.63,6,121.64,1,121.66,1,121.67,1,121.68,5,121.69,5,121.7,4
2020-10-29 09:35:55,121.5,121.5,1,121.47,1,121.53,2,121.53,121.47,121.47,1,,,,,,,,,,,,,,,,,,,121.53,2,121.54,6,121.57,7,121.59,5,121.61,9,121.63,6,121.64,1,121.66,1,121.67,1,121.68,5
2020-10-29 09:35:56,121.46,121.47,1,121.43,5,121.49,2,121.49,121.43,121.43,5,121.42,2,121.41,10,,,,,,,,,,,,,,,121.49,2,121.5,6,121.51,7,121.53,2,121.54,6,121.57,7,121.59,5,121.61,9,121.63,6,121.64,1
2020-10-29 09:35:57,121.445,121.42,1,121.41,10,121.48,2,121.48,121.41,121.41,10,,,,,,,,,,,,,,,,,,,121.48,2,121.49,5,121.5,6,121.51,7,121.53,2,121.54,6,121.57,7,121.59,5,121.61,9,121.63,6
2020-10-29 09:35:58,121.44,121.44,1,121.42,2,121.46,3,121.46,121.42,121.42,2,121.41,10,,,,,,,,,,,,,,,,,121.46,3,121.47,3,121.48,2,121.49,5,121.5,6,121.51,7,121.53,2,121.54,6,121.57,7,121.59,5
2020-10-29 09:35:59,121.46,121.46,1,121.42,6,121.5,9,121.5,121.42,121.42,6,121.41,10,,,,,,,,,,,,,,,,,121.5,9,121.51,7,121.53,2,121.54,6,121.57,7,121.59,5,121.61,9,121.63,6,121.64,1,121.66,1
2020-10-29 09:36:00,121.465,121.46,1,121.43,5,121.5,10,121.5,121.43,121.43,5,121.42,9,121.41,10,,,,,,,,,,,,,,,121.5,10,121.51,7,121.53,2,121.54,6,121.57,7,121.59,5,121.61,9,121.63,6,121.64,1,121.66,1
2020-10-29 09:36:01,121.465,121.46,1,121.43,4,121.5,10,121.5,121.43,121.43,4,121.42,9,121.41,10,,,,,,,,,,,,,,,121.5,10,121.51,7,121.53,2,121.54,6,121.57,7,121.59,5,121.61,9,121.63,6,121.64,1,121.66,1
2020-10-29 09:36:02,121.465,121.46,1,121.43,4,121.5,10,121.5,121.43,121.43,4,121.42,9,121.41,10,,,,,,,,,,,,,,,121.5,10,121.51,7,121.53,2,121.54,6,121.57,7,121.59,5,121.61,9,121.63,6,121.64,1,121.66,1
2020-10-29 09:36:03,121.51,121.49,1,121.47,4,121.55,5,121.55,121.47,121.47,4,121.44,1,121.43,4,121.42,9,121.41,10,,,,,,,,,,,121.55,5,121.56,7,121.57,7,121.59,5,121.61,9,121.63,6,121.64,1,121.66,1,121.67,1,121.68,5
2020-10-29 09:36:04,121.52,121.49,1,121.48,4,121.56,9,121.56,121.48,121.48,4,121.47,5,121.44,1,121.43,4,121.42,9,121.41,10,,,,,,,,,121.56,9,121.57,7,121.59,5,121.61,9,121.63,6,121.64,1,121.66,1,121.67,1,121.68,5,121.69,5
2020-10-29 09:36:05,121.52,121.49,1,121.49,3,121.55,4,121.55,121.49,121.49,3,121.48,4,121.47,5,121.44,1,121.43,4,121.42,9,121.41,10,,,,,,,121.55,4,121.56,9,121.57,7,121.59,5,121.61,9,121.63,6,121.64,1,121.66,1,121.67,1,121.68,5
2020-10-29 09:36:06,121.495,121.48,1,121.47,3,121.52,2,121.52,121.47,121.47,3,121.44,1,121.43,4,121.42,9,121.41,10,,,,,,,,,,,121.52,2,121.54,1,121.55,4,121.56,9,121.57,7,121.59,5,121.61,9,121.63,6,121.64,1,121.66,1
2020-10-29 09:36:07,121.485,121.44,1,121.44,5,121.53,6,121.53,121.44,121.44,5,121.43,5,121.42,9,121.41,10,,,,,,,,,,,,,121.53,6,121.54,1,121.55,4,121.56,9,121.57,7,121.59,5,121.61,9,121.63,6,121.64,1,121.66,1
2020-10-29 09:36:08,121.495,121.44,1,121.46,4,121.53,5,121.53,121.46,121.46,4,121.45,3,121.44,5,121.43,5,121.42,9,121.41,10,,,,,,,,,121.53,5,121.54,1,121.55,4,121.56,9,121.57,7,121.59,5,121.61,9,121.63,6,121.64,1,121.66,1
2020-10-29 09:36:09,121.495,121.44,1,121.46,1,121.53,5,121.53,121.46,121.46,1,121.45,4,121.44,5,121.43,5,121.42,9,121.41,10,,,,,,,,,121.53,5,121.54,1,121.55,4,121.56,9,121.57,7,121.59,5,121.61,9,121.63,6,121.64,1,121.66,1
2020-10-29 09:36:10,121.525,121.53,1,121.49,1,121.56,9,121.56,121.49,121.49,1,121.48,17,121.47,3,121.46,1,121.45,4,121.44,5,121.43,5,121.42,9,121.41,10,,,121.56,9,121.57,7,121.59,5,121.61,9,121.63,6,121.64,1,121.66,1,121.67,1,121.68,5,121.69,5
2020-10-29 09:36:11,121.525,121.53,1,121.49,2,121.56,8,121.56,121.49,121.49,2,121.48,17,121.47,3,121.46,1,121.45,4,121.44,5,121.43,5,121.42,9,121.41,10,,,121.56,8,121.57,7,121.59,5,121.61,9,121.63,6,121.64,1,121.66,1,121.67,1,121.68,5,121.69,5
2020-10-29 09:36:12,121.535,121.53,1,121.51,3,121.56,8,121.56,121.51,121.51,3,121.5,3,121.49,4,121.48,17,121.47,3,121.46,1,121.45,4,121.44,5,121.43,5,121.42,9,121.56,8,121.57,7,121.59,5,121.61,9,121.63,6,121.64,1,121.66,1,121.67,1,121.68,5,121.69,5
2020-10-29 09:36:13,121.535,121.53,1,121.51,2,121.56,8,121.56,121.51,121.51,2,121.49,4,121.48,17,121.47,3,121.46,1,121.45,4,121.44,5,121.43,5,121.42,9,121.41,10,121.56,8,121.57,7,121.59,5,121.61,9,121.63,6,121.64,1,121.66,1,121.67,1,121.68,5,121.69,5
2020-10-29 09:36:14,121.535,121.53,1,121.51,3,121.56,8,121.56,121.51,121.51,3,121.5,4,121.49,4,121.48,17,121.47,3,121.46,1,121.45,4,121.44,5,121.43,5,121.42,9,121.56,8,121.57,7,121.59,5,121.61,9,121.63,6,121.64,1,121.66,1,121.67,1,121.68,5,121.69,5
2020-10-29 09:36:15,121.53,121.53,1,121.5,3,121.56,8,121.56,121.5,121.5,3,121.49,4,121.48,17,121.47,3,121.46,1,121.45,4,121.44,5,121.43,5,121.42,9,121.41,10,121.56,8,121.57,7,121.59,5,121.61,9,121.63,6,121.64,1,121.66,1,121.67,1,121.68,5,121.69,5
2020-10-29 09:36:16,121.505,121.5,1,121.48,3,121.53,1,121.53,121.48,121.48,3,121.47,3,121.46,1,121.45,4,121.44,5,121.43,5,121.42,9,121.41,10,,,,,121.53,1,121.55,12,121.56,8,121.57,7,121.59,5,121.61,9,121.63,6,121.64,1,121.66,1,121.67,1
2020-10-29 09:36:17,121.52,121.5,1,121.48,4,121.56,11,121.56,121.48,121.48,4,121.47,3,121.46,1,121.45,4,121.44,5,121.43,5,121.42,9,121.41,10,,,,,121.56,11,121.57,7,121.59,5,121.61,9,121.63,6,121.64,1,121.66,1,121.67,1,121.68,5,121.69,5
2020-10-29 09:36:18,121.53,121.5,1,121.5,3,121.56,10,121.56,121.5,121.5,3,121.49,3,121.48,4,121.47,3,121.46,1,121.45,4,121.44,5,121.43,5,121.42,9,121.41,10,121.56,10,121.57,7,121.59,5,121.61,9,121.63,6,121.64,1,121.66,1,121.67,1,121.68,5,121.69,5
2020-10-29 09:36:19,121.535,121.51,2,121.5,4,121.57,4,121.57,121.5,121.5,4,121.49,3,121.48,4,121.47,3,121.46,1,121.45,4,121.44,5,121.43,5,121.42,9,121.41,10,121.57,4,121.58,2,121.59,6,121.61,9,121.63,6,121.64,1,121.66,1,121.67,1,121.68,5,121.69,5
2020-10-29 09:36:20,121.515,121.48,1,121.48,2,121.55,5,121.55,121.48,121.48,2,121.47,7,121.46,1,121.45,4,121.44,5,121.43,5,121.42,9,121.41,10,,,,,121.55,5,121.57,15,121.58,2,121.59,6,121.61,9,121.63,6,121.64,1,121.66,1,121.67,1,121.68,5
2020-10-29 09:36:21,121.5,121.47,1,121.47,1,121.53,3,121.53,121.47,121.47,1,121.46,2,121.45,4,121.44,5,121.43,5,121.42,9,121.41,10,,,,,,,121.53,3,121.54,1,121.55,8,121.56,10,121.57,9,121.58,2,121.59,6,121.61,9,121.63,6,121.64,1
2020-10-29 09:36:22,121.46,121.46,6,121.43,7,121.49,2,121.49,121.43,121.43,7,121.42,9,121.41,10,,,,,,,,,,,,,,,121.49,2,121.5,2,121.52,2,121.53,3,121.54,1,121.55,8,121.56,10,121.57,9,121.58,2,121.59,6
2020-10-29 09:36:23,121.39,121.38,1,121.35,4,121.43,5,121.43,121.35,121.35,4,,,,,,,,,,,,,,,,,,,121.43,5,121.45,5,121.46,5,121.48,3,121.49,2,121.5,2,121.52,2,121.53,3,121.54,1,121.55,8
2020-10-29 09:36:24,121.36,121.41,1,121.33,4,121.39,1,121.39,121.33,121.33,4,121.32,4,,,,,,,,,,,,,,,,,121.39,1,121.41,3,121.42,3,121.43,5,121.45,5,121.46,5,121.48,3,121.49,2,121.5,2,121.52,2
2020-10-29 09:36:25,121.355,121.41,1,121.32,1,121.39,3,121.39,121.32,121.32,1,121.31,4,,,,,,,,,,,,,,,,,121.39,3,121.41,3,121.42,3,121.43,5,121.45,5,121.46,5,121.48,3,121.49,2,121.5,2,121.52,2
2020-10-29 09:36:26,121.36,121.41,1,121.33,1,121.39,3,121.39,121.33,121.33,1,121.32,1,121.31,4,,,,,,,,,,,,,,,121.39,3,121.41,3,121.42,3,121.43,5,121.45,5,121.46,5,121.48,3,121.49,2,121.5,2,121.52,2
2020-10-29 09:36:27,121.355,121.41,1,121.33,1,121.38,3,121.38,121.33,121.33,1,121.32,1,121.31,4,,,,,,,,,,,,,,,121.38,3,121.39,3,121.41,3,121.42,3,121.43,5,121.45,5,121.46,5,121.48,3,121.49,2,121.5,2
2020-10-29 09:36:28,121.33,121.33,1,121.29,2,121.37,7,121.37,121.29,121.29,2,,,,,,,,,,,,,,,,,,,121.37,7,121.38,5,121.39,3,121.41,3,121.42,3,121.43,5,121.45,5,121.46,5,121.48,3,121.49,2
2020-10-29 09:36:29,121.335,121.33,1,121.3,2,121.37,8,121.37,121.3,121.3,2,121.29,2,121.28,3,,,,,,,,,,,,,,,121.37,8,121.38,5,121.39,3,121.41,3,121.42,3,121.43,5,121.45,5,121.46,5,121.48,3,121.49,2
2020-10-29 09:36:30,121.33,121.29,4,121.29,2,121.37,5,121.37,121.29,121.29,2,121.28,2,,,,,,,,,,,,,,,,,121.37,5,121.38,4,121.39,3,121.41,3,121.42,3,121.43,5,121.45,5,121.46,5,121.48,3,121.49,2
2020-10-29 09:36:31,121.335,121.29,4,121.3,3,121.37,4,121.37,121.3,121.3,3,121.29,13,121.28,2,,,,,,,,,,,,,,,121.37,4,121.38,4,121.39,3,121.41,3,121.42,3,121.43,5,121.45,5,121.46,5,121.48,3,121.49,2
2020-10-29 09:36:32,121.365,121.37,1,121.34,2,121.39,4,121.39,121.34,121.34,2,121.33,2,121.32,1,121.31,9,121.3,3,121.29,13,121.28,2,,,,,,,121.39,4,121.41,3,121.42,3,121.43,5,121.45,5,121.46,5,121.48,3,121.49,2,121.5,2,121.52,2
2020-10-29 09:36:33,121.36,121.34,1,121.33,2,121.39,8,121.39,121.33,121.33,2,121.32,1,121.31,9,121.3,3,121.29,13,121.28,2,,,,,,,,,121.39,8,121.41,3,121.42,3,121.43,5,121.45,5,121.46,5,121.48,3,121.49,2,121.5,2,121.52,2
2020-10-29 09:36:34,121.365,121.34,1,121.34,3,121.39,9,121.39,121.34,121.34,3,121.33,4,121.32,1,121.31,9,121.3,3,121.29,13,121.28,2,,,,,,,121.39,9,121.41,3,121.42,3,121.43,5,121.45,5,121.46,5,121.48,3,121.49,2,121.5,2,121.52,2
2020-10-29 09:36:35,121.34,121.33,10,121.3,4,121.38,3,121.38,121.3,121.3,4,121.29,10,121.28,2,,,,,,,,,,,,,,,121.38,3,121.39,9,121.41,3,121.42,3,121.43,5,121.45,5,121.46,5,121.48,3,121.49,2,121.5,2
2020-10-29 09:36:36,121.335,121.3,2,121.3,4,121.37,4,121.37,121.3,121.3,4,121.29,10,121.28,2,,,,,,,,,,,,,,,121.37,4,121.38,2,121.39,9,121.41,3,121.42,3,121.43,5,121.45,5,121.46,5,121.48,3,121.49,2
2020-10-29 09:36:37,121.325,121.31,1,121.3,4,121.35,1,121.35,121.3,121.3,4,121.29,10,121.28,2,,,,,,,,,,,,,,,121.35,1,121.36,1,121.37,3,121.38,2,121.39,9,121.41,3,121.42,3,121.43,5,121.45,5,121.46,5
2020-10-29 09:36:38,121.33,121.31,1,121.3,4,121.36,5,121.36,121.3,121.3,4,121.29,10,121.28,2,,,,,,,,,,,,,,,121.36,5,121.37,4,121.38,2,121.39,9,121.41,3,121.42,3,121.43,5,121.45,5,121.46,5,121.48,3
2020-10-29 09:36:39,121.36,121.35,1,121.33,6,121.39,4,121.39,121.33,121.33,6,121.32,3,121.31,5,121.3,6,121.29,10,121.28,2,,,,,,,,,121.39,4,121.4,1,121.41,3,121.42,3,121.43,5,121.45,5,121.46,5,121.48,3,121.49,2,121.5,2
2020-10-29 09:36:40,121.425,121.35,1,121.38,2,121.47,2,121.47,121.38,121.38,2,121.37,2,121.36,3,121.35,7,121.34,4,121.33,6,121.32,3,121.31,5,121.3,6,121.29,10,121.47,2,121.48,14,121.49,2,121.5,2,121.52,2,121.53,3,121.54,1,121.55,8,121.56,10,121.57,9
2020-10-29 09:36:41,121.415,121.35,1,121.38,4,121.45,7,121.45,121.38,121.38,4,121.37,4,121.36,3,121.35,7,121.34,4,121.33,6,121.32,3,121.31,5,121.3,6,121.29,10,121.45,7,121.46,2,121.47,10,121.48,15,121.49,2,121.5,2,121.52,2,121.53,3,121.54,1,121.55,8
