sim_time,mid_price,last_price,last_size,best_bid_price,best_bid_size,best_ask_price,best_ask_size,close_price_buy,close_price_sell,bid1_price,bid1_size,bid2_price,bid2_size,bid3_price,bid3_size,bid4_price,bid4_size,bid5_price,bid5_size,bid6_price,bid6_size,bid7_price,bid7_size,bid8_price,bid8_size,bid9_price,bid9_size,bid10_price,bid10_size,ask1_price,ask1_size,ask2_price,ask2_size,ask3_price,ask3_size,ask4_price,ask4_size,ask5_price,ask5_size,ask6_price,ask6_size,ask7_price,ask7_size,ask8_price,ask8_size,ask9_price,ask9_size,ask10_price,ask10_size
2020-10-29 09:30:27,510.98,0.0,0,510.55,4,511.41,1,511.41,510.55,510.55,4,510.4,4,510.39,3,510.19,1,510.12,1,510.0,66,,,,,,,,,511.41,1,511.71,9,512.04,3,512.17,2,512.35,1,512.36,3,512.56,1,512.75,1,512.84,1,512.9,2
2020-10-29 09:30:28,510.98,511.19,1,510.55,3,511.41,1,511.41,510.55,510.55,3,510.4,4,510.39,3,510.19,1,510.12,1,510.0,66,,,,,,,,,511.41,1,511.71,9,512.04,3,512.17,2,512.35,1,512.36,3,512.56,1,512.75,1,512.84,1,512.9,2
2020-10-29 09:30:29,510.98,510.84,1,510.55,2,511.41,4,511.41,510.55,510.55,2,510.4,4,510.39,3,510.19,1,510.12,1,510.0,66,,,,,,,,,511.41,4,511.71,9,512.04,3,512.17,2,512.35,1,512.36,3,512.56,1,512.75,1,512.84,1,512.9,2
2020-10-29 09:30:30,510.975,510.98,1,510.55,2,511.4,4,511.4,510.55,510.55,2,510.4,4,510.39,3,510.19,1,510.12,1,510.0,66,,,,,,,,,511.4,4,511.41,3,511.71,9,512.04,3,512.17,2,512.35,1,512.36,3,512.56,1,512.75,1,512.84,1
2020-10-29 09:30:31,511.055,511.4,1,510.7,1,511.41,3,511.41,510.7,510.7,1,510.55,2,510.4,4,510.39,3,510.19,1,510.12,1,510.0,66,,,,,,,511.41,3,511.71,9,512.04,3,512.17,2,512.35,1,512.36,3,512.56,1,512.75,1,512.84,1,512.9,2
2020-10-29 09:30:32,511.135,511.25,1,510.86,1,511.41,3,511.41,510.86,510.86,1,510.7,2,510.55,2,510.4,4,510.39,3,510.19,1,510.12,1,510.0,66,,,,,511.41,3,511.71,9,512.04,3,512.17,2,512.35,1,512.36,3,512.56,1,512.75,1,512.84,1,512.9,2
2020-10-29 09:30:34,511.52,511.99,1,511.05,3,511.99,3,511.99,511.05,511.05,3,511.04,2,511.03,1,510.87,1,510.86,2,510.7,2,510.55,2,510.4,4,510.39,3,510.19,1,511.99,3,512.0,1,512.04,3,512.17,2,512.35,1,512.36,3,512.56,1,512.75,1,512.84,1,512.9,2
2020-10-29 09:30:34,511.52,511.71,5,511.05,4,511.99,3,511.99,511.05,511.05,4,511.04,2,511.03,1,510.87,1,510.86,2,510.7,2,510.55,2,510.4,4,510.39,3,510.19,1,511.99,3,512.0,1,512.04,3,512.17,2,512.35,1,512.36,3,512.56,1,512.75,1,512.84,1,512.9,2
2020-10-29 09:30:35,511.52,511.68,6,511.05,5,511.99,3,511.99,511.05,511.05,5,511.04,2,511.03,1,510.87,1,510.86,2,510.7,2,510.55,2,510.4,4,510.39,3,510.19,1,511.99,3,512.0,1,512.04,3,512.17,2,512.35,1,512.36,3,512.56,1,512.75,1,512.84,1,512.9,2
2020-10-29 09:30:36,512.325,511.95,1,511.9,5,512.75,1,512.75,511.9,511.9,5,511.89,1,511.88,1,511.8,2,511.67,4,511.66,1,511.53,1,511.51,1,511.24,1,511.05,4,512.75,1,512.84,1,512.9,2,513.05,1,513.11,1,513.12,3,513.19,2,513.2,3,513.65,1,,
2020-10-29 09:30:37,512.33,512.06,2,511.91,5,512.75,1,512.75,511.91,511.91,5,511.9,5,511.89,1,511.88,1,511.8,2,511.67,4,511.66,1,511.53,1,511.51,1,511.24,1,512.75,1,512.84,1,512.9,2,513.05,1,513.11,1,513.12,3,513.19,2,513.2,3,513.65,1,,
2020-10-29 09:30:38,512.335,511.97,1,511.92,2,512.75,1,512.75,511.92,511.92,2,511.91,4,511.9,5,511.89,1,511.88,1,511.8,2,511.67,4,511.66,1,511.53,1,511.51,1,512.75,1,512.84,1,512.9,2,513.05,1,513.11,1,513.12,3,513.19,2,513.2,3,513.65,1,,
2020-10-29 09:30:39,512.335,511.92,1,511.92,3,512.75,1,512.75,511.92,511.92,3,511.91,4,511.9,5,511.89,1,511.88,1,511.8,2,511.67,4,511.66,1,511.53,1,511.51,1,512.75,1,512.84,1,512.9,2,513.05,1,513.11,1,513.12,3,513.19,2,513.2,3,513.65,1,,
2020-10-29 09:30:40,512.35,512.71,3,511.95,4,512.75,1,512.75,511.95,511.95,4,511.94,3,511.93,2,511.92,5,511.91,4,511.9,5,511.89,1,511.88,1,511.8,2,511.67,4,512.75,1,512.84,1,512.9,2,513.05,1,513.11,1,513.12,3,513.19,2,513.2,3,513.65,1,,
2020-10-29 09:30:41,512.665,512.9,1,512.41,2,512.92,1,512.92,512.41,512.41,2,512.26,2,511.96,1,511.95,3,511.94,3,511.93,2,511.92,5,511.91,4,511.9,5,511.89,1,512.92,1,513.11,1,513.12,3,513.19,2,513.2,3,513.65,1,,,,,,,,
2020-10-29 09:30:42,513.025,513.11,1,512.77,2,513.28,1,513.28,512.77,512.77,2,512.76,3,512.75,6,512.63,1,512.49,1,512.48,3,512.42,2,512.41,3,512.26,2,511.96,1,513.28,1,513.65,1,,,,,,,,,,,,,,,,
2020-10-29 09:30:43,513.08,513.09,1,512.78,1,513.38,1,513.38,512.78,512.78,1,512.77,2,512.76,3,512.75,6,512.63,1,512.49,1,512.48,3,512.42,2,512.41,3,512.26,2,513.38,1,513.65,1,,,,,,,,,,,,,,,,
2020-10-29 09:30:44,513.07,512.86,1,512.77,3,513.37,1,513.37,512.77,512.77,3,512.76,3,512.75,6,512.63,1,512.49,1,512.48,3,512.42,2,512.41,3,512.26,2,511.96,1,513.37,1,513.38,1,513.65,1,,,,,,,,,,,,,,
2020-10-29 09:30:45,513.075,513.32,1,512.77,2,513.38,1,513.38,512.77,512.77,2,512.76,3,512.75,6,512.63,1,512.49,1,512.48,3,512.42,2,512.41,3,512.26,2,511.96,1,513.38,1,513.65,1,,,,,,,,,,,,,,,,
2020-10-29 09:30:46,513.09,513.28,1,512.8,2,513.38,1,513.38,512.8,512.8,2,512.79,3,512.78,3,512.77,2,512.76,3,512.75,6,512.63,1,512.49,1,512.48,3,512.42,2,513.38,1,513.65,1,,,,,,,,,,,,,,,,
2020-10-29 09:30:47,513.26,513.34,1,513.1,4,513.42,1,513.42,513.1,513.1,4,513.09,2,513.08,3,512.94,1,512.93,8,512.81,1,512.8,2,512.79,3,512.78,3,512.77,2,513.42,1,513.5,1,513.65,1,,,,,,,,,,,,,,
2020-10-29 09:30:49,513.255,513.41,1,513.09,4,513.42,1,513.42,513.09,513.09,4,513.08,3,512.94,1,512.93,8,512.81,1,512.8,2,512.79,3,512.78,3,512.77,2,512.76,3,513.42,1,513.5,1,513.65,1,,,,,,,,,,,,,,
2020-10-29 09:30:49,513.375,513.5,2,513.1,1,513.65,1,513.65,513.1,513.1,1,513.09,3,513.08,3,512.94,1,512.93,8,512.81,1,512.8,2,512.79,3,512.78,3,512.77,2,513.65,1,,,,,,,,,,,,,,,,,,
2020-10-29 09:30:50,513.38,513.22,1,513.11,1,513.65,1,513.65,513.11,513.11,1,513.09,4,513.08,3,512.94,1,512.93,8,512.81,1,512.8,2,512.79,3,512.78,3,512.77,2,513.65,1,,,,,,,,,,,,,,,,,,
2020-10-29 09:30:51,513.38,513.38,1,513.11,1,513.65,1,513.65,513.11,513.11,1,513.09,4,513.08,3,512.94,1,512.93,8,512.81,1,512.8,2,512.79,3,512.78,3,512.77,2,513.65,1,,,,,,,,,,,,,,,,,,
2020-10-29 09:30:52,513.67,513.61,1,513.39,5,513.95,8,513.95,513.39,513.39,5,513.38,6,513.32,1,513.19,1,513.18,5,513.17,5,513.12,1,513.11,1,513.09,4,513.08,3,513.95,8,,,,,,,,,,,,,,,,,,
2020-10-29 09:30:54,513.865,514.03,1,513.51,2,514.22,2,514.22,513.51,513.51,2,513.39,3,513.38,6,513.32,1,513.19,1,513.18,5,513.17,5,513.12,1,513.11,1,513.09,4,514.22,2,514.4,1,,,,,,,,,,,,,,,,
2020-10-29 09:30:55,513.865,514.0,1,513.51,2,514.22,1,514.22,513.51,513.51,2,513.39,3,513.38,6,513.32,1,513.19,1,513.18,5,513.17,5,513.12,1,513.11,1,513.09,4,514.22,1,514.4,1,,,,,,,,,,,,,,,,
2020-10-29 09:30:55,514.22,514.5,1,513.94,1,514.5,11,514.5,513.94,513.94,1,513.93,2,513.82,2,513.81,4,513.8,2,513.79,1,513.77,1,513.63,1,513.51,4,513.39,3,514.5,11,,,,,,,,,,,,,,,,,,
2020-10-29 09:30:57,514.22,514.25,1,513.94,2,514.5,12,514.5,513.94,513.94,2,513.93,2,513.82,2,513.81,4,513.8,2,513.79,1,513.77,1,513.63,1,513.51,4,513.39,3,514.5,12,,,,,,,,,,,,,,,,,,
2020-10-29 09:30:57,514.22,514.25,1,513.94,2,514.5,12,514.5,513.94,513.94,2,513.93,2,513.82,2,513.81,4,513.8,2,513.79,1,513.77,1,513.63,1,513.51,4,513.39,3,514.5,12,,,,,,,,,,,,,,,,,,
2020-10-29 09:30:59,514.225,514.5,1,513.95,1,514.5,12,514.5,513.95,513.95,1,513.94,2,513.93,2,513.82,2,513.81,4,513.8,2,513.79,1,513.77,1,513.63,1,513.51,4,514.5,12,,,,,,,,,,,,,,,,,,
2020-10-29 09:31:00,514.22,514.5,1,513.95,1,514.49,1,514.49,513.95,513.95,1,513.94,2,513.93,2,513.82,2,513.81,4,513.8,2,513.79,1,513.77,1,513.63,1,513.51,4,514.49,1,514.5,12,,,,,,,,,,,,,,,,
2020-10-29 09:31:01,514.32,514.5,1,514.14,1,514.5,12,514.5,514.14,514.14,1,513.94,3,513.93,2,513.82,2,513.81,4,513.8,2,513.79,1,513.77,1,513.63,1,513.51,4,514.5,12,,,,,,,,,,,,,,,,,,
2020-10-29 09:31:02,514.58,514.45,1,514.46,1,514.7,2,514.7,514.46,514.46,1,514.35,1,514.34,1,514.27,1,514.23,2,513.96,2,513.94,3,513.93,2,513.82,2,513.81,4,514.7,2,,,,,,,,,,,,,,,,,,
2020-10-29 09:31:02,515.07,515.13,1,514.77,1,515.37,1,515.37,514.77,514.77,1,514.75,5,514.69,4,514.68,2,514.67,1,514.52,1,514.41,1,514.35,3,514.34,1,514.27,1,515.37,1,,,,,,,,,,,,,,,,,,
2020-10-29 09:31:04,515.065,514.9,1,514.77,1,515.36,1,515.36,514.77,514.77,1,514.75,5,514.69,4,514.68,2,514.67,1,514.52,1,514.41,1,514.35,3,514.34,1,514.27,1,515.36,1,515.37,2,,,,,,,,,,,,,,,,
2020-10-29 09:31:05,515.07,515.36,1,514.77,1,515.37,3,515.37,514.77,514.77,1,514.75,5,514.69,4,514.68,2,514.67,1,514.52,1,514.41,1,514.35,3,514.34,1,514.27,1,515.37,3,,,,,,,,,,,,,,,,,,
2020-10-29 09:31:06,515.07,515.32,1,514.77,4,515.37,2,515.37,514.77,514.77,4,514.75,5,514.69,4,514.68,2,514.67,1,514.52,1,514.41,1,514.35,3,514.34,1,514.27,1,515.37,2,,,,,,,,,,,,,,,,,,
2020-10-29 09:31:07,515.065,515.06,8,514.77,4,515.36,1,515.36,514.77,514.77,4,514.75,5,514.69,4,514.68,2,514.67,1,514.52,1,514.41,1,514.35,3,514.34,1,514.27,1,515.36,1,515.37,1,,,,,,,,,,,,,,,,
2020-10-29 09:31:08,515.06,514.94,7,514.77,6,515.35,1,515.35,514.77,514.77,6,514.75,5,514.69,4,514.68,2,514.67,1,514.52,1,514.41,1,514.35,3,514.34,1,514.27,1,515.35,1,515.36,1,515.37,1,,,,,,,,,,,,,,
2020-10-29 09:31:09,514.845,515.28,1,514.41,1,515.28,1,515.01,514.41,514.41,1,514.35,3,514.34,1,514.27,1,514.23,2,513.96,2,513.94,3,513.93,2,513.82,2,513.81,4,515.28,1,515.36,2,515.37,1,,,,,,,,,,,,,,
2020-10-29 09:31:10,514.78,514.58,1,514.28,2,515.28,1,515.28,514.28,514.28,2,514.27,6,514.26,1,514.25,1,514.23,2,513.96,2,513.94,3,513.93,2,513.82,2,513.81,4,515.28,1,515.36,2,515.37,1,,,,,,,,,,,,,,
2020-10-29 09:31:11,514.69,515.28,1,514.25,1,515.13,1,515.13,514.25,514.25,1,514.23,2,513.96,2,513.94,3,513.93,2,513.82,2,513.81,4,513.8,2,513.79,1,513.77,1,515.13,1,515.28,1,515.36,2,515.37,1,,,,,,,,,,,,
2020-10-29 09:31:12,514.585,514.48,2,514.25,1,514.92,1,514.92,514.25,514.25,1,514.23,2,513.96,2,513.94,3,513.93,2,513.82,2,513.81,4,513.8,2,513.79,1,513.77,1,514.92,1,515.1,1,515.13,1,515.28,1,515.36,2,515.37,1,,,,,,,,
2020-10-29 09:31:13,514.57,514.81,2,514.25,2,514.89,1,514.89,514.25,514.25,2,514.23,2,513.96,2,513.94,3,513.93,2,513.82,2,513.81,4,513.8,2,513.79,1,513.77,1,514.89,1,515.21,1,515.28,1,515.36,2,515.37,1,,,,,,,,,,
2020-10-29 09:31:14,514.56,514.65,1,514.25,2,514.87,1,514.87,514.25,514.25,2,514.23,2,513.96,2,513.94,3,513.93,2,513.82,2,513.81,4,513.8,2,513.79,1,513.77,1,514.87,1,514.88,1,515.12,1,515.21,1,515.28,1,515.36,2,515.37,1,,,,,,
2020-10-29 09:31:15,514.575,514.57,1,514.27,1,514.88,1,514.88,514.27,514.27,1,514.25,2,514.23,2,513.96,2,513.94,3,513.93,2,513.82,2,513.81,4,513.8,2,513.79,1,514.88,1,515.12,1,515.21,1,515.28,1,515.36,2,515.37,1,,,,,,,,
2020-10-29 09:31:16,514.585,514.54,5,514.27,1,514.9,2,514.9,514.27,514.27,1,514.25,2,514.23,2,513.96,2,513.94,3,513.93,2,513.82,2,513.81,4,513.8,2,513.79,1,514.9,2,515.19,2,515.27,1,515.28,1,515.36,2,515.37,1,,,,,,,,
2020-10-29 09:31:17,514.485,514.63,1,514.27,1,514.7,1,514.7,514.27,514.27,1,514.25,2,514.23,2,513.96,2,513.94,3,513.93,2,513.82,2,513.81,4,513.8,2,513.79,1,514.7,1,514.9,1,515.19,2,515.27,1,515.28,1,515.36,2,515.37,1,,,,,,
2020-10-29 09:31:18,514.475,514.7,3,514.27,0,514.7,1,514.7,514.25,514.25,2,514.23,2,513.96,2,513.94,3,513.93,2,513.82,2,513.81,4,513.8,2,513.79,1,513.77,1,514.7,1,514.9,1,515.19,2,515.27,1,515.28,1,515.36,2,515.37,1,,,,,,
2020-10-29 09:31:19,514.485,514.7,2,514.27,1,514.7,1,514.7,514.27,514.27,1,514.25,2,514.23,2,513.96,2,513.94,3,513.93,2,513.82,2,513.81,4,513.8,2,513.79,1,514.7,1,514.9,1,515.19,2,515.27,1,515.28,1,515.36,2,515.37,1,,,,,,
2020-10-29 09:31:20,514.49,514.2,1,514.1,2,514.88,1,514.88,514.1,514.1,2,513.96,2,513.94,3,513.93,2,513.82,2,513.81,4,513.8,2,513.79,1,513.77,1,513.63,1,514.88,1,515.0,1,515.19,2,515.27,1,515.28,1,515.36,2,515.37,1,,,,,,
2020-10-29 09:31:21,513.81,513.51,1,513.51,3,514.11,20,514.11,513.51,513.51,3,513.39,3,513.38,6,513.32,1,513.19,1,513.18,5,513.17,5,513.12,1,513.11,1,513.09,4,514.11,20,514.34,1,514.43,1,514.54,2,514.67,1,514.69,1,514.81,1,514.99,1,515.0,1,515.19,2
2020-10-29 09:31:22,513.81,513.96,1,513.51,2,514.11,15,514.11,513.51,513.51,2,513.39,3,513.38,6,513.32,1,513.19,1,513.18,5,513.17,5,513.12,1,513.11,1,513.09,4,514.11,15,514.34,1,514.43,1,514.54,2,514.67,1,514.69,1,514.81,1,514.99,1,515.0,1,515.19,2
2020-10-29 09:31:23,513.755,513.71,2,513.51,2,514.0,3,514.0,513.51,513.51,2,513.39,3,513.38,6,513.32,1,513.19,1,513.18,5,513.17,5,513.12,1,513.11,1,513.09,4,514.0,3,514.11,14,514.34,1,514.43,1,514.54,2,514.67,1,514.69,1,514.81,1,514.99,1,515.0,1
2020-10-29 09:31:24,513.8,513.65,1,513.62,2,513.98,2,513.98,513.62,513.62,2,513.52,3,513.51,3,513.39,3,513.38,6,513.32,1,513.19,1,513.18,5,513.17,5,513.12,1,513.98,2,513.99,2,514.0,4,514.11,14,514.34,1,514.43,1,514.54,2,514.67,1,514.69,1,514.81,1
2020-10-29 09:31:25,513.805,513.96,1,513.62,2,513.99,5,513.99,513.62,513.62,2,513.52,3,513.51,3,513.39,3,513.38,6,513.32,1,513.19,1,513.18,5,513.17,5,513.12,1,513.99,5,514.0,4,514.11,14,514.34,1,514.43,1,514.54,2,514.67,1,514.69,1,514.81,1,514.99,1
2020-10-29 09:31:26,513.75,513.75,2,513.52,2,513.98,1,513.98,513.52,513.52,2,513.51,3,513.39,3,513.38,6,513.32,1,513.19,1,513.18,5,513.17,5,513.12,1,513.11,1,513.98,1,513.99,2,514.0,3,514.11,14,514.34,1,514.43,1,514.54,2,514.67,1,514.69,1,514.81,1
2020-10-29 09:31:27,513.15,513.52,1,512.83,1,513.47,2,513.47,512.83,512.83,1,512.81,1,512.8,2,512.79,3,512.78,3,512.77,2,512.76,3,512.75,6,512.63,1,512.49,1,513.47,2,513.64,1,513.73,1,513.74,2,513.98,1,513.99,2,514.0,3,514.11,14,514.34,1,514.43,1
2020-10-29 09:31:28,513.15,513.0,1,512.83,1,513.47,3,513.47,512.83,512.83,1,512.81,1,512.8,2,512.79,3,512.78,3,512.77,2,512.76,3,512.75,6,512.63,1,512.49,1,513.47,3,513.64,1,513.73,1,513.74,2,513.98,1,513.99,2,514.0,3,514.11,14,514.34,1,514.43,1
2020-10-29 09:31:29,513.235,513.47,1,513.01,3,513.46,3,513.46,513.01,513.01,3,513.0,1,512.83,1,512.81,1,512.8,2,512.79,3,512.78,3,512.77,2,512.76,3,512.75,6,513.46,3,513.47,3,513.64,1,513.73,1,513.74,2,513.98,1,513.99,2,514.0,3,514.11,14,514.34,1
2020-10-29 09:31:30,513.24,513.01,1,513.01,2,513.47,3,513.47,513.01,513.01,2,513.0,4,512.83,1,512.81,1,512.8,2,512.79,3,512.78,3,512.77,2,512.76,3,512.75,6,513.47,3,513.64,1,513.73,1,513.74,2,513.98,1,513.99,2,514.0,3,514.11,14,514.34,1,514.43,1
2020-10-29 09:31:31,513.24,513.01,1,513.01,2,513.47,3,513.47,513.01,513.01,2,513.0,5,512.83,1,512.81,1,512.8,2,512.79,3,512.78,3,512.77,2,512.76,3,512.75,6,513.47,3,513.64,1,513.73,1,513.74,2,513.98,1,513.99,2,514.0,3,514.11,14,514.34,1,514.43,1
2020-10-29 09:31:32,513.625,513.47,1,513.25,3,514.0,3,514.0,513.25,513.25,3,513.02,2,513.01,2,513.0,5,512.83,1,512.81,1,512.8,2,512.79,3,512.78,3,512.77,2,514.0,3,514.11,14,514.34,1,514.43,1,514.54,2,514.67,1,514.69,1,514.81,1,514.99,1,515.0,1
2020-10-29 09:31:33,513.615,513.98,1,513.25,3,513.98,3,513.98,513.25,513.25,3,513.02,2,513.01,2,513.0,5,512.83,1,512.81,1,512.8,2,512.79,3,512.78,3,512.77,2,513.98,3,514.0,3,514.11,14,514.34,1,514.43,1,514.54,2,514.67,1,514.69,1,514.81,1,514.99,1
2020-10-29 09:31:34,513.625,513.27,1,513.25,3,514.0,3,514.0,513.25,513.25,3,513.02,2,513.01,2,513.0,5,512.83,1,512.81,1,512.8,2,512.79,3,512.78,3,512.77,2,514.0,3,514.11,14,514.34,1,514.43,1,514.54,2,514.67,1,514.69,1,514.81,1,514.99,1,515.0,1
2020-10-29 09:31:35,513.625,514.0,1,513.25,3,514.0,3,514.0,513.25,513.25,3,513.02,2,513.01,2,513.0,5,512.83,1,512.81,1,512.8,2,512.79,3,512.78,3,512.77,2,514.0,3,514.11,14,514.34,1,514.43,1,514.54,2,514.67,1,514.69,1,514.81,1,514.99,1,515.0,1
2020-10-29 09:31:36,513.81,513.25,1,513.62,2,514.0,3,514.0,513.62,513.62,2,513.25,2,513.02,2,513.01,2,513.0,5,512.83,1,512.81,1,512.8,2,512.79,3,512.78,3,514.0,3,514.11,14,514.34,1,514.43,1,514.54,2,514.67,1,514.69,1,514.81,1,514.99,1,515.0,1
2020-10-29 09:31:37,513.81,514.0,1,513.62,2,514.0,2,514.0,513.62,513.62,2,513.25,2,513.02,2,513.01,2,513.0,5,512.83,1,512.81,1,512.8,2,512.79,3,512.78,3,514.0,2,514.11,14,514.34,1,514.43,1,514.54,2,514.67,1,514.69,1,514.81,1,514.99,1,515.0,1
2020-10-29 09:31:38,513.81,513.62,1,513.62,1,514.0,2,514.0,513.62,513.62,1,513.25,2,513.02,2,513.01,2,513.0,5,512.83,1,512.81,1,512.8,2,512.79,3,512.78,3,514.0,2,514.11,14,514.34,1,514.43,1,514.54,2,514.67,1,514.69,1,514.81,1,514.99,1,515.0,1
2020-10-29 09:31:39,513.815,513.63,1,513.63,1,514.0,3,514.0,513.63,513.63,1,513.62,4,513.25,2,513.02,2,513.01,2,513.0,5,512.83,1,512.81,1,512.8,2,512.79,3,514.0,3,514.11,14,514.34,1,514.43,1,514.54,2,514.67,1,514.69,1,514.81,1,514.99,1,515.0,1
2020-10-29 09:31:40,513.815,513.65,5,513.63,4,514.0,3,514.0,513.63,513.63,4,513.62,4,513.25,2,513.02,2,513.01,2,513.0,5,512.83,1,512.81,1,512.8,2,512.79,3,514.0,3,514.11,14,514.34,1,514.43,1,514.54,2,514.67,1,514.69,1,514.81,1,514.99,1,515.0,1
2020-10-29 09:31:41,514.11,514.31,1,513.73,1,514.49,1,514.49,513.73,513.73,1,513.63,5,513.62,4,513.25,2,513.02,2,513.01,2,513.0,5,512.83,1,512.81,1,512.8,2,514.49,1,514.5,1,514.67,1,514.69,1,514.81,1,514.99,1,515.0,1,515.19,2,515.27,1,515.28,1
2020-10-29 09:31:42,514.08,513.73,1,513.68,1,514.48,1,514.48,513.68,513.68,1,513.63,5,513.62,4,513.25,2,513.02,2,513.01,2,513.0,5,512.83,1,512.81,1,512.8,2,514.48,1,514.49,3,514.5,1,514.67,1,514.69,1,514.81,1,514.99,1,515.0,1,515.19,2,515.27,1
2020-10-29 09:31:43,513.895,514.0,1,513.68,1,514.11,1,514.11,513.68,513.68,1,513.63,5,513.62,4,513.25,2,513.02,2,513.01,2,513.0,5,512.83,1,512.81,1,512.8,2,514.11,1,514.13,1,514.48,1,514.49,3,514.5,1,514.67,1,514.69,1,514.81,1,514.99,1,515.0,1
2020-10-29 09:31:44,513.905,514.02,1,513.68,3,514.13,1,514.13,513.68,513.68,3,513.63,5,513.62,4,513.25,2,513.02,2,513.01,2,513.0,5,512.83,1,512.81,1,512.8,2,514.13,1,514.48,1,514.49,3,514.5,1,514.67,1,514.69,1,514.81,1,514.99,1,515.0,1,515.19,2
2020-10-29 09:31:45,513.345,513.46,1,513.01,3,513.68,1,513.68,513.01,513.01,3,512.99,1,512.83,1,512.81,1,512.8,2,512.79,3,512.78,3,512.77,2,512.76,3,512.75,6,513.68,1,513.94,2,514.12,1,514.48,1,514.49,3,514.5,1,514.67,1,514.69,1,514.81,1,514.99,1
2020-10-29 09:31:46,513.34,513.45,2,513.01,2,513.67,2,513.67,513.01,513.01,2,512.99,1,512.83,1,512.81,1,512.8,2,512.79,3,512.78,3,512.77,2,512.76,3,512.75,6,513.67,2,513.68,1,513.94,2,514.12,1,514.48,1,514.49,3,514.5,1,514.67,1,514.69,1,514.81,1
2020-10-29 09:31:47,513.425,513.48,5,513.18,1,513.67,3,513.67,513.18,513.18,1,513.01,3,512.99,1,512.83,1,512.81,1,512.8,2,512.79,3,512.78,3,512.77,2,512.76,3,513.67,3,513.68,3,513.94,2,514.12,1,514.48,1,514.49,3,514.5,1,514.67,1,514.69,1,514.81,1
2020-10-29 09:31:48,513.425,513.18,1,513.18,1,513.67,3,513.67,513.18,513.18,1,513.01,3,512.99,1,512.83,1,512.81,1,512.8,2,512.79,3,512.78,3,512.77,2,512.76,3,513.67,3,513.68,3,513.94,2,514.12,1,514.48,1,514.49,3,514.5,1,514.67,1,514.69,1,514.81,1
2020-10-29 09:31:49,513.21,513.09,1,513.01,4,513.41,2,513.41,513.01,513.01,4,513.0,1,512.95,1,512.83,1,512.81,1,512.8,2,512.79,3,512.78,3,512.77,2,512.76,3,513.41,2,513.47,1,513.68,4,513.94,2,514.12,1,514.48,1,514.49,3,514.5,1,514.67,1,514.69,1
2020-10-29 09:31:50,513.215,513.01,1,513.02,2,513.41,2,513.41,513.02,513.02,2,513.01,4,513.0,1,512.95,1,512.83,1,512.81,1,512.8,2,512.79,3,512.78,3,512.77,2,513.41,2,513.47,1,513.68,4,513.94,2,514.12,1,514.48,1,514.49,3,514.5,1,514.67,1,514.69,1
2020-10-29 09:31:51,513.215,513.41,1,513.02,1,513.41,1,513.41,513.02,513.02,1,513.01,4,513.0,1,512.95,1,512.83,1,512.81,1,512.8,2,512.79,3,512.78,3,512.77,2,513.41,1,513.47,1,513.68,4,513.94,2,514.12,1,514.48,1,514.49,3,514.5,1,514.67,1,514.69,1
2020-10-29 09:31:52,513.42,513.02,1,513.01,4,513.83,1,513.83,513.01,513.01,4,513.0,1,512.95,1,512.83,1,512.81,1,512.8,2,512.79,3,512.78,3,512.77,2,512.76,3,513.83,1,513.86,1,513.98,1,514.12,1,514.48,1,514.49,3,514.5,1,514.67,1,514.69,1,514.81,1
2020-10-29 09:31:53,513.42,513.83,1,513.01,5,513.83,1,513.83,513.01,513.01,5,513.0,1,512.95,1,512.83,1,512.81,1,512.8,2,512.79,3,512.78,3,512.77,2,512.76,3,513.83,1,513.86,1,513.98,1,514.12,1,514.48,1,514.49,3,514.5,1,514.67,1,514.69,1,514.81,1
2020-10-29 09:31:54,513.47,513.01,1,513.11,1,513.83,1,513.83,513.11,513.11,1,513.01,4,513.0,1,512.95,1,512.83,1,512.81,1,512.8,2,512.79,3,512.78,3,512.77,2,513.83,1,513.86,1,513.98,1,514.12,1,514.48,1,514.49,3,514.5,1,514.67,1,514.69,1,514.81,1
2020-10-29 09:31:55,513.46,513.47,2,513.11,1,513.81,1,513.81,513.11,513.11,1,513.01,4,513.0,1,512.95,1,512.83,1,512.81,1,512.8,2,512.79,3,512.78,3,512.77,2,513.81,1,513.82,1,513.86,1,513.98,1,514.12,1,514.48,1,514.49,3,514.5,1,514.67,1,514.69,1
2020-10-29 09:31:56,513.52,513.22,1,513.22,3,513.82,1,513.82,513.22,513.22,3,513.2,1,513.11,1,513.01,4,513.0,1,512.95,1,512.83,1,512.81,1,512.8,2,512.79,3,513.82,1,513.86,1,513.98,1,514.12,1,514.48,1,514.49,3,514.5,1,514.67,1,514.69,1,514.81,1
2020-10-29 09:31:57,513.485,513.65,1,513.22,3,513.75,2,513.75,513.22,513.22,3,513.2,1,513.11,1,513.01,4,513.0,1,512.95,1,512.83,1,512.81,1,512.8,2,512.79,3,513.75,2,513.86,1,513.98,1,514.12,1,514.48,1,514.49,3,514.5,1,514.67,1,514.69,1,514.81,1
2020-10-29 09:31:58,513.265,513.27,2,512.99,1,513.54,5,513.54,512.99,512.99,1,512.95,1,512.83,1,512.81,1,512.8,2,512.79,3,512.78,3,512.77,2,512.76,3,512.75,6,513.54,5,513.55,1,513.56,1,513.64,1,513.75,2,513.86,1,513.98,1,514.12,1,514.48,1,514.49,3
2020-10-29 09:31:59,513.265,513.5,2,512.99,2,513.54,4,513.54,512.99,512.99,2,512.95,1,512.83,1,512.81,1,512.8,2,512.79,3,512.78,3,512.77,2,512.76,3,512.75,6,513.54,4,513.55,1,513.56,1,513.64,1,513.75,2,513.86,1,513.98,1,514.12,1,514.48,1,514.49,3
2020-10-29 09:32:00,513.275,512.99,1,512.99,2,513.56,2,513.56,512.99,512.99,2,512.95,1,512.83,1,512.81,1,512.8,2,512.79,3,512.78,3,512.77,2,512.76,3,512.75,6,513.56,2,513.64,1,513.75,2,513.86,1,513.98,1,514.12,1,514.48,1,514.49,3,514.5,1,514.67,1
2020-10-29 09:32:01,513.75,513.64,1,513.5,1,514.0,3,514.0,513.5,513.5,1,513.3,3,513.29,5,513.12,1,513.0,1,512.99,2,512.95,1,512.83,1,512.81,1,512.8,2,514.0,3,514.12,1,514.48,1,514.49,3,514.5,1,514.67,1,514.69,1,514.81,1,514.99,1,515.0,1
2020-10-29 09:32:02,513.75,513.78,8,513.5,1,514.0,3,514.0,513.5,513.5,1,513.3,3,513.29,5,513.12,1,513.0,1,512.99,2,512.95,1,512.83,1,512.81,1,512.8,2,514.0,3,514.12,1,514.48,1,514.49,3,514.5,1,514.67,1,514.69,1,514.81,1,514.99,1,515.0,1
2020-10-29 09:32:03,514.12,514.4,1,513.76,1,514.48,3,514.48,513.76,513.76,1,513.75,3,513.5,1,513.3,3,513.29,5,513.12,1,513.0,1,512.99,2,512.95,1,512.83,1,514.48,3,514.49,3,514.5,1,514.67,1,514.69,1,514.81,1,514.99,1,515.0,1,515.19,2,515.27,1
2020-10-29 09:32:04,514.205,514.07,1,513.93,1,514.48,3,514.48,513.93,513.93,1,513.92,1,513.76,1,513.75,3,513.5,1,513.3,3,513.29,5,513.12,1,513.0,1,512.99,2,514.48,3,514.49,3,514.5,1,514.67,1,514.69,1,514.81,1,514.99,1,515.0,1,515.19,2,515.27,1
2020-10-29 09:32:05,514.2,514.47,1,513.93,1,514.47,1,514.47,513.93,513.93,1,513.92,2,513.76,1,513.75,3,513.5,1,513.3,3,513.29,5,513.12,1,513.0,1,512.99,2,514.47,1,514.48,3,514.49,3,514.5,1,514.67,1,514.69,1,514.81,1,514.99,1,515.0,1,515.19,2
2020-10-29 09:32:06,514.03,513.92,1,513.6,1,514.46,1,514.46,513.6,513.6,1,513.5,1,513.3,3,513.29,5,513.12,1,513.0,1,512.99,2,512.95,1,512.83,1,512.81,1,514.46,1,514.47,1,514.48,4,514.49,3,514.5,1,514.67,1,514.69,1,514.81,1,514.99,1,515.0,1
2020-10-29 09:32:07,513.885,514.26,1,513.6,1,514.17,1,514.17,513.6,513.6,1,513.5,1,513.3,3,513.29,5,513.12,1,513.0,1,512.99,2,512.95,1,512.83,1,512.81,1,514.17,1,514.32,2,514.48,4,514.49,3,514.5,1,514.67,1,514.69,1,514.81,1,514.99,1,515.0,1
2020-10-29 09:32:08,514.03,514.32,1,513.61,4,514.45,1,514.45,513.61,513.61,4,513.6,1,513.5,1,513.3,3,513.29,5,513.12,1,513.0,1,512.99,2,512.95,1,512.83,1,514.45,1,514.48,3,514.49,3,514.5,1,514.67,1,514.69,1,514.81,1,514.99,1,515.0,1,515.19,2
2020-10-29 09:32:09,514.23,514.39,1,514.01,1,514.45,1,514.45,514.01,514.01,1,513.99,1,513.98,3,513.61,4,513.6,1,513.5,1,513.3,3,513.29,5,513.12,1,513.0,1,514.45,1,514.48,3,514.49,3,514.5,1,514.67,1,514.69,1,514.81,1,514.99,1,515.0,1,515.19,2
2020-10-29 09:32:10,514.26,514.01,1,514.01,3,514.51,1,514.51,514.01,514.01,3,513.99,1,513.98,3,513.61,4,513.6,1,513.5,1,513.3,3,513.29,5,513.12,1,513.0,1,514.51,1,514.67,1,514.69,1,514.81,1,514.99,1,515.0,1,515.19,2,515.27,1,515.28,1,515.36,2
2020-10-29 09:32:11,514.285,514.36,1,514.01,2,514.56,1,514.56,514.01,514.01,2,513.99,1,513.98,3,513.61,4,513.6,1,513.5,1,513.3,3,513.29,5,513.12,1,513.0,1,514.56,1,514.67,1,514.69,1,514.81,1,514.99,1,515.0,1,515.19,2,515.27,1,515.28,1,515.36,2
2020-10-29 09:32:12,514.295,514.01,2,514.01,2,514.58,1,514.58,514.01,514.01,2,513.99,1,513.98,3,513.61,4,513.6,1,513.5,1,513.3,3,513.29,5,513.12,1,513.0,1,514.58,1,514.67,1,514.69,1,514.81,1,514.99,1,515.0,1,515.19,2,515.27,1,515.28,1,515.36,2
2020-10-29 09:32:13,514.42,514.58,1,514.26,1,514.58,1,514.58,514.26,514.26,1,514.11,1,514.01,2,513.99,1,513.98,3,513.61,4,513.6,1,513.5,1,513.3,3,513.29,5,514.58,1,514.67,1,514.69,1,514.81,1,514.99,1,515.0,1,515.19,2,515.27,1,515.28,1,515.36,2
2020-10-29 09:32:14,514.485,514.49,1,514.27,2,514.7,1,514.7,514.27,514.27,2,514.26,3,514.11,1,514.01,2,513.99,1,513.98,3,513.61,4,513.6,1,513.5,1,513.3,3,514.7,1,514.81,1,514.99,1,515.0,1,515.19,2,515.27,1,515.28,1,515.36,2,515.37,1,,
2020-10-29 09:32:15,514.255,514.26,1,514.01,6,514.5,1,514.5,514.01,514.01,6,513.99,1,513.98,3,513.61,4,513.6,1,513.5,1,513.3,3,513.29,5,513.12,1,513.0,1,514.5,1,514.7,1,514.81,1,514.99,1,515.0,1,515.19,2,515.27,1,515.28,1,515.36,2,515.37,1
2020-10-29 09:32:16,514.26,514.26,1,514.02,3,514.5,1,514.5,514.02,514.02,3,514.01,2,513.99,1,513.98,3,513.61,4,513.6,1,513.5,1,513.3,3,513.29,5,513.12,1,514.5,1,514.7,1,514.81,1,514.99,1,515.0,1,515.19,2,515.27,1,515.28,1,515.36,2,515.37,1
2020-10-29 09:32:17,513.8,513.62,1,513.6,2,514.0,1,514.0,513.6,513.6,2,513.5,1,513.3,3,513.29,5,513.12,1,513.0,1,512.99,2,512.95,1,512.83,1,512.81,1,514.0,1,514.01,2,514.02,1,514.5,2,514.7,1,514.81,1,514.99,1,515.0,1,515.19,2,515.27,1
2020-10-29 09:32:18,513.795,513.62,2,513.6,3,513.99,1,513.99,513.6,513.6,3,513.5,1,513.3,3,513.29,5,513.12,1,513.0,1,512.99,2,512.95,1,512.83,1,512.81,1,513.99,1,514.0,5,514.01,2,514.02,1,514.5,2,514.7,1,514.81,1,514.99,1,515.0,1,515.19,2
2020-10-29 09:32:19,512.955,513.01,1,512.63,1,513.28,3,513.28,512.63,512.63,1,512.49,1,512.48,3,512.42,2,512.41,3,512.26,2,511.96,1,511.95,3,511.94,3,511.93,2,513.28,3,513.29,1,513.31,1,513.45,2,513.56,2,513.57,8,513.58,2,513.75,2,513.76,5,513.8,2
2020-10-29 09:32:20,512.585,512.64,2,512.26,1,512.91,2,512.91,512.26,512.26,1,511.96,1,511.95,3,511.94,3,511.93,2,511.92,5,511.91,4,511.9,5,511.89,1,511.88,1,512.91,2,513.11,2,513.26,1,513.27,6,513.28,2,513.29,1,513.31,1,513.45,2,513.56,2,513.57,8
2020-10-29 09:32:21,512.655,512.62,2,512.42,1,512.89,3,512.89,512.42,512.42,1,512.41,1,512.26,1,511.96,1,511.95,3,511.94,3,511.93,2,511.92,5,511.91,4,511.9,5,512.89,3,512.9,5,512.91,5,513.11,2,513.26,1,513.27,6,513.28,2,513.29,1,513.31,1,513.45,2
2020-10-29 09:32:22,512.32,512.11,1,512.11,1,512.53,2,512.53,512.11,512.11,1,511.96,1,511.95,3,511.94,3,511.93,2,511.92,5,511.91,4,511.9,5,511.89,1,511.88,1,512.53,2,512.54,7,512.7,3,512.89,4,512.9,5,512.91,5,513.11,2,513.26,1,513.27,6,513.28,2
2020-10-29 09:32:23,512.32,512.53,1,512.11,3,512.53,4,512.53,512.11,512.11,3,511.96,1,511.95,3,511.94,3,511.93,2,511.92,5,511.91,4,511.9,5,511.89,1,511.88,1,512.53,4,512.54,7,512.7,3,512.89,4,512.9,5,512.91,5,513.11,2,513.26,1,513.27,6,513.28,2
2020-10-29 09:32:24,512.295,512.11,1,512.12,4,512.47,5,512.47,512.12,512.12,4,512.11,4,511.96,1,511.95,3,511.94,3,511.93,2,511.92,5,511.91,4,511.9,5,511.89,1,512.47,5,512.53,2,512.54,5,512.7,3,512.89,4,512.9,5,512.91,5,513.11,2,513.26,1,513.27,6
2020-10-29 09:32:25,512.29,512.34,1,512.12,3,512.46,1,512.46,512.12,512.12,3,512.11,4,511.96,1,511.95,3,511.94,3,511.93,2,511.92,5,511.91,4,511.9,5,511.89,1,512.46,1,512.47,4,512.53,2,512.54,5,512.7,3,512.89,4,512.9,5,512.91,5,513.11,2,513.26,1
2020-10-29 09:32:26,512.295,512.18,1,512.12,4,512.47,4,512.47,512.12,512.12,4,512.11,4,511.96,1,511.95,3,511.94,3,511.93,2,511.92,5,511.91,4,511.9,5,511.89,1,512.47,4,512.53,2,512.54,5,512.7,3,512.89,4,512.9,5,512.91,5,513.11,2,513.26,1,513.27,6
2020-10-29 09:32:27,513.48,513.55,1,513.06,7,513.9,1,513.9,513.06,513.06,7,513.05,2,512.96,1,512.78,1,512.7,2,512.49,3,512.48,3,512.47,1,512.3,2,512.28,1,513.9,1,513.93,1,514.0,6,514.01,2,514.02,1,514.5,2,514.7,1,514.81,1,514.99,1,515.0,1
2020-10-29 09:32:28,513.42,513.06,1,513.06,7,513.78,1,513.78,513.06,513.06,7,513.05,2,512.96,1,512.78,1,512.7,2,512.49,3,512.48,3,512.47,1,512.3,2,512.28,1,513.78,1,513.93,1,514.0,6,514.01,2,514.02,1,514.5,2,514.7,1,514.81,1,514.99,1,515.0,1
2020-10-29 09:32:29,513.42,513.41,1,513.06,7,513.78,1,513.78,513.06,513.06,7,513.05,2,512.96,1,512.78,1,512.7,2,512.49,3,512.48,3,512.47,1,512.3,2,512.28,1,513.78,1,513.93,1,514.0,6,514.01,2,514.02,1,514.5,2,514.7,1,514.81,1,514.99,1,515.0,1
2020-10-29 09:32:30,513.5,513.64,1,513.08,1,513.92,1,513.92,513.08,513.08,1,513.07,1,513.06,6,513.05,2,512.96,1,512.78,1,512.7,2,512.49,3,512.48,3,512.47,1,513.92,1,513.93,1,514.0,6,514.01,2,514.02,1,514.5,2,514.7,1,514.81,1,514.99,1,515.0,1
2020-10-29 09:32:31,513.505,513.34,1,513.08,1,513.93,1,513.93,513.08,513.08,1,513.06,2,513.05,3,512.96,1,512.78,1,512.7,2,512.49,3,512.48,3,512.47,1,512.3,2,513.93,1,514.0,6,514.01,2,514.02,1,514.5,2,514.7,1,514.81,1,514.99,1,515.0,1,515.19,2
2020-10-29 09:32:32,513.415,513.09,1,513.05,5,513.78,1,513.78,513.05,513.05,5,512.96,1,512.78,1,512.7,2,512.49,3,512.48,3,512.47,1,512.3,2,512.28,1,512.12,4,513.78,1,513.93,1,514.0,6,514.01,2,514.02,1,514.5,2,514.7,1,514.81,1,514.99,1,515.0,1
2020-10-29 09:32:33,513.415,513.15,1,513.05,4,513.78,1,513.78,513.05,513.05,4,512.96,1,512.78,1,512.7,2,512.49,3,512.48,3,512.47,1,512.3,2,512.28,1,512.12,4,513.78,1,513.93,1,514.0,6,514.01,2,514.02,1,514.5,2,514.7,1,514.81,1,514.99,1,515.0,1
2020-10-29 09:32:34,513.415,513.22,1,513.05,5,513.78,1,513.78,513.05,513.05,5,512.96,1,512.78,1,512.7,2,512.49,3,512.48,3,512.47,1,512.3,2,512.28,1,512.12,4,513.78,1,513.93,1,514.0,6,514.01,2,514.02,1,514.5,2,514.7,1,514.81,1,514.99,1,515.0,1
2020-10-29 09:32:35,513.33,513.78,1,513.05,9,513.61,1,513.61,513.05,513.05,9,512.96,1,512.78,1,512.7,2,512.49,3,512.48,3,512.47,1,512.3,2,512.28,1,512.12,4,513.61,1,513.62,1,513.78,1,513.93,1,514.0,6,514.01,2,514.02,1,514.5,2,514.7,1,514.81,1
2020-10-29 09:32:36,513.415,513.05,1,513.05,8,513.78,1,513.78,513.05,513.05,8,512.96,1,512.78,1,512.7,2,512.49,3,512.48,3,512.47,1,512.3,2,512.28,1,512.12,4,513.78,1,513.93,1,514.0,6,514.01,2,514.02,1,514.5,2,514.7,1,514.81,1,514.99,1,515.0,1
2020-10-29 09:32:37,513.56,513.27,1,513.19,4,513.93,1,513.93,513.19,513.19,4,513.18,3,513.17,2,513.16,1,513.05,8,512.96,1,512.78,1,512.7,2,512.49,3,512.48,3,513.93,1,514.0,6,514.01,2,514.02,1,514.5,2,514.7,1,514.81,1,514.99,1,515.0,1,515.19,2
2020-10-29 09:32:38,513.57,513.2,1,513.21,3,513.93,1,513.93,513.21,513.21,3,513.2,2,513.18,7,513.17,2,513.16,1,513.05,8,512.96,1,512.78,1,512.7,2,512.49,3,513.93,1,514.0,6,514.01,2,514.02,1,514.5,2,514.7,1,514.81,1,514.99,1,515.0,1,515.19,2
2020-10-29 09:32:39,513.71,513.92,1,513.42,4,514.0,6,514.0,513.42,513.42,4,513.41,4,513.21,3,513.2,2,513.18,7,513.17,2,513.16,1,513.05,8,512.96,1,512.78,1,514.0,6,514.01,2,514.02,1,514.5,2,514.7,1,514.81,1,514.99,1,515.0,1,515.19,2,515.27,1
2020-10-29 09:32:40,513.52,513.41,1,513.16,2,513.88,4,513.88,513.16,513.16,2,513.05,8,512.96,1,512.78,1,512.7,2,512.49,3,512.48,3,512.47,1,512.3,2,512.28,1,513.88,4,513.89,1,514.0,6,514.01,2,514.02,1,514.5,2,514.7,1,514.81,1,514.99,1,515.0,1
2020-10-29 09:32:41,513.52,513.52,1,513.16,2,513.88,3,513.88,513.16,513.16,2,513.05,8,512.96,1,512.78,1,512.7,2,512.49,3,512.48,3,512.47,1,512.3,2,512.28,1,513.88,3,513.89,1,514.0,6,514.01,2,514.02,1,514.5,2,514.7,1,514.81,1,514.99,1,515.0,1
2020-10-29 09:32:42,512.95,513.05,1,512.48,4,513.42,1,513.42,512.48,512.48,4,512.47,1,512.3,2,512.28,1,512.12,4,512.11,4,511.96,1,511.95,3,511.94,3,511.93,2,513.42,1,513.77,1,513.78,2,513.88,3,513.89,1,514.0,6,514.01,2,514.02,1,514.5,2,514.7,1
2020-10-29 09:32:43,512.87,513.27,1,512.48,4,513.26,1,513.26,512.48,512.48,4,512.47,1,512.3,2,512.28,1,512.12,4,512.11,4,511.96,1,511.95,3,511.94,3,511.93,2,513.26,1,513.42,1,513.77,1,513.78,2,513.88,3,513.89,1,514.0,6,514.01,2,514.02,1,514.5,2
2020-10-29 09:32:44,512.88,512.85,1,512.51,1,513.25,1,513.25,512.51,512.51,1,512.48,4,512.47,1,512.3,2,512.28,1,512.12,4,512.11,4,511.96,1,511.95,3,511.94,3,513.25,1,513.26,1,513.42,1,513.77,1,513.78,2,513.88,3,513.89,1,514.0,6,514.01,2,514.02,1
2020-10-29 09:32:45,513.065,512.9,1,512.74,1,513.39,1,513.39,512.74,512.74,1,512.51,1,512.48,4,512.47,1,512.3,2,512.28,1,512.12,4,512.11,4,511.96,1,511.95,3,513.39,1,513.4,1,513.41,1,513.42,1,513.77,1,513.78,2,513.88,3,513.89,1,514.0,6,514.01,2
2020-10-29 09:32:46,512.93,513.09,1,512.48,4,513.38,3,513.38,512.48,512.48,4,512.47,1,512.3,2,512.28,1,512.12,4,512.11,4,511.96,1,511.95,3,511.94,3,511.93,2,513.38,3,513.39,1,513.4,1,513.41,1,513.42,1,513.77,1,513.78,2,513.88,3,513.89,1,514.0,6
2020-10-29 09:32:47,512.975,513.07,3,512.75,2,513.2,2,513.2,512.75,512.75,2,512.51,1,512.48,4,512.47,1,512.3,2,512.28,1,512.12,4,512.11,4,511.96,1,511.95,3,513.2,2,513.38,3,513.39,1,513.4,1,513.41,1,513.42,1,513.77,1,513.78,2,513.88,3,513.89,1
2020-10-29 09:32:48,512.98,512.76,1,512.76,1,513.2,2,513.2,512.76,512.76,1,512.75,2,512.51,1,512.48,4,512.47,1,512.3,2,512.28,1,512.12,4,512.11,4,511.96,1,513.2,2,513.38,3,513.39,1,513.4,1,513.41,1,513.42,1,513.77,1,513.78,2,513.88,3,513.89,1
2020-10-29 09:32:49,513.065,513.15,1,512.93,1,513.2,2,513.2,512.93,512.93,1,512.76,1,512.75,2,512.51,1,512.48,4,512.47,1,512.3,2,512.28,1,512.12,4,512.11,4,513.2,2,513.38,3,513.39,1,513.4,1,513.41,1,513.42,1,513.77,1,513.78,2,513.88,3,513.89,1
2020-10-29 09:32:50,512.915,512.76,1,512.63,1,513.2,2,513.2,512.63,512.63,1,512.51,1,512.48,4,512.47,1,512.3,2,512.28,1,512.12,4,512.11,4,511.96,1,511.95,3,513.2,2,513.38,3,513.39,1,513.4,1,513.41,1,513.42,1,513.77,1,513.78,2,513.88,3,513.89,1
2020-10-29 09:32:51,512.995,513.19,1,512.8,5,513.19,3,513.19,512.8,512.8,5,512.63,1,512.51,1,512.48,4,512.47,1,512.3,2,512.28,1,512.12,4,512.11,4,511.96,1,513.19,3,513.2,2,513.38,3,513.39,1,513.4,1,513.41,1,513.42,1,513.77,1,513.78,2,513.88,3
2020-10-29 09:32:52,512.995,512.8,1,512.81,2,513.18,1,513.18,512.81,512.81,2,512.8,5,512.63,1,512.51,1,512.48,4,512.47,1,512.3,2,512.28,1,512.12,4,512.11,4,513.18,1,513.19,3,513.2,2,513.38,3,513.39,1,513.4,1,513.41,1,513.42,1,513.77,1,513.78,2
2020-10-29 09:32:53,513.005,513.19,1,512.82,3,513.19,3,513.19,512.82,512.82,3,512.81,2,512.8,5,512.63,1,512.51,1,512.48,4,512.47,1,512.3,2,512.28,1,512.12,4,513.19,3,513.2,2,513.38,3,513.39,1,513.4,1,513.41,1,513.42,1,513.77,1,513.78,2,513.88,3
2020-10-29 09:32:54,513.005,513.0,1,512.82,4,513.19,3,513.19,512.82,512.82,4,512.81,2,512.8,5,512.63,1,512.51,1,512.48,4,512.47,1,512.3,2,512.28,1,512.12,4,513.19,3,513.2,2,513.38,3,513.39,1,513.4,1,513.41,1,513.42,1,513.77,1,513.78,2,513.88,3
2020-10-29 09:32:55,513.45,513.59,1,513.13,1,513.77,1,513.77,513.13,513.13,1,513.04,1,512.98,1,512.83,2,512.82,4,512.81,2,512.8,5,512.63,1,512.51,1,512.48,4,513.77,1,513.78,2,513.88,3,513.89,1,514.0,6,514.01,2,514.02,1,514.5,2,514.7,1,514.81,1
2020-10-29 09:32:56,513.41,513.46,1,513.13,0,513.78,2,513.78,513.04,513.04,1,512.98,1,512.83,2,512.82,4,512.81,2,512.8,5,512.63,1,512.51,1,512.48,4,512.47,1,513.78,2,513.88,3,513.89,1,514.0,6,514.01,2,514.02,1,514.5,2,514.7,1,514.81,1,514.99,1
2020-10-29 09:32:57,513.725,513.77,1,513.45,1,514.0,12,514.0,513.45,513.45,1,513.41,1,513.15,3,513.14,2,513.04,1,512.98,1,512.83,2,512.82,4,512.81,2,512.8,5,514.0,12,514.01,2,514.02,1,514.5,2,514.7,1,514.81,1,514.99,1,515.0,1,515.19,2,515.27,1
2020-10-29 09:32:58,513.58,513.42,1,513.16,1,514.0,19,514.0,513.16,513.16,1,513.13,2,513.04,1,512.98,1,512.83,2,512.82,4,512.81,2,512.8,5,512.63,1,512.51,1,514.0,19,514.01,2,514.02,1,514.5,2,514.7,1,514.81,1,514.99,1,515.0,1,515.19,2,515.27,1
2020-10-29 09:32:59,513.665,513.94,1,513.39,1,513.94,1,513.94,513.39,513.39,1,513.13,2,513.04,1,512.98,1,512.83,2,512.82,4,512.81,2,512.8,5,512.63,1,512.51,1,513.94,1,514.0,19,514.01,2,514.02,1,514.5,2,514.7,1,514.81,1,514.99,1,515.0,1,515.19,2
2020-10-29 09:33:00,513.56,513.53,1,513.18,1,513.94,1,513.94,513.18,513.18,1,513.14,1,513.13,1,513.04,1,512.98,1,512.83,2,512.82,4,512.81,2,512.8,5,512.63,1,513.94,1,514.0,19,514.01,2,514.02,1,514.5,2,514.7,1,514.81,1,514.99,1,515.0,1,515.19,2
2020-10-29 09:33:01,513.56,513.7,1,513.18,2,513.94,2,513.94,513.18,513.18,2,513.14,1,513.13,1,513.04,1,512.98,1,512.83,2,512.82,4,512.81,2,512.8,5,512.63,1,513.94,2,514.0,19,514.01,2,514.02,1,514.5,2,514.7,1,514.81,1,514.99,1,515.0,1,515.19,2
2020-10-29 09:33:02,513.56,513.57,2,513.18,2,513.94,4,513.94,513.18,513.18,2,513.14,1,513.13,1,513.04,1,512.98,1,512.83,2,512.82,4,512.81,2,512.8,5,512.63,1,513.94,4,514.0,19,514.01,2,514.02,1,514.5,2,514.7,1,514.81,1,514.99,1,515.0,1,515.19,2
2020-10-29 09:33:03,513.64,513.87,1,513.32,1,513.96,5,513.96,513.32,513.32,1,513.31,1,513.19,3,513.18,2,513.14,1,513.13,1,513.04,1,512.98,1,512.83,2,512.82,4,513.96,5,513.97,2,513.98,2,514.08,1,514.48,2,514.5,2,514.7,1,514.81,1,514.99,1,515.0,1
2020-10-29 09:33:04,513.635,513.74,6,513.32,1,513.96,8,513.96,513.32,513.31,2,513.19,3,513.18,2,513.14,1,513.13,1,513.04,1,512.98,1,512.83,2,512.82,4,512.81,2,513.96,8,513.97,2,513.98,2,514.08,1,514.48,2,514.5,2,514.7,1,514.81,1,514.99,1,515.0,1
2020-10-29 09:33:05,513.635,513.96,1,513.31,2,513.96,7,513.96,513.31,513.31,2,513.19,3,513.18,2,513.14,1,513.13,1,513.04,1,512.98,1,512.83,2,512.82,4,512.81,2,513.96,7,513.97,2,513.98,2,514.08,1,514.48,2,514.5,2,514.7,1,514.81,1,514.99,1,515.0,1
2020-10-29 09:33:06,513.64,513.71,2,513.32,1,513.96,7,513.96,513.32,513.32,1,513.31,2,513.19,3,513.18,2,513.14,1,513.13,1,513.04,1,512.98,1,512.83,2,512.82,4,513.96,7,513.97,2,513.98,2,514.08,1,514.48,2,514.5,2,514.7,1,514.81,1,514.99,1,515.0,1
2020-10-29 09:33:07,513.635,513.96,1,513.31,2,513.96,6,513.96,513.31,513.31,2,513.19,3,513.18,2,513.14,1,513.13,1,513.04,1,512.98,1,512.83,2,512.82,4,512.81,2,513.96,6,513.97,2,513.98,2,514.08,1,514.48,2,514.5,2,514.7,1,514.81,1,514.99,1,515.0,1
2020-10-29 09:33:08,513.64,513.32,1,513.32,4,513.96,6,513.96,513.32,513.32,4,513.31,2,513.19,3,513.18,2,513.14,1,513.13,1,513.04,1,512.98,1,512.83,2,512.82,4,513.96,6,513.97,2,513.98,2,514.08,1,514.48,2,514.5,2,514.7,1,514.81,1,514.99,1,515.0,1
2020-10-29 09:33:09,513.64,513.96,1,513.32,2,513.96,5,513.96,513.32,513.32,2,513.31,2,513.19,3,513.18,2,513.14,1,513.13,1,513.04,1,512.98,1,512.83,2,512.82,4,513.96,5,513.97,2,513.98,2,514.08,1,514.48,2,514.5,2,514.7,1,514.81,1,514.99,1,515.0,1
2020-10-29 09:33:10,513.085,512.81,2,512.81,4,513.36,1,513.36,512.81,512.81,4,512.8,5,512.63,1,512.51,1,512.48,4,512.47,1,512.3,2,512.28,1,512.12,4,512.11,4,513.36,1,513.43,2,513.49,2,513.54,2,513.55,3,513.56,3,513.63,2,513.64,2,513.65,2,513.66,1
2020-10-29 09:33:11,513.085,512.99,1,512.81,5,513.36,1,513.36,512.81,512.81,5,512.8,5,512.63,1,512.51,1,512.48,4,512.47,1,512.3,2,512.28,1,512.12,4,512.11,4,513.36,1,513.49,1,513.54,2,513.55,3,513.56,3,513.63,2,513.64,2,513.65,2,513.66,1,513.67,1
2020-10-29 09:33:12,513.09,512.81,1,512.82,2,513.36,2,513.36,512.82,512.82,2,512.81,5,512.8,5,512.63,1,512.51,1,512.48,4,512.47,1,512.3,2,512.28,1,512.12,4,513.36,2,513.49,1,513.54,2,513.55,3,513.56,3,513.63,2,513.64,2,513.65,2,513.66,1,513.67,1
2020-10-29 09:33:13,513.65,513.36,1,513.36,1,513.94,5,513.94,513.36,513.36,1,513.08,1,513.02,1,513.01,1,512.82,1,512.81,5,512.8,5,512.63,1,512.51,1,512.48,4,513.94,5,513.95,2,513.96,5,513.97,2,513.98,2,514.08,1,514.48,2,514.5,2,514.7,1,514.81,1
2020-10-29 09:33:14,513.66,513.36,1,513.36,1,513.96,4,513.96,513.36,513.36,1,513.08,1,513.02,1,513.01,1,512.82,1,512.81,5,512.8,5,512.63,1,512.51,1,512.48,4,513.96,4,513.97,2,513.98,2,514.08,1,514.48,2,514.5,2,514.7,1,514.81,1,514.99,1,515.0,1
2020-10-29 09:33:15,513.655,513.91,1,513.36,2,513.95,2,513.95,513.36,513.36,2,513.08,1,513.02,1,513.01,1,512.82,1,512.81,5,512.8,5,512.63,1,512.51,1,512.48,4,513.95,2,513.96,5,513.97,2,513.98,2,514.08,1,514.48,2,514.5,2,514.7,1,514.81,1,514.99,1
2020-10-29 09:33:16,513.68,513.4,5,513.41,1,513.95,3,513.95,513.41,513.41,1,513.39,1,513.36,2,513.08,1,513.02,1,513.01,1,512.82,1,512.81,5,512.8,5,512.63,1,513.95,3,513.96,5,513.97,2,513.98,2,514.08,1,514.48,2,514.5,2,514.7,1,514.81,1,514.99,1
2020-10-29 09:33:17,513.695,513.9,1,513.44,1,513.95,2,513.95,513.44,513.44,1,513.43,1,513.42,2,513.39,1,513.36,2,513.08,1,513.02,1,513.01,1,512.82,1,512.81,5,513.95,2,513.96,5,513.97,2,513.98,2,514.08,1,514.48,2,514.5,2,514.7,1,514.81,1,514.99,1
2020-10-29 09:33:18,513.76,513.91,1,513.61,3,513.91,3,513.91,513.61,513.61,3,513.51,1,513.42,1,513.39,1,513.36,2,513.08,1,513.02,1,513.01,1,512.82,1,512.81,5,513.91,3,513.95,2,513.96,5,513.97,2,513.98,2,514.08,1,514.48,2,514.5,2,514.7,1,514.81,1
2020-10-29 09:33:19,513.63,513.91,1,513.36,2,513.9,5,513.9,513.36,513.36,2,513.08,1,513.02,1,513.01,1,512.82,1,512.81,5,512.8,5,512.63,1,512.51,1,512.48,4,513.9,5,513.91,4,513.95,2,513.96,5,513.97,2,513.98,2,514.08,1,514.48,2,514.5,2,514.7,1
2020-10-29 09:33:20,513.63,513.36,1,513.36,1,513.9,5,513.9,513.36,513.36,1,513.08,1,513.02,1,513.01,1,512.82,1,512.81,5,512.8,5,512.63,1,512.51,1,512.48,4,513.9,5,513.91,3,513.92,2,513.93,4,513.95,2,513.96,5,513.97,2,513.98,2,514.08,1,514.48,2
2020-10-29 09:33:21,513.94,514.26,1,513.65,1,514.23,1,514.23,513.65,513.65,1,513.58,2,513.49,3,513.38,1,513.37,2,513.36,1,513.08,1,513.02,1,513.01,1,512.82,1,514.23,1,514.27,1,514.42,1,514.48,2,514.5,2,514.7,1,514.81,1,514.99,1,515.0,1,515.19,2
2020-10-29 09:33:22,514.075,514.23,1,513.67,1,514.48,3,514.48,513.67,513.67,1,513.66,1,513.65,3,513.58,2,513.49,3,513.38,1,513.37,2,513.36,1,513.08,1,513.02,1,514.48,3,514.5,2,514.7,1,514.81,1,514.99,1,515.0,1,515.19,2,515.27,1,515.28,1,515.36,2
2020-10-29 09:33:23,514.05,514.0,1,513.69,1,514.41,1,514.41,513.69,513.69,1,513.68,2,513.67,3,513.66,1,513.65,3,513.58,2,513.49,3,513.38,1,513.37,2,513.36,1,514.41,1,514.48,3,514.5,2,514.7,1,514.81,1,514.99,1,515.0,1,515.19,2,515.27,1,515.28,1
2020-10-29 09:33:24,514.085,513.69,1,513.69,1,514.48,3,514.48,513.69,513.69,1,513.68,2,513.67,3,513.66,1,513.65,3,513.58,2,513.49,3,513.38,1,513.37,2,513.36,1,514.48,3,514.5,2,514.7,1,514.81,1,514.99,1,515.0,1,515.19,2,515.27,1,515.28,1,515.36,2
2020-10-29 09:33:25,514.53,514.66,1,514.31,6,514.75,3,514.75,514.31,514.31,6,514.3,1,514.2,1,514.12,1,513.97,2,513.69,1,513.68,2,513.67,3,513.66,1,513.65,3,514.75,3,514.84,1,514.85,3,514.99,1,515.0,1,515.19,2,515.27,1,515.28,1,515.36,2,515.37,1
2020-10-29 09:33:26,514.5,514.31,1,514.31,6,514.69,2,514.69,514.31,514.31,6,514.3,1,514.2,1,514.12,1,513.97,2,513.69,1,513.68,2,513.67,3,513.66,1,513.65,3,514.69,2,514.7,3,514.79,1,514.84,1,514.85,3,514.99,1,515.0,1,515.19,2,515.27,1,515.28,1
2020-10-29 09:33:27,514.56,514.56,5,514.27,7,514.85,3,514.85,514.27,514.27,7,514.26,2,514.2,1,514.12,1,513.97,2,513.69,1,513.68,2,513.67,3,513.66,1,513.65,3,514.85,3,514.99,1,515.0,1,515.19,2,515.27,1,515.28,1,515.36,2,515.37,1,,,,
2020-10-29 09:33:28,514.83,514.8,1,514.67,1,514.99,6,514.99,514.67,514.67,1,514.66,3,514.55,1,514.44,2,514.43,1,514.27,9,514.26,2,514.2,1,514.12,1,513.97,2,514.99,6,515.0,1,515.19,2,515.27,1,515.28,1,515.36,2,515.37,1,,,,,,
2020-10-29 09:33:29,514.63,514.63,2,514.29,1,514.97,2,514.97,514.29,514.29,1,514.28,1,514.27,9,514.26,2,514.2,1,514.12,1,513.97,2,513.69,1,513.68,2,513.67,3,514.97,2,514.99,5,515.0,1,515.19,2,515.27,1,515.28,1,515.36,2,515.37,1,,,,
2020-10-29 09:33:30,514.62,514.86,1,514.27,9,514.97,2,514.97,514.27,514.27,9,514.26,2,514.2,1,514.12,1,513.97,2,513.69,1,513.68,2,513.67,3,513.66,1,513.65,3,514.97,2,514.99,5,515.0,1,515.19,2,515.27,1,515.28,1,515.36,2,515.37,1,,,,
2020-10-29 09:33:31,513.825,514.0,1,513.65,4,514.0,63,514.0,513.65,513.65,4,513.58,2,513.49,3,513.38,1,513.37,2,513.36,1,513.08,1,513.02,1,513.01,1,512.82,1,514.0,63,514.61,2,514.62,8,514.8,6,514.97,2,514.99,5,515.0,1,515.19,2,515.27,1,515.28,1
2020-10-29 09:33:32,513.69,513.59,1,513.38,3,514.0,63,514.0,513.38,513.38,3,513.37,2,513.36,1,513.08,1,513.02,1,513.01,1,512.82,1,512.81,5,512.8,5,512.63,1,514.0,63,514.61,2,514.62,8,514.8,6,514.97,2,514.99,5,515.0,1,515.19,2,515.27,1,515.28,1
2020-10-29 09:33:33,513.755,513.74,1,513.51,1,514.0,62,514.0,513.51,513.51,1,513.38,3,513.37,2,513.36,1,513.08,1,513.02,1,513.01,1,512.82,1,512.81,5,512.8,5,514.0,62,514.61,2,514.62,8,514.8,6,514.97,2,514.99,5,515.0,1,515.19,2,515.27,1,515.28,1
2020-10-29 09:33:34,514.51,514.56,1,514.26,3,514.76,1,514.76,514.26,514.26,3,514.25,2,513.82,1,513.6,1,513.51,1,513.38,3,513.37,2,513.36,1,513.08,1,513.02,1,514.76,1,514.77,2,514.8,6,514.97,2,514.99,5,515.0,1,515.19,2,515.27,1,515.28,1,515.36,2
2020-10-29 09:33:35,514.51,514.26,1,514.26,1,514.76,1,514.76,514.26,514.26,1,514.25,2,513.82,1,513.6,1,513.51,1,513.38,3,513.37,2,513.36,1,513.08,1,513.02,1,514.76,1,514.77,2,514.8,6,514.97,2,514.99,5,515.0,1,515.19,2,515.27,1,515.28,1,515.36,2
2020-10-29 09:33:36,513.755,513.8,1,513.39,1,514.12,2,514.12,513.39,513.39,1,513.38,2,513.37,2,513.36,1,513.08,1,513.02,1,513.01,1,512.82,1,512.81,5,512.8,5,514.12,2,514.13,2,514.25,5,514.26,2,514.56,6,514.57,3,514.58,3,514.59,2,514.6,5,514.76,1
2020-10-29 09:33:37,513.785,514.12,1,513.44,1,514.13,1,514.13,513.44,513.44,1,513.42,1,513.39,2,513.38,2,513.37,2,513.36,1,513.08,1,513.02,1,513.01,1,512.82,1,514.13,1,514.25,5,514.26,2,514.56,6,514.57,3,514.58,3,514.59,2,514.6,5,514.76,1,514.77,2
2020-10-29 09:33:38,513.81,513.78,2,513.44,1,514.18,1,514.18,513.44,513.44,1,513.42,1,513.39,2,513.38,2,513.37,2,513.36,1,513.08,1,513.02,1,513.01,1,512.82,1,514.18,1,514.2,2,514.22,2,514.23,1,514.24,1,514.25,7,514.26,2,514.56,6,514.57,3,514.58,3
2020-10-29 09:33:39,513.755,514.12,1,513.44,1,514.07,2,514.07,513.44,513.44,1,513.42,1,513.39,2,513.38,2,513.37,2,513.36,1,513.08,1,513.02,1,513.01,1,512.82,1,514.07,2,514.08,1,514.1,1,514.18,2,514.2,2,514.22,2,514.23,1,514.24,1,514.25,7,514.26,2
2020-10-29 09:33:40,513.705,513.36,1,513.4,2,514.01,3,514.01,513.4,513.4,2,513.36,2,513.35,1,513.08,1,513.02,1,513.01,1,512.82,1,512.81,5,512.8,5,512.63,1,514.01,3,514.02,5,514.08,1,514.1,1,514.18,2,514.2,2,514.22,2,514.23,1,514.24,1,514.25,7
2020-10-29 09:33:41,513.665,514.01,1,513.4,2,513.93,1,513.93,513.4,513.4,2,513.36,2,513.35,1,513.08,1,513.02,1,513.01,1,512.82,1,512.81,5,512.8,5,512.63,1,513.93,1,513.94,1,514.0,2,514.01,2,514.02,5,514.08,1,514.1,1,514.18,2,514.2,2,514.22,2
2020-10-29 09:33:42,513.665,513.75,1,513.4,1,513.93,1,513.93,513.4,513.4,1,513.36,2,513.35,1,513.08,1,513.02,1,513.01,1,512.82,1,512.81,5,512.8,5,512.63,1,513.93,1,513.94,1,514.0,2,514.01,2,514.02,5,514.08,1,514.1,1,514.18,2,514.2,2,514.22,2
2020-10-29 09:33:43,513.665,513.66,1,513.4,2,513.93,1,513.93,513.4,513.4,2,513.36,2,513.35,1,513.08,1,513.02,1,513.01,1,512.82,1,512.81,5,512.8,5,512.63,1,513.93,1,513.94,1,514.0,2,514.01,2,514.02,5,514.08,1,514.1,1,514.18,2,514.2,2,514.22,2
2020-10-29 09:33:44,513.665,513.93,1,513.4,2,513.93,1,513.93,513.4,513.4,2,513.36,2,513.35,1,513.08,1,513.02,1,513.01,1,512.82,1,512.81,5,512.8,5,512.63,1,513.93,1,513.94,1,514.0,2,514.01,2,514.02,5,514.08,1,514.1,1,514.18,2,514.2,2,514.22,2
2020-10-29 09:33:45,513.98,513.93,1,513.71,4,514.25,2,514.25,513.71,513.71,4,513.7,9,513.62,1,513.47,1,513.46,1,513.45,1,513.4,3,513.36,2,513.35,1,513.08,1,514.25,2,514.39,1,514.56,6,514.57,3,514.58,3,514.59,2,514.6,5,514.76,1,514.77,2,514.8,6
2020-10-29 09:33:46,514.015,513.71,1,513.72,2,514.31,2,514.31,513.72,513.72,2,513.71,3,513.7,9,513.62,1,513.47,1,513.46,1,513.45,1,513.4,3,513.36,2,513.35,1,514.31,2,514.39,1,514.56,6,514.57,3,514.58,3,514.59,2,514.6,5,514.76,1,514.77,2,514.8,6
2020-10-29 09:33:47,514.025,514.31,1,513.74,2,514.31,2,514.31,513.74,513.74,2,513.73,2,513.72,2,513.71,3,513.7,9,513.62,1,513.47,1,513.46,1,513.45,1,513.4,3,514.31,2,514.39,1,514.56,6,514.57,3,514.58,3,514.59,2,514.6,5,514.76,1,514.77,2,514.8,6
2020-10-29 09:33:48,514.48,513.74,1,514.19,1,514.77,1,514.77,514.19,514.19,1,514.18,4,514.17,3,514.16,2,514.07,1,514.06,1,513.85,1,513.74,2,513.73,2,513.72,2,514.77,1,514.8,6,514.97,2,514.99,5,515.0,1,515.19,2,515.27,1,515.28,1,515.36,2,515.37,1
2020-10-29 09:33:49,514.6,514.53,1,514.33,2,514.87,5,514.87,514.33,514.33,2,514.19,3,514.18,4,514.17,3,514.16,2,514.07,1,514.06,1,513.85,1,513.74,2,513.73,2,514.87,5,514.88,4,514.89,5,514.91,2,514.93,1,514.99,5,515.0,1,515.19,2,515.27,1,515.28,1
2020-10-29 09:33:50,514.525,514.34,1,514.35,2,514.7,1,514.7,514.35,514.35,2,514.34,3,514.33,2,514.19,3,514.18,4,514.17,3,514.16,2,514.07,1,514.06,1,513.85,1,514.7,1,514.84,5,514.85,5,514.86,8,514.87,4,514.88,4,514.89,5,514.91,2,514.93,1,514.99,5
2020-10-29 09:33:51,514.525,514.53,1,514.35,2,514.7,2,514.7,514.35,514.35,2,514.34,3,514.33,2,514.19,3,514.18,4,514.17,3,514.16,2,514.07,1,514.06,1,513.85,1,514.7,2,514.84,5,514.85,5,514.86,8,514.87,4,514.88,4,514.89,5,514.91,2,514.93,1,514.99,5
2020-10-29 09:33:52,514.525,514.35,1,514.35,1,514.7,2,514.7,514.35,514.35,1,514.34,3,514.33,2,514.19,3,514.18,4,514.17,3,514.16,2,514.07,1,514.06,1,513.85,1,514.7,2,514.84,5,514.85,5,514.86,8,514.87,4,514.88,4,514.89,5,514.91,2,514.93,1,514.99,5
2020-10-29 09:33:53,514.085,514.0,1,514.01,1,514.16,2,514.16,514.01,514.01,1,513.74,2,513.73,2,513.72,2,513.71,3,513.7,9,513.62,1,513.47,1,513.46,1,513.45,1,514.16,2,514.24,1,514.27,1,514.34,4,514.35,1,514.62,2,514.7,3,514.84,5,514.85,5,514.86,8
2020-10-29 09:33:54,514.055,514.15,5,513.77,1,514.34,1,514.34,513.77,513.77,1,513.74,1,513.73,2,513.72,2,513.71,3,513.7,9,513.62,1,513.47,1,513.46,1,513.45,1,514.34,1,514.35,1,514.62,2,514.7,3,514.84,5,514.85,5,514.86,8,514.87,4,514.88,4,514.89,5
2020-10-29 09:33:55,514.05,514.34,1,513.77,1,514.33,4,514.33,513.77,513.77,1,513.74,2,513.73,2,513.72,2,513.71,3,513.7,9,513.62,1,513.47,1,513.46,1,513.45,1,514.33,4,514.34,2,514.35,1,514.62,2,514.7,3,514.84,5,514.85,5,514.86,8,514.87,4,514.88,4
2020-10-29 09:33:56,514.05,513.77,1,513.77,1,514.33,1,514.33,513.77,513.77,1,513.74,2,513.73,2,513.72,2,513.71,3,513.7,9,513.62,1,513.47,1,513.46,1,513.45,1,514.33,1,514.34,4,514.35,1,514.62,2,514.7,3,514.84,5,514.85,5,514.86,8,514.87,4,514.88,4
2020-10-29 09:33:57,513.93,513.89,1,513.62,2,514.24,6,514.24,513.62,513.62,2,513.47,1,513.46,1,513.45,1,513.4,3,513.36,2,513.35,1,513.08,1,513.02,1,513.01,1,514.24,6,514.25,8,514.26,2,514.33,2,514.34,4,514.35,1,514.62,2,514.7,3,514.84,5,514.85,5
2020-10-29 09:33:58,513.93,513.62,1,513.62,1,514.24,6,514.24,513.62,513.62,1,513.47,1,513.46,1,513.45,1,513.4,3,513.36,2,513.35,1,513.08,1,513.02,1,513.01,1,514.24,6,514.25,8,514.26,2,514.33,2,514.34,4,514.35,1,514.62,2,514.7,3,514.84,5,514.85,5
2020-10-29 09:33:59,513.93,514.24,1,513.62,1,514.24,5,514.24,513.62,513.62,1,513.47,1,513.46,1,513.45,1,513.4,3,513.36,2,513.35,1,513.08,1,513.02,1,513.01,1,514.24,5,514.25,8,514.26,2,514.33,2,514.34,4,514.35,1,514.62,2,514.7,3,514.84,5,514.85,5
2020-10-29 09:34:00,513.92,513.62,1,513.62,1,514.22,4,514.22,513.62,513.62,1,513.47,1,513.46,1,513.45,1,513.4,3,513.36,2,513.35,1,513.08,1,513.02,1,513.01,1,514.22,4,514.26,3,514.33,2,514.34,4,514.35,1,514.62,2,514.7,3,514.84,5,514.85,5,514.86,8
2020-10-29 09:34:01,513.555,513.62,1,513.36,1,513.75,1,513.75,513.36,513.36,1,513.35,1,513.08,1,513.02,1,513.01,1,512.82,1,512.81,5,512.8,5,512.63,1,512.51,1,513.75,1,513.82,2,513.91,3,514.08,2,514.09,3,514.1,5,514.11,2,514.12,2,514.13,1,514.14,1
2020-10-29 09:34:02,513.36,513.01,1,513.1,8,513.62,1,513.62,513.1,513.1,8,513.01,4,512.82,1,512.81,5,512.8,5,512.63,1,512.51,1,512.48,4,512.47,1,512.3,2,513.62,1,513.63,2,513.64,2,513.65,2,513.73,5,513.74,3,513.75,4,513.82,2,513.91,3,514.08,2
2020-10-29 09:34:03,513.39,513.58,1,513.17,2,513.61,1,513.61,513.17,513.17,2,513.16,2,513.03,2,513.01,9,512.82,1,512.81,5,512.8,5,512.63,1,512.51,1,512.48,4,513.61,1,513.64,4,513.65,2,513.73,5,513.74,3,513.75,4,513.82,2,513.91,3,514.08,2,514.09,3
2020-10-29 09:34:04,513.39,513.39,1,513.17,1,513.61,1,513.61,513.17,513.17,1,513.16,2,513.03,2,513.01,9,512.82,1,512.81,5,512.8,5,512.63,1,512.51,1,512.48,4,513.61,1,513.64,4,513.65,2,513.73,5,513.74,3,513.75,4,513.82,2,513.91,3,514.08,2,514.09,3
2020-10-29 09:34:05,513.395,513.64,1,513.16,1,513.63,3,513.63,513.16,513.16,1,513.03,2,513.01,9,512.82,1,512.81,5,512.8,5,512.63,1,512.51,1,512.48,4,512.47,1,513.63,3,513.64,6,513.65,2,513.73,5,513.74,3,513.75,4,513.82,2,513.91,3,514.08,2,514.09,3
2020-10-29 09:34:06,513.7,513.63,1,513.33,1,514.07,2,514.07,513.33,513.33,1,513.16,2,513.03,2,513.01,9,512.82,1,512.81,5,512.8,5,512.63,1,512.51,1,512.48,4,514.07,2,514.1,3,514.11,2,514.12,2,514.13,1,514.14,1,514.22,4,514.26,3,514.33,2,514.34,4
2020-10-29 09:34:07,514.165,514.48,1,513.83,1,514.5,3,514.5,513.83,513.83,1,513.69,5,513.68,5,513.67,4,513.52,1,513.33,1,513.16,2,513.03,2,513.01,9,512.82,1,514.5,3,514.62,1,514.7,3,514.84,5,514.85,5,514.86,8,514.87,4,514.88,4,514.89,5,514.91,2
2020-10-29 09:34:08,514.175,513.83,1,513.85,1,514.5,3,514.5,513.85,513.85,1,513.83,1,513.69,5,513.68,5,513.67,4,513.52,1,513.33,1,513.16,2,513.03,2,513.01,9,514.5,3,514.62,1,514.7,3,514.84,5,514.85,5,514.86,8,514.87,4,514.88,4,514.89,5,514.91,2
2020-10-29 09:34:09,514.115,514.5,1,513.83,1,514.4,2,514.4,513.83,513.83,1,513.69,5,513.68,5,513.67,4,513.52,1,513.33,1,513.16,2,513.03,2,513.01,9,512.82,1,514.4,2,514.5,4,514.62,1,514.7,3,514.84,5,514.85,5,514.86,8,514.87,4,514.88,4,514.89,5
2020-10-29 09:34:10,514.11,513.83,1,513.83,1,514.39,1,514.39,513.83,513.83,1,513.69,5,513.68,5,513.67,4,513.52,1,513.33,1,513.16,2,513.03,2,513.01,9,512.82,1,514.39,1,514.4,2,514.5,4,514.62,1,514.7,3,514.84,5,514.85,5,514.86,8,514.87,4,514.88,4
2020-10-29 09:34:11,513.86,514.4,1,513.33,1,514.39,2,514.39,513.33,513.33,1,513.16,2,513.03,2,513.01,9,512.82,1,512.81,5,512.8,5,512.63,1,512.51,1,512.48,4,514.39,2,514.4,1,514.5,4,514.62,1,514.7,3,514.84,5,514.85,5,514.86,8,514.87,4,514.88,4
2020-10-29 09:34:12,513.98,513.61,1,513.61,1,514.35,2,514.35,513.61,513.61,1,513.33,1,513.16,2,513.03,2,513.01,9,512.82,1,512.81,5,512.8,5,512.63,1,512.51,1,514.35,2,514.39,2,514.4,1,514.5,4,514.62,1,514.7,3,514.84,5,514.85,5,514.86,8,514.87,4
2020-10-29 09:34:13,513.805,513.83,1,513.61,1,514.0,1,514.0,513.61,513.61,1,513.33,1,513.16,2,513.03,2,513.01,9,512.82,1,512.81,5,512.8,5,512.63,1,512.51,1,514.0,1,514.35,2,514.39,2,514.4,1,514.5,4,514.62,1,514.7,3,514.84,5,514.85,5,514.86,8
2020-10-29 09:34:14,514.115,514.16,2,513.88,2,514.35,1,514.35,513.88,513.88,2,513.87,2,513.85,5,513.61,2,513.33,1,513.16,2,513.03,2,513.01,9,512.82,1,512.81,5,514.35,1,514.39,2,514.4,1,514.5,4,514.62,1,514.7,3,514.84,5,514.85,5,514.86,8,514.87,4
2020-10-29 09:34:15,514.095,514.35,1,513.89,2,514.3,1,514.3,513.89,513.89,2,513.88,2,513.87,2,513.85,5,513.61,2,513.33,1,513.16,2,513.03,2,513.01,9,512.82,1,514.3,1,514.35,1,514.39,2,514.4,1,514.5,4,514.62,1,514.7,3,514.84,5,514.85,5,514.86,8
2020-10-29 09:34:16,514.095,513.89,1,513.89,1,514.3,1,514.3,513.89,513.89,1,513.88,2,513.87,2,513.85,5,513.61,2,513.33,1,513.16,2,513.03,2,513.01,9,512.82,1,514.3,1,514.35,1,514.39,2,514.4,1,514.5,4,514.62,1,514.7,3,514.84,5,514.85,5,514.86,8
2020-10-29 09:34:17,514.125,514.35,1,513.9,2,514.35,3,514.35,513.9,513.9,2,513.89,1,513.88,2,513.87,2,513.85,5,513.61,2,513.33,1,513.16,2,513.03,2,513.01,9,514.35,3,514.39,2,514.4,1,514.5,4,514.62,1,514.7,3,514.84,5,514.85,5,514.86,8,514.87,4
2020-10-29 09:34:18,514.335,514.14,1,514.2,1,514.47,2,514.47,514.2,514.2,1,514.13,5,514.02,1,513.99,1,513.91,2,513.9,2,513.89,1,513.88,2,513.87,2,513.85,5,514.47,2,514.49,1,514.5,3,514.7,1,514.84,5,514.85,5,514.86,8,514.87,4,514.88,4,514.89,5
2020-10-29 09:34:19,514.09,513.88,1,513.84,3,514.34,2,514.34,513.84,513.84,3,513.61,2,513.33,1,513.16,2,513.03,2,513.01,9,512.82,1,512.81,5,512.8,5,512.63,1,514.34,2,514.42,3,514.45,1,514.47,2,514.49,1,514.5,3,514.7,1,514.84,5,514.85,5,514.86,8
2020-10-29 09:34:20,513.51,513.58,1,513.16,1,513.86,1,513.86,513.26,513.16,1,513.03,2,513.01,9,512.82,1,512.81,5,512.8,5,512.63,1,512.51,1,512.48,4,512.47,1,513.86,1,514.1,5,514.11,2,514.27,2,514.28,4,514.34,3,514.42,3,514.45,1,514.47,2,514.49,1
2020-10-29 09:34:21,513.725,514.02,1,513.34,3,514.11,4,514.11,513.34,513.34,3,513.33,4,513.26,3,513.16,1,513.03,2,513.01,9,512.82,1,512.81,5,512.8,5,512.63,1,514.11,4,514.27,2,514.28,4,514.34,3,514.42,3,514.45,1,514.47,2,514.49,1,514.5,3,514.7,1
2020-10-29 09:34:22,513.745,513.61,2,513.38,3,514.11,4,514.11,513.38,513.38,3,513.37,5,513.36,6,513.35,3,513.34,6,513.33,3,513.26,3,513.16,1,513.03,2,513.01,9,514.11,4,514.27,2,514.28,4,514.34,3,514.42,3,514.45,1,514.47,2,514.49,1,514.5,3,514.7,1
2020-10-29 09:34:23,513.735,513.73,4,513.36,6,514.11,4,514.11,513.36,513.36,6,513.35,3,513.34,6,513.33,3,513.26,3,513.16,1,513.03,2,513.01,9,512.82,1,512.81,5,514.11,4,514.27,2,514.28,4,514.34,3,514.42,3,514.45,1,514.47,2,514.49,1,514.5,3,514.7,1
2020-10-29 09:34:24,514.105,514.34,1,513.74,8,514.47,1,514.47,513.74,513.74,8,513.36,5,513.35,3,513.34,6,513.33,3,513.26,3,513.16,1,513.03,2,513.01,9,512.82,1,514.47,1,514.5,3,514.7,1,514.84,5,514.85,5,514.86,8,514.87,4,514.88,4,514.89,5,514.91,2
2020-10-29 09:34:25,513.94,514.36,1,513.59,3,514.29,1,514.29,513.59,513.59,3,513.36,5,513.35,3,513.34,6,513.33,3,513.26,3,513.16,1,513.03,2,513.01,9,512.82,1,514.29,1,514.33,1,514.36,1,514.47,1,514.5,3,514.7,1,514.84,5,514.85,5,514.86,8,514.87,4
2020-10-29 09:34:26,514.17,514.11,8,514.01,1,514.33,1,514.33,514.01,514.01,1,513.76,1,513.59,3,513.36,5,513.35,3,513.34,6,513.33,3,513.26,3,513.16,1,513.03,2,514.33,1,514.36,1,514.47,1,514.5,3,514.7,1,514.84,5,514.85,5,514.86,8,514.87,4,514.88,4
2020-10-29 09:34:27,514.255,514.22,1,514.01,1,514.5,3,514.5,514.01,514.01,1,513.76,1,513.59,3,513.36,5,513.35,3,513.34,6,513.33,3,513.26,3,513.16,1,513.03,2,514.5,3,514.7,1,514.84,5,514.85,5,514.86,8,514.87,4,514.88,4,514.89,5,514.91,2,514.93,1
2020-10-29 09:34:28,514.26,514.31,1,514.02,2,514.5,3,514.5,514.02,514.02,2,514.01,1,513.76,1,513.59,3,513.36,5,513.35,3,513.34,6,513.33,3,513.26,3,513.16,1,514.5,3,514.58,1,514.7,1,514.84,5,514.85,5,514.86,8,514.87,4,514.88,4,514.89,5,514.91,2
2020-10-29 09:34:29,514.26,514.21,3,514.02,2,514.5,3,514.5,514.02,514.02,2,514.01,1,513.76,1,513.59,3,513.36,5,513.35,3,513.34,6,513.33,3,513.26,3,513.16,1,514.5,3,514.58,1,514.7,1,514.84,5,514.85,5,514.86,8,514.87,4,514.88,4,514.89,5,514.91,2
2020-10-29 09:34:30,514.26,514.02,1,514.02,1,514.5,3,514.5,514.02,514.02,1,514.01,1,513.76,1,513.59,3,513.36,5,513.35,3,513.34,6,513.33,3,513.26,3,513.16,1,514.5,3,514.58,1,514.7,1,514.84,5,514.85,5,514.86,8,514.87,4,514.88,4,514.89,5,514.91,2
2020-10-29 09:34:31,514.26,514.23,2,514.02,1,514.5,3,514.5,514.02,514.02,1,514.01,1,513.76,1,513.59,3,513.36,5,513.35,3,513.34,6,513.33,3,513.26,3,513.16,1,514.5,3,514.58,1,514.7,1,514.84,5,514.85,5,514.86,8,514.87,4,514.88,4,514.89,5,514.91,2
2020-10-29 09:34:32,514.48,514.7,1,514.17,2,514.79,3,514.79,514.17,514.17,2,514.15,1,514.03,1,514.02,1,514.01,1,513.76,1,513.59,3,513.36,5,513.35,3,513.34,6,514.79,3,514.84,5,514.85,5,514.86,8,514.87,4,514.88,4,514.89,5,514.91,2,514.93,1,514.99,5
2020-10-29 09:34:33,514.39,514.79,1,514.17,1,514.61,1,514.61,514.17,514.17,1,514.15,1,514.03,1,514.02,1,514.01,1,513.76,1,513.59,3,513.36,5,513.35,3,513.34,6,514.61,1,514.67,2,514.79,1,514.84,5,514.85,5,514.86,8,514.87,4,514.88,4,514.89,5,514.91,2
2020-10-29 09:34:34,514.395,514.39,1,514.18,5,514.61,1,514.61,514.18,514.18,5,514.17,3,514.15,1,514.03,1,514.02,1,514.01,1,513.76,1,513.59,3,513.36,5,513.35,3,514.61,1,514.67,2,514.79,1,514.84,5,514.85,5,514.86,8,514.87,4,514.88,4,514.89,5,514.91,2
2020-10-29 09:34:35,514.355,514.61,1,514.17,3,514.54,1,514.54,514.17,514.17,3,514.15,1,514.03,1,514.02,1,514.01,1,513.76,1,513.59,3,513.36,5,513.35,3,513.34,6,514.54,1,514.61,1,514.67,2,514.79,1,514.84,5,514.85,5,514.86,8,514.87,4,514.88,4,514.89,5
2020-10-29 09:34:36,514.36,514.37,1,514.18,1,514.54,1,514.54,514.18,514.18,1,514.17,3,514.15,1,514.03,1,514.02,1,514.01,1,513.76,1,513.59,3,513.36,5,513.35,3,514.54,1,514.67,2,514.79,1,514.84,5,514.85,5,514.86,8,514.87,4,514.88,4,514.89,5,514.91,2
2020-10-29 09:34:37,513.915,514.17,1,513.59,3,514.24,1,514.24,513.59,513.59,3,513.36,5,513.35,3,513.34,6,513.33,3,513.26,3,513.16,1,513.03,2,513.01,9,512.82,1,514.24,1,514.43,3,514.67,2,514.79,1,514.84,5,514.85,5,514.86,8,514.87,4,514.88,4,514.89,5
2020-10-29 09:34:38,514.295,514.16,1,514.16,2,514.43,2,514.43,514.16,514.16,2,513.9,6,513.59,2,513.36,5,513.35,3,513.34,6,513.33,3,513.26,3,513.16,1,513.03,2,514.43,2,514.67,2,514.79,1,514.84,5,514.85,5,514.86,8,514.87,4,514.88,4,514.89,5,514.91,2
2020-10-29 09:34:39,514.11,514.43,1,513.9,6,514.32,1,514.32,513.9,513.9,6,513.59,2,513.36,5,513.35,3,513.34,6,513.33,3,513.26,3,513.16,1,513.03,2,513.01,9,514.32,1,514.42,1,514.43,1,514.67,2,514.79,1,514.84,5,514.85,5,514.86,8,514.87,4,514.88,4
2020-10-29 09:34:40,513.68,513.9,1,513.34,1,514.02,1,514.02,513.34,513.34,1,513.33,1,513.16,2,513.03,2,513.01,9,512.82,1,512.81,5,512.8,5,512.63,1,512.51,1,514.02,1,514.03,1,514.07,1,514.08,2,514.09,4,514.1,3,514.31,1,514.32,1,514.42,1,514.43,1
2020-10-29 09:34:41,513.595,513.67,1,513.31,2,513.88,2,513.88,513.31,513.31,2,513.16,2,513.03,2,513.01,9,512.82,1,512.81,5,512.8,5,512.63,1,512.51,1,512.48,4,513.88,2,513.95,2,513.97,1,514.03,3,514.07,1,514.08,2,514.09,4,514.1,3,514.31,1,514.32,1
2020-10-29 09:34:42,513.6,513.36,1,513.32,2,513.88,2,513.88,513.32,513.32,2,513.31,3,513.16,2,513.03,2,513.01,9,512.82,1,512.81,5,512.8,5,512.63,1,512.51,1,513.88,2,513.95,2,513.97,1,514.03,3,514.07,1,514.08,2,514.09,4,514.1,3,514.31,1,514.32,1
2020-10-29 09:34:43,513.88,513.88,1,513.47,2,514.29,1,514.29,513.47,513.47,2,513.33,1,513.32,2,513.31,3,513.16,2,513.03,2,513.01,9,512.82,1,512.81,5,512.8,5,514.29,1,514.3,1,514.31,1,514.32,1,514.42,1,514.43,1,514.67,2,514.79,1,514.84,5,514.85,5
2020-10-29 09:34:44,513.91,513.47,1,513.51,2,514.31,3,514.31,513.51,513.51,2,513.47,4,513.33,1,513.32,2,513.31,3,513.16,2,513.03,2,513.01,9,512.82,1,512.81,5,514.31,3,514.32,1,514.42,1,514.43,1,514.67,2,514.79,1,514.84,5,514.85,5,514.86,8,514.87,4
2020-10-29 09:34:45,513.905,514.31,1,513.51,2,514.3,1,514.3,513.51,513.51,2,513.47,4,513.33,1,513.32,2,513.31,3,513.16,2,513.03,2,513.01,9,512.82,1,512.81,5,514.3,1,514.31,3,514.32,1,514.42,1,514.43,1,514.67,2,514.79,1,514.84,5,514.85,5,514.86,8
2020-10-29 09:34:46,513.5,513.46,1,513.19,2,513.81,2,513.81,513.19,513.19,2,513.16,2,513.03,2,513.01,9,512.82,1,512.81,5,512.8,5,512.63,1,512.51,1,512.48,4,513.81,2,513.9,1,513.92,1,514.08,2,514.29,2,514.3,1,514.31,3,514.32,1,514.42,1,514.43,1
2020-10-29 09:34:47,513.5,513.81,1,513.19,2,513.81,1,513.81,513.19,513.19,2,513.16,2,513.03,2,513.01,9,512.82,1,512.81,5,512.8,5,512.63,1,512.51,1,512.48,4,513.81,1,513.9,1,513.92,1,514.08,2,514.29,2,514.3,1,514.31,3,514.32,1,514.42,1,514.43,1
2020-10-29 09:34:48,513.565,513.31,1,513.32,3,513.81,1,513.81,513.32,513.32,3,513.19,2,513.16,2,513.03,2,513.01,9,512.82,1,512.81,5,512.8,5,512.63,1,512.51,1,513.81,1,513.9,1,513.92,1,514.08,2,514.29,2,514.3,1,514.31,3,514.32,1,514.42,1,514.43,1
2020-10-29 09:34:49,513.61,513.81,1,513.32,3,513.81,0,513.9,513.32,513.32,3,513.19,2,513.16,2,513.03,2,513.01,9,512.82,1,512.81,5,512.8,5,512.63,1,512.51,1,513.9,1,513.92,1,514.08,2,514.29,2,514.3,1,514.31,3,514.32,1,514.42,1,514.43,1,514.67,2
2020-10-29 09:34:50,513.565,513.32,1,513.32,2,513.81,1,513.81,513.32,513.32,2,513.19,2,513.16,2,513.03,2,513.01,9,512.82,1,512.81,5,512.8,5,512.63,1,512.51,1,513.81,1,513.9,1,513.92,1,514.08,2,514.29,2,514.3,1,514.31,3,514.32,1,514.42,1,514.43,1
2020-10-29 09:34:51,513.4,513.32,1,513.14,2,513.66,1,513.66,513.14,513.14,2,513.03,2,513.01,9,512.82,1,512.81,5,512.8,5,512.63,1,512.51,1,512.48,4,512.47,1,513.66,1,513.77,1,513.78,1,513.81,1,513.9,1,513.92,1,514.08,2,514.29,2,514.3,1,514.31,3
2020-10-29 09:34:52,513.465,513.61,1,513.16,2,513.77,1,513.77,513.16,513.16,2,513.14,2,513.03,2,513.01,9,512.82,1,512.81,5,512.8,5,512.63,1,512.51,1,512.48,4,513.77,1,513.78,1,513.81,1,513.9,1,513.92,1,514.08,2,514.29,2,514.3,1,514.31,3,514.32,1
2020-10-29 09:34:53,513.575,513.77,1,513.23,1,513.92,1,513.92,513.23,513.23,1,513.22,2,513.19,2,513.16,2,513.14,2,513.03,2,513.01,9,512.82,1,512.81,5,512.8,5,513.92,1,514.08,2,514.29,2,514.3,1,514.31,3,514.32,1,514.42,1,514.43,1,514.67,2,514.79,1
2020-10-29 09:34:54,513.57,513.22,1,513.22,2,513.92,2,513.92,513.22,513.22,2,513.19,2,513.16,2,513.14,2,513.03,2,513.01,9,512.82,1,512.81,5,512.8,5,512.63,1,513.92,2,514.08,2,514.29,2,514.3,1,514.31,3,514.32,1,514.42,1,514.43,1,514.67,2,514.79,1
2020-10-29 09:34:55,513.57,513.92,1,513.22,2,513.92,2,513.92,513.22,513.22,2,513.19,2,513.16,2,513.14,2,513.03,2,513.01,9,512.82,1,512.81,5,512.8,5,512.63,1,513.92,2,514.08,2,514.29,2,514.3,1,514.31,3,514.32,1,514.42,1,514.43,1,514.67,2,514.79,1
2020-10-29 09:34:56,513.645,513.22,1,513.37,2,513.92,1,513.92,513.37,513.37,2,513.22,2,513.19,2,513.16,2,513.14,2,513.03,2,513.01,9,512.82,1,512.81,5,512.8,5,513.92,1,514.08,2,514.29,2,514.3,1,514.31,3,514.32,1,514.42,1,514.43,1,514.67,2,514.79,1
2020-10-29 09:34:57,513.75,513.92,1,513.58,1,513.92,1,513.92,513.58,513.58,1,513.37,2,513.22,2,513.19,2,513.16,2,513.14,2,513.03,2,513.01,9,512.82,1,512.81,5,513.92,1,514.08,2,514.29,2,514.3,1,514.31,3,514.32,1,514.42,1,514.43,1,514.67,2,514.79,1
2020-10-29 09:34:58,513.645,513.22,1,513.37,2,513.92,1,513.92,513.37,513.37,2,513.22,1,513.19,2,513.16,2,513.14,2,513.03,2,513.01,9,512.82,1,512.81,5,512.8,5,513.92,1,514.08,2,514.29,2,514.3,1,514.31,3,514.32,1,514.42,1,514.43,1,514.67,2,514.79,1
2020-10-29 09:34:59,513.645,513.92,1,513.37,2,513.92,1,513.92,513.37,513.37,2,513.22,1,513.19,2,513.16,2,513.14,2,513.03,2,513.01,9,512.82,1,512.81,5,512.8,5,513.92,1,514.08,2,514.29,2,514.3,1,514.31,3,514.32,1,514.42,1,514.43,1,514.67,2,514.79,1
2020-10-29 09:35:00,513.815,513.22,1,513.58,1,514.05,1,514.05,513.58,513.58,1,513.37,2,513.22,2,513.19,2,513.16,2,513.14,2,513.03,2,513.01,9,512.82,1,512.81,5,514.05,1,514.29,5,514.3,1,514.31,3,514.32,1,514.42,1,514.43,1,514.67,2,514.79,1,514.84,5
2020-10-29 09:35:01,513.76,514.05,1,513.52,1,514.0,2,514.0,513.52,513.52,1,513.37,2,513.22,2,513.19,2,513.16,2,513.14,2,513.03,2,513.01,9,512.82,1,512.81,5,514.0,2,514.05,1,514.29,5,514.3,1,514.31,3,514.32,1,514.42,1,514.43,1,514.67,2,514.79,1
2020-10-29 09:35:02,513.785,513.52,1,513.52,3,514.05,1,514.05,513.52,513.52,3,513.37,2,513.22,2,513.19,2,513.16,2,513.14,2,513.03,2,513.01,9,512.82,1,512.81,5,514.05,1,514.26,1,514.29,5,514.3,1,514.31,3,514.32,1,514.42,1,514.43,1,514.67,2,514.79,1
2020-10-29 09:35:03,513.825,514.05,1,513.6,1,514.05,1,514.05,513.6,513.6,1,513.52,3,513.37,2,513.22,2,513.19,2,513.16,2,513.14,2,513.03,2,513.01,9,512.82,1,514.05,1,514.26,1,514.29,5,514.3,1,514.31,3,514.32,1,514.42,1,514.43,1,514.67,2,514.79,1
2020-10-29 09:35:04,514.13,513.84,1,513.97,1,514.29,5,514.29,513.97,513.97,1,513.81,5,513.61,1,513.6,1,513.52,3,513.37,2,513.22,2,513.19,2,513.16,2,513.14,2,514.29,5,514.3,1,514.31,3,514.32,1,514.42,1,514.43,1,514.67,2,514.79,1,514.84,5,514.85,5
2020-10-29 09:35:05,514.025,514.2,1,513.77,1,514.28,1,514.28,513.77,513.77,1,513.76,2,513.61,1,513.6,1,513.52,3,513.37,2,513.22,2,513.19,2,513.16,2,513.14,2,514.28,1,514.29,3,514.3,1,514.31,3,514.32,1,514.42,1,514.43,1,514.67,2,514.79,1,514.84,5
2020-10-29 09:35:06,514.025,513.76,1,513.76,2,514.29,3,514.29,513.76,513.76,2,513.61,1,513.6,1,513.52,3,513.37,2,513.22,2,513.19,2,513.16,2,513.14,2,513.03,2,514.29,3,514.3,1,514.31,3,514.32,1,514.42,1,514.43,1,514.67,2,514.79,1,514.84,5,514.85,5
2020-10-29 09:35:07,514.21,514.2,1,513.94,3,514.48,1,514.48,513.94,513.94,3,513.89,1,513.85,1,513.76,3,513.61,1,513.6,1,513.52,3,513.37,2,513.22,2,513.19,2,514.48,1,514.49,3,514.67,2,514.79,1,514.84,5,514.85,5,514.86,8,514.87,4,514.88,4,514.89,5
2020-10-29 09:35:08,514.285,514.11,1,514.08,1,514.49,3,514.49,514.08,514.08,1,513.94,2,513.89,1,513.85,1,513.76,3,513.61,1,513.6,1,513.52,3,513.37,2,513.22,2,514.49,3,514.67,2,514.79,1,514.84,5,514.85,5,514.86,8,514.87,4,514.88,4,514.89,5,514.91,2
2020-10-29 09:35:09,514.285,514.11,1,514.08,1,514.49,2,514.49,514.08,514.08,1,513.94,2,513.89,1,513.85,1,513.76,3,513.61,1,513.6,1,513.52,3,513.37,2,513.22,2,514.49,2,514.67,2,514.79,1,514.84,5,514.85,5,514.86,8,514.87,4,514.88,4,514.89,5,514.91,2
2020-10-29 09:35:10,514.285,514.08,1,514.08,1,514.49,2,514.49,514.08,514.08,1,513.94,2,513.89,1,513.85,1,513.76,3,513.61,1,513.6,1,513.52,3,513.37,2,513.22,2,514.49,2,514.67,2,514.79,1,514.84,5,514.85,5,514.86,8,514.87,4,514.88,4,514.89,5,514.91,2
2020-10-29 09:35:11,514.495,514.69,1,514.3,1,514.69,1,514.69,514.3,514.3,1,514.29,5,514.1,1,514.08,1,513.94,2,513.89,1,513.85,1,513.76,3,513.61,1,513.6,1,514.69,1,514.7,1,514.79,1,514.84,5,514.85,5,514.86,8,514.87,4,514.88,4,514.89,5,514.91,2
2020-10-29 09:35:12,514.31,514.11,1,514.03,2,514.59,1,514.59,514.03,514.03,2,513.94,2,513.89,1,513.85,1,513.76,3,513.61,1,513.6,1,513.52,3,513.37,2,513.22,2,514.59,1,514.68,3,514.69,1,514.7,1,514.79,1,514.84,5,514.85,5,514.86,8,514.87,4,514.88,4
2020-10-29 09:35:13,514.395,514.69,1,514.1,3,514.69,1,514.69,514.1,514.1,3,514.09,3,514.03,3,513.94,2,513.89,1,513.85,1,513.76,3,513.61,1,513.6,1,513.52,3,514.69,1,514.7,2,514.79,1,514.84,5,514.85,5,514.86,8,514.87,4,514.88,4,514.89,5,514.91,2
2020-10-29 09:35:14,514.38,514.39,1,514.1,6,514.66,1,514.66,514.1,514.1,6,514.09,3,514.03,3,513.94,2,513.89,1,513.85,1,513.76,3,513.61,1,513.6,1,513.52,3,514.66,1,514.67,1,514.69,3,514.7,2,514.79,1,514.84,5,514.85,5,514.86,8,514.87,4,514.88,4
2020-10-29 09:35:15,514.225,514.59,1,514.03,3,514.42,3,514.42,514.03,514.03,3,513.94,2,513.89,1,513.85,1,513.76,3,513.61,1,513.6,1,513.52,3,513.37,2,513.22,2,514.42,3,514.43,1,514.54,1,514.64,1,514.7,2,514.79,1,514.84,5,514.85,5,514.86,8,514.87,4
2020-10-29 09:35:16,514.37,514.5,1,514.24,5,514.5,3,514.5,514.24,514.24,5,514.23,5,514.22,3,514.21,7,514.03,3,513.94,2,513.89,1,513.85,1,513.76,3,513.61,1,514.5,3,514.54,1,514.64,1,514.7,2,514.79,1,514.84,5,514.85,5,514.86,8,514.87,4,514.88,4
2020-10-29 09:35:17,514.265,514.41,1,514.03,3,514.5,3,514.5,514.03,514.03,3,513.94,2,513.89,1,513.85,1,513.76,3,513.61,1,513.6,1,513.52,3,513.37,2,513.22,2,514.5,3,514.54,1,514.64,1,514.7,2,514.79,1,514.84,5,514.85,5,514.86,8,514.87,4,514.88,4
2020-10-29 09:35:18,514.53,514.5,4,514.38,1,514.68,1,514.68,514.38,514.38,1,514.37,6,514.36,3,514.3,1,514.27,1,514.03,3,513.94,2,513.89,1,513.85,1,513.76,3,514.68,1,514.7,2,514.79,1,514.84,5,514.85,5,514.86,8,514.87,4,514.88,4,514.89,5,514.91,2
2020-10-29 09:35:19,514.53,514.68,1,514.36,2,514.7,2,514.7,514.36,514.36,2,514.3,1,514.27,1,514.03,3,513.94,2,513.89,1,513.85,1,513.76,3,513.61,1,513.6,1,514.7,2,514.79,1,514.84,5,514.85,5,514.86,8,514.87,4,514.88,4,514.89,5,514.91,2,514.93,1
2020-10-29 09:35:20,514.535,514.7,1,514.37,2,514.7,1,514.7,514.37,514.37,2,514.36,2,514.3,1,514.27,1,514.03,3,513.94,2,513.89,1,513.85,1,513.76,3,513.61,1,514.7,1,514.72,1,514.79,1,514.84,5,514.85,5,514.86,8,514.87,4,514.88,4,514.89,5,514.91,2
2020-10-29 09:35:21,514.405,514.7,1,514.1,2,514.71,1,514.71,514.1,514.1,2,514.05,1,514.03,3,513.94,2,513.89,1,513.85,1,513.76,3,513.61,1,513.6,1,513.52,3,514.71,1,514.72,1,514.79,1,514.84,5,514.85,5,514.86,8,514.87,4,514.88,4,514.89,5,514.91,2
2020-10-29 09:35:22,514.47,514.72,1,514.26,4,514.68,1,514.68,514.26,514.26,4,514.11,2,514.1,1,514.05,1,514.03,3,513.94,2,513.89,1,513.85,1,513.76,3,513.61,1,514.68,1,514.69,1,514.72,1,514.79,1,514.84,5,514.85,5,514.86,8,514.87,4,514.88,4,514.89,5
2020-10-29 09:35:23,514.785,514.78,1,514.64,1,514.93,2,514.93,514.64,514.64,1,514.48,6,514.29,1,514.26,3,514.11,2,514.1,1,514.05,1,514.03,3,513.94,2,513.89,1,514.93,2,514.99,5,515.0,1,515.19,2,515.27,1,515.28,1,515.36,2,515.37,1,,,,
2020-10-29 09:35:24,514.455,514.13,1,514.13,1,514.78,3,514.78,514.13,514.13,1,514.12,1,514.09,1,514.05,3,514.03,3,513.94,2,513.89,1,513.85,1,513.76,3,513.61,1,514.78,3,514.81,1,514.93,2,514.99,5,515.0,1,515.19,2,515.27,1,515.28,1,515.36,2,515.37,1
2020-10-29 09:35:25,514.445,514.78,1,514.12,2,514.77,2,514.77,514.12,514.12,2,514.09,1,514.05,3,514.03,3,513.94,2,513.89,1,513.85,1,513.76,3,513.61,1,513.6,1,514.77,2,514.78,4,514.81,1,514.93,2,514.99,5,515.0,1,515.19,2,515.27,1,515.28,1,515.36,2
2020-10-29 09:35:26,514.565,514.19,1,514.2,2,514.93,2,514.93,514.2,514.2,2,514.19,3,514.12,2,514.09,1,514.05,3,514.03,3,513.94,2,513.89,1,513.85,1,513.76,3,514.93,2,514.99,5,515.0,1,515.19,2,515.27,1,515.28,1,515.36,2,515.37,1,,,,
2020-10-29 09:35:27,514.62,514.93,1,514.27,6,514.97,1,514.97,514.27,514.27,6,514.26,2,514.2,2,514.19,3,514.12,2,514.09,1,514.05,3,514.03,3,513.94,2,513.89,1,514.97,1,514.99,5,515.0,1,515.19,2,515.27,1,515.28,1,515.36,2,515.37,1,,,,
2020-10-29 09:35:28,514.615,514.7,5,514.27,6,514.96,1,514.96,514.27,514.27,6,514.26,2,514.2,2,514.19,3,514.12,2,514.09,1,514.05,3,514.03,3,513.94,2,513.89,1,514.96,1,514.97,1,514.99,5,515.0,1,515.19,2,515.27,1,515.28,1,515.36,2,515.37,1,,
2020-10-29 09:35:29,514.62,514.97,1,514.27,5,514.97,1,514.97,514.27,514.27,5,514.26,2,514.2,2,514.19,3,514.12,2,514.09,1,514.05,3,514.03,3,513.94,2,513.89,1,514.97,1,514.99,5,515.0,1,515.19,2,515.27,1,515.28,1,515.36,2,515.37,1,,,,
2020-10-29 09:35:30,514.52,514.22,1,514.22,6,514.82,1,514.82,514.22,514.22,6,514.2,2,514.19,3,514.12,2,514.09,1,514.05,3,514.03,3,513.94,2,513.89,1,513.85,1,514.82,1,514.83,1,514.84,1,514.85,1,514.86,1,514.87,1,514.88,1,514.89,1,514.9,3,514.91,4
2020-10-29 09:35:31,514.52,514.82,1,514.22,6,514.82,1,514.82,514.22,514.22,6,514.2,2,514.19,3,514.12,2,514.09,1,514.05,3,514.03,3,513.94,2,513.89,1,513.85,1,514.82,1,514.83,1,514.84,1,514.85,1,514.86,1,514.87,1,514.88,1,514.89,1,514.9,3,514.91,4
2020-10-29 09:35:32,514.565,514.5,1,514.22,6,514.91,1,514.91,514.22,514.22,6,514.2,2,514.19,3,514.12,2,514.09,1,514.05,3,514.03,3,513.94,2,513.89,1,513.85,1,514.91,1,514.92,1,514.93,3,514.94,1,514.96,1,514.97,1,514.99,5,515.0,1,515.19,2,515.27,1
2020-10-29 09:35:33,514.6,514.91,1,514.28,1,514.92,1,514.92,514.28,514.28,1,514.27,1,514.23,1,514.22,6,514.2,2,514.19,3,514.12,2,514.09,1,514.05,3,514.03,3,514.92,1,514.93,3,514.94,1,514.96,1,514.97,1,514.99,5,515.0,1,515.19,2,515.27,1,515.28,1
2020-10-29 09:35:34,514.57,514.39,1,514.23,1,514.91,1,514.91,514.23,514.23,1,514.22,8,514.2,2,514.19,3,514.12,2,514.09,1,514.05,3,514.03,3,513.94,2,513.89,1,514.91,1,514.92,1,514.93,3,514.94,1,514.96,1,514.97,1,514.99,5,515.0,1,515.19,2,515.27,1
2020-10-29 09:35:35,514.615,514.75,1,514.29,3,514.94,1,514.94,514.29,514.29,3,514.28,3,514.27,2,514.22,8,514.2,2,514.19,3,514.12,2,514.09,1,514.05,3,514.03,3,514.94,1,514.96,3,514.97,1,514.99,5,515.0,1,515.19,2,515.27,1,515.28,1,515.36,2,515.37,1
2020-10-29 09:35:36,514.59,514.63,1,514.3,3,514.88,1,514.88,514.3,514.3,3,514.29,3,514.28,3,514.27,2,514.22,8,514.2,2,514.19,3,514.12,2,514.09,1,514.05,3,514.88,1,514.89,1,514.9,1,514.91,1,514.96,3,514.97,1,514.99,5,515.0,1,515.19,2,515.27,1
2020-10-29 09:35:37,514.6,514.48,2,514.31,1,514.89,2,514.89,514.31,514.31,1,514.3,4,514.29,3,514.28,3,514.27,2,514.22,8,514.2,2,514.19,3,514.12,2,514.09,1,514.89,2,514.9,1,514.91,1,514.96,3,514.97,1,514.99,5,515.0,1,515.19,2,515.27,1,515.28,1
2020-10-29 09:35:38,514.665,514.44,1,514.45,2,514.88,6,514.88,514.45,514.45,2,514.44,3,514.43,4,514.42,1,514.31,2,514.3,4,514.29,3,514.28,3,514.27,2,514.22,8,514.88,6,514.89,2,514.9,1,514.91,1,514.96,3,514.97,1,514.99,5,515.0,1,515.19,2,515.27,1
2020-10-29 09:35:39,514.655,514.89,1,514.45,1,514.86,1,514.86,514.45,514.45,1,514.44,2,514.43,4,514.42,1,514.31,2,514.3,4,514.29,3,514.28,3,514.27,2,514.22,8,514.86,1,514.88,3,514.89,3,514.9,1,514.91,1,514.96,3,514.97,1,514.99,5,515.0,1,515.19,2
2020-10-29 09:35:40,514.67,514.67,1,514.46,2,514.88,2,514.88,514.46,514.46,2,514.45,3,514.44,2,514.43,4,514.42,1,514.31,2,514.3,4,514.29,3,514.28,3,514.27,2,514.88,2,514.89,5,514.9,1,514.91,1,514.96,3,514.97,1,514.99,5,515.0,1,515.19,2,515.27,1
2020-10-29 09:35:41,514.69,514.65,1,514.49,2,514.89,6,514.89,514.49,514.49,2,514.48,2,514.47,3,514.46,2,514.45,3,514.44,2,514.43,4,514.42,1,514.31,2,514.3,4,514.89,6,514.9,1,514.91,1,514.96,3,514.97,1,514.99,5,515.0,1,515.19,2,515.27,1,515.28,1
2020-10-29 09:35:42,514.725,514.56,1,514.56,4,514.89,7,514.89,514.56,514.56,4,514.49,2,514.48,2,514.47,3,514.46,2,514.45,3,514.44,2,514.43,4,514.42,1,514.31,2,514.89,7,514.9,1,514.91,1,514.96,3,514.97,1,514.99,5,515.0,1,515.19,2,515.27,1,515.28,1
2020-10-29 09:35:43,514.525,514.44,5,514.25,1,514.8,1,514.8,514.25,514.25,1,514.11,2,514.05,1,514.03,3,513.94,2,513.89,1,513.85,1,513.76,3,513.61,1,513.6,1,514.8,1,514.82,1,514.89,7,514.9,1,514.91,1,514.96,3,514.97,1,514.99,5,515.0,1,515.19,2
2020-10-29 09:35:44,514.545,514.51,1,514.26,1,514.83,1,514.83,514.26,514.26,1,514.25,1,514.11,2,514.05,1,514.03,3,513.94,2,513.89,1,513.85,1,513.76,3,513.61,1,514.83,1,514.84,1,514.85,1,514.89,7,514.9,1,514.91,1,514.96,3,514.97,1,514.99,5,515.0,1
2020-10-29 09:35:45,514.56,514.88,1,514.27,1,514.85,1,514.85,514.27,514.27,1,514.26,1,514.25,1,514.11,2,514.05,1,514.03,3,513.94,2,513.89,1,513.85,1,513.76,3,514.85,1,514.88,2,514.89,7,514.9,1,514.91,1,514.96,3,514.97,1,514.99,5,515.0,1,515.19,2
2020-10-29 09:35:46,514.565,514.59,1,514.26,2,514.87,1,514.87,514.26,514.26,2,514.25,1,514.11,2,514.05,1,514.03,3,513.94,2,513.89,1,513.85,1,513.76,3,513.61,1,514.87,1,514.88,2,514.89,7,514.9,1,514.91,1,514.96,3,514.97,1,514.99,5,515.0,1,515.19,2
2020-10-29 09:35:47,514.605,514.65,1,514.31,2,514.9,2,514.9,514.31,514.31,2,514.3,1,514.26,3,514.25,1,514.11,2,514.05,1,514.03,3,513.94,2,513.89,1,513.85,1,514.9,2,514.91,1,514.96,3,514.97,1,514.99,5,515.0,1,515.19,2,515.27,1,515.28,1,515.36,2
2020-10-29 09:35:48,514.6,514.3,1,514.3,2,514.9,2,514.9,514.3,514.3,2,514.26,3,514.25,1,514.11,2,514.05,1,514.03,3,513.94,2,513.89,1,513.85,1,513.76,3,514.9,2,514.91,1,514.96,3,514.97,1,514.99,5,515.0,1,515.19,2,515.27,1,515.28,1,515.36,2
2020-10-29 09:35:49,514.605,514.88,1,514.31,5,514.9,2,514.9,514.31,514.31,5,514.3,2,514.26,3,514.25,1,514.11,2,514.05,1,514.03,3,513.94,2,513.89,1,513.85,1,514.9,2,514.91,1,514.96,3,514.97,1,514.99,5,515.0,1,515.19,2,515.27,1,515.28,1,515.36,2
2020-10-29 09:35:50,514.595,514.31,1,514.31,4,514.88,1,514.88,514.31,514.31,4,514.3,2,514.26,3,514.25,1,514.11,2,514.05,1,514.03,3,513.94,2,513.89,1,513.85,1,514.88,1,514.9,2,514.91,1,514.96,3,514.97,1,514.99,5,515.0,1,515.19,2,515.27,1,515.28,1
2020-10-29 09:35:51,514.675,514.88,1,514.47,1,514.88,1,514.88,514.47,514.47,1,514.31,5,514.3,2,514.26,3,514.25,1,514.11,2,514.05,1,514.03,3,513.94,2,513.89,1,514.88,1,514.9,1,514.93,1,514.95,1,514.96,3,514.97,1,514.99,5,515.0,1,515.19,2,515.27,1
2020-10-29 09:35:52,514.805,514.31,1,514.63,4,514.98,1,514.98,514.63,514.63,4,514.45,1,514.44,2,514.43,1,514.32,1,514.31,5,514.3,2,514.26,3,514.25,1,514.11,2,514.98,1,514.99,5,515.0,1,515.19,2,515.27,1,515.28,1,515.36,2,515.37,1,,,,
2020-10-29 09:35:53,514.725,514.82,2,514.48,1,514.97,1,514.97,514.48,514.48,1,514.45,1,514.44,2,514.43,1,514.32,1,514.31,5,514.3,2,514.26,3,514.25,1,514.11,2,514.97,1,514.98,1,514.99,4,515.0,1,515.19,2,515.27,1,515.28,1,515.36,2,515.37,1,,
2020-10-29 09:35:54,514.73,514.48,1,514.48,1,514.98,2,514.98,514.48,514.48,1,514.45,1,514.44,2,514.43,1,514.32,1,514.31,5,514.3,2,514.26,3,514.25,1,514.11,2,514.98,2,514.99,4,515.0,1,515.19,2,515.27,1,515.28,1,515.36,2,515.37,1,,,,
2020-10-29 09:35:55,514.71,514.88,1,514.54,3,514.88,1,514.88,514.54,514.54,3,514.48,1,514.45,1,514.44,2,514.43,1,514.32,1,514.31,5,514.3,2,514.26,3,514.25,1,514.88,1,514.98,2,514.99,4,515.0,1,515.19,2,515.27,1,515.28,1,515.36,2,515.37,1,,
2020-10-29 09:35:56,514.58,514.74,1,514.32,4,514.84,1,514.84,514.32,514.32,4,514.31,5,514.3,2,514.26,3,514.25,1,514.11,2,514.05,1,514.03,3,513.94,2,513.89,1,514.84,1,514.88,1,514.98,2,514.99,4,515.0,1,515.19,2,515.27,1,515.28,1,515.36,2,515.37,1
2020-10-29 09:35:57,514.58,514.84,1,514.32,1,514.84,1,514.84,514.32,514.32,1,514.31,7,514.3,2,514.26,3,514.25,1,514.11,2,514.05,1,514.03,3,513.94,2,513.89,1,514.84,1,514.88,1,514.98,2,514.99,4,515.0,1,515.19,2,515.27,1,515.28,1,515.36,2,515.37,1
2020-10-29 09:35:58,514.54,514.31,1,514.38,1,514.7,1,514.7,514.38,514.38,1,514.31,6,514.3,2,514.26,3,514.25,1,514.11,2,514.05,1,514.03,3,513.94,2,513.89,1,514.7,1,514.71,1,514.75,2,514.76,1,514.77,1,514.78,1,514.79,1,514.84,1,514.88,1,514.98,2
2020-10-29 09:35:59,514.61,514.84,1,514.39,1,514.83,1,514.83,514.39,514.39,1,514.38,2,514.31,6,514.3,2,514.26,3,514.25,1,514.11,2,514.05,1,514.03,3,513.94,2,514.83,1,514.84,1,514.88,1,514.98,2,514.99,4,515.0,1,515.19,2,515.27,1,515.28,1,515.36,2
2020-10-29 09:36:00,514.615,514.39,2,514.39,2,514.84,1,514.84,514.39,514.39,2,514.38,2,514.31,6,514.3,2,514.26,3,514.25,1,514.11,2,514.05,1,514.03,3,513.94,2,514.84,1,514.88,1,514.98,2,514.99,4,515.0,1,515.19,2,515.27,1,515.28,1,515.36,2,515.37,1
2020-10-29 09:36:01,514.62,514.81,1,514.4,1,514.84,2,514.84,514.4,514.4,1,514.39,2,514.38,2,514.31,6,514.3,2,514.26,3,514.25,1,514.11,2,514.05,1,514.03,3,514.84,2,514.88,1,514.98,2,514.99,4,515.0,1,515.19,2,515.27,1,515.28,1,515.36,2,515.37,1
2020-10-29 09:36:02,514.845,515.1,3,514.59,8,515.1,2,515.1,514.59,514.59,8,514.58,8,514.57,1,514.45,2,514.39,2,514.38,2,514.31,6,514.3,2,514.26,3,514.25,1,515.1,2,515.19,2,515.27,1,515.28,1,515.36,2,515.37,1,,,,,,,,
2020-10-29 09:36:03,514.98,514.92,1,514.7,5,515.26,4,515.26,514.7,514.7,5,514.69,4,514.68,7,514.67,1,514.59,9,514.58,8,514.57,1,514.45,2,514.39,2,514.38,2,515.26,4,515.27,5,515.28,1,515.36,2,515.37,1,,,,,,,,,,
2020-10-29 09:36:04,514.95,514.7,1,514.7,6,515.2,5,515.2,514.7,514.7,6,514.69,4,514.68,7,514.67,1,514.59,9,514.58,8,514.57,1,514.45,2,514.39,2,514.38,2,515.2,5,515.26,4,515.27,5,515.28,1,515.36,2,515.37,1,,,,,,,,
2020-10-29 09:36:05,514.955,515.2,1,514.7,9,515.21,5,515.21,514.7,514.7,9,514.69,4,514.68,7,514.67,1,514.59,9,514.58,8,514.57,1,514.45,2,514.39,2,514.38,2,515.21,5,515.26,4,515.27,5,515.28,1,515.36,2,515.37,1,,,,,,,,
2020-10-29 09:36:06,515.04,514.71,1,514.87,2,515.21,5,515.21,514.87,514.87,2,514.72,1,514.71,1,514.7,9,514.69,4,514.68,7,514.67,1,514.59,9,514.58,8,514.57,1,515.21,5,515.26,4,515.27,5,515.28,1,515.36,2,515.37,1,,,,,,,,
2020-10-29 09:36:08,515.44,515.52,2,515.31,10,515.57,5,515.57,515.31,515.31,10,515.3,2,515.23,6,515.22,4,515.1,2,515.09,3,515.08,5,515.07,3,515.06,7,515.05,1,515.57,5,,,,,,,,,,,,,,,,,,
2020-10-29 09:36:09,515.42,515.29,1,515.27,6,515.57,5,515.57,515.27,515.27,6,515.26,3,515.25,3,515.24,4,515.23,3,515.22,2,515.18,1,515.1,2,515.09,3,515.08,5,515.57,5,,,,,,,,,,,,,,,,,,
2020-10-29 09:36:10,515.63,515.75,1,515.48,5,515.78,1,515.78,515.48,515.48,5,515.47,2,515.46,5,515.45,5,515.42,5,515.41,1,515.27,6,515.26,3,515.25,3,515.24,4,515.78,1,515.79,3,,,,,,,,,,,,,,,,
2020-10-29 09:36:11,515.62,515.46,1,515.51,1,515.73,4,515.73,515.51,515.51,1,515.5,5,515.46,7,515.45,5,515.42,5,515.41,1,515.27,6,515.26,3,515.25,3,515.24,4,515.73,4,515.74,4,515.78,1,515.79,3,,,,,,,,,,,,
2020-10-29 09:36:12,515.705,515.71,1,515.53,1,515.88,1,515.88,515.53,515.53,1,515.52,6,515.51,3,515.5,3,515.46,7,515.45,5,515.42,5,515.41,1,515.27,6,515.26,3,515.88,1,,,,,,,,,,,,,,,,,,
2020-10-29 09:36:13,515.87,515.91,1,515.75,3,515.99,3,515.99,515.75,515.75,3,515.73,2,515.72,4,515.71,2,515.68,1,515.61,1,515.56,1,515.55,2,515.54,3,515.53,1,515.99,3,516.0,4,,,,,,,,,,,,,,,,
2020-10-29 09:36:14,515.75,515.77,5,515.52,7,515.98,4,515.98,515.52,515.52,7,515.51,3,515.5,3,515.46,7,515.45,5,515.42,5,515.41,1,515.27,6,515.26,3,515.25,3,515.98,4,515.99,5,516.0,4,,,,,,,,,,,,,,
2020-10-29 09:36:15,515.745,515.53,1,515.52,9,515.97,1,515.97,515.52,515.52,9,515.51,3,515.5,3,515.46,7,515.45,5,515.42,5,515.41,1,515.27,6,515.26,3,515.25,3,515.97,1,516.0,4,,,,,,,,,,,,,,,,
2020-10-29 09:36:16,515.745,515.96,1,515.52,5,515.97,1,515.97,515.52,515.52,5,515.51,3,515.5,3,515.46,7,515.45,5,515.42,5,515.41,1,515.27,6,515.26,3,515.25,3,515.97,1,516.0,4,,,,,,,,,,,,,,,,
2020-10-29 09:36:17,515.695,515.56,1,515.52,4,515.87,1,515.87,515.52,515.52,4,515.51,3,515.5,3,515.46,7,515.45,5,515.42,5,515.41,1,515.27,6,515.26,3,515.25,3,515.87,1,515.9,1,515.94,1,516.0,4,,,,,,,,,,,,
2020-10-29 09:36:18,515.71,515.9,1,515.52,4,515.9,1,515.9,515.52,515.52,4,515.51,3,515.5,3,515.46,7,515.45,5,515.42,5,515.41,1,515.27,6,515.26,3,515.25,3,515.9,1,516.0,4,,,,,,,,,,,,,,,,
2020-10-29 09:36:19,515.71,515.52,1,515.52,3,515.9,1,515.9,515.52,515.52,3,515.51,3,515.5,3,515.46,7,515.45,5,515.42,5,515.41,1,515.27,6,515.26,3,515.25,3,515.9,1,515.95,1,516.0,4,,,,,,,,,,,,,,
2020-10-29 09:36:20,515.735,516.0,1,515.53,1,515.94,3,515.94,515.53,515.53,1,515.52,4,515.51,3,515.5,3,515.46,7,515.45,5,515.42,5,515.41,1,515.27,6,515.26,3,515.94,3,516.0,3,,,,,,,,,,,,,,,,
2020-10-29 09:36:21,515.71,515.84,1,515.52,3,515.9,1,515.9,515.52,515.52,3,515.51,3,515.5,3,515.46,7,515.45,5,515.42,5,515.41,1,515.27,6,515.26,3,515.25,3,515.9,1,515.94,3,516.0,3,,,,,,,,,,,,,,
2020-10-29 09:36:22,515.445,515.49,1,515.2,2,515.69,2,515.69,515.2,515.2,2,515.18,1,515.1,2,515.09,3,515.08,5,515.07,3,515.06,7,515.05,1,514.89,6,514.88,6,515.69,2,515.7,2,515.71,5,515.72,3,515.73,4,515.75,3,515.9,2,515.94,3,516.0,3,,
2020-10-29 09:36:23,515.37,515.14,1,515.14,7,515.6,1,515.6,515.14,515.14,7,515.1,2,515.09,3,515.08,5,515.07,3,515.06,7,515.05,1,514.89,6,514.88,6,514.87,2,515.6,1,515.61,2,515.62,2,515.63,5,515.64,4,515.65,5,515.66,2,515.67,1,515.68,1,515.69,2
2020-10-29 09:36:24,515.33,515.38,1,515.14,7,515.52,1,515.52,515.14,515.14,7,515.1,2,515.09,3,515.08,5,515.07,3,515.06,7,515.05,1,514.89,6,514.88,6,514.87,2,515.52,1,515.53,1,515.54,3,515.55,2,515.57,1,515.58,1,515.6,2,515.61,2,515.62,2,515.63,5
2020-10-29 09:36:25,515.155,515.26,1,515.0,10,515.31,1,515.31,515.0,515.0,10,514.89,6,514.88,6,514.87,2,514.72,1,514.71,1,514.7,9,514.69,4,514.68,7,514.67,1,515.31,1,515.32,2,515.33,5,515.34,3,515.48,1,515.49,1,515.5,1,515.51,1,515.52,1,515.53,1
2020-10-29 09:36:26,515.145,515.29,1,515.0,11,515.29,1,515.29,515.0,515.0,11,514.89,6,514.88,6,514.87,2,514.72,1,514.71,1,514.7,9,514.69,4,514.68,7,514.67,1,515.29,1,515.3,3,515.31,1,515.32,2,515.33,5,515.34,3,515.48,1,515.49,1,515.5,1,515.51,1
2020-10-29 09:36:27,515.15,515.15,2,515.0,11,515.3,3,515.3,515.0,515.0,11,514.89,6,514.88,6,514.87,2,514.72,1,514.71,1,514.7,9,514.69,4,514.68,7,514.67,1,515.3,3,515.31,1,515.32,2,515.33,5,515.34,3,515.48,1,515.49,1,515.5,1,515.51,1,515.52,1
2020-10-29 09:36:28,514.925,514.97,4,514.68,1,515.17,3,515.17,514.68,514.68,1,514.58,9,514.57,1,514.45,2,514.39,2,514.38,2,514.31,6,514.3,2,514.26,3,514.25,1,515.17,3,515.18,1,515.19,3,515.2,5,515.28,1,515.32,1,515.33,4,515.34,3,515.48,1,515.49,1
2020-10-29 09:36:29,514.93,514.68,1,514.68,2,515.18,2,515.18,514.68,514.68,2,514.58,9,514.57,1,514.45,2,514.39,2,514.38,2,514.31,6,514.3,2,514.26,3,514.25,1,515.18,2,515.19,3,515.2,5,515.28,1,515.32,1,515.33,4,515.34,3,515.48,1,515.49,1,515.5,1
2020-10-29 09:36:30,514.935,515.18,1,514.69,1,515.18,1,515.18,514.69,514.69,1,514.68,2,514.58,9,514.57,1,514.45,2,514.39,2,514.38,2,514.31,6,514.3,2,514.26,3,515.18,1,515.19,3,515.2,5,515.28,1,515.32,1,515.33,4,515.34,3,515.48,1,515.49,1,515.5,1
2020-10-29 09:36:31,514.815,514.63,1,514.63,1,515.0,1,515.0,514.63,514.63,1,514.58,9,514.57,1,514.45,2,514.39,2,514.38,2,514.31,6,514.3,2,514.26,3,514.25,1,515.0,1,515.01,3,515.02,1,515.14,1,515.15,1,515.16,1,515.18,1,515.19,3,515.2,5,515.28,1
2020-10-29 09:36:32,514.815,515.0,1,514.63,2,515.0,3,515.0,514.63,514.63,2,514.58,9,514.57,1,514.45,2,514.39,2,514.38,2,514.31,6,514.3,2,514.26,3,514.25,1,515.0,3,515.01,3,515.02,1,515.14,1,515.15,1,515.16,1,515.18,1,515.19,3,515.2,5,515.28,1
2020-10-29 09:36:33,514.81,514.63,1,514.63,2,514.99,2,514.99,514.63,514.63,2,514.58,9,514.57,1,514.45,2,514.39,2,514.38,2,514.31,6,514.3,2,514.26,3,514.25,1,514.99,2,515.0,3,515.01,3,515.02,1,515.14,1,515.15,1,515.16,1,515.18,1,515.19,3,515.2,5
2020-10-29 09:36:34,514.81,514.99,1,514.63,4,514.99,1,514.99,514.63,514.63,4,514.58,9,514.57,1,514.45,2,514.39,2,514.38,2,514.31,6,514.3,2,514.26,3,514.25,1,514.99,1,515.0,3,515.01,3,515.02,1,515.14,1,515.15,1,515.16,1,515.18,1,515.19,3,515.2,5
2020-10-29 09:36:35,514.74,514.67,1,514.63,5,514.85,4,514.85,514.63,514.63,5,514.58,9,514.57,1,514.45,2,514.39,2,514.38,2,514.31,6,514.3,2,514.26,3,514.25,1,514.85,4,514.86,5,514.99,1,515.0,3,515.01,3,515.02,1,515.14,1,515.15,1,515.16,1,515.18,1
2020-10-29 09:36:36,514.57,514.64,1,514.43,3,514.86,5,514.86,514.43,514.43,1,514.39,2,514.38,2,514.31,6,514.3,2,514.26,3,514.25,1,514.11,2,514.05,1,514.03,3,514.71,1,514.77,2,514.85,2,514.86,5,514.99,1,515.0,3,515.01,3,515.02,1,515.14,1,515.15,1
2020-10-29 09:36:37,514.635,514.43,1,514.43,2,514.84,1,514.84,514.43,514.43,2,514.39,2,514.38,2,514.31,6,514.3,2,514.26,3,514.25,1,514.11,2,514.05,1,514.03,3,514.84,1,514.86,6,514.99,1,515.0,3,515.01,3,515.02,1,515.14,1,515.15,1,515.16,1,515.18,1
2020-10-29 09:36:38,514.425,514.42,1,514.28,1,514.57,2,514.57,514.28,514.28,1,514.26,3,514.25,1,514.11,2,514.05,1,514.03,3,513.94,2,513.89,1,513.85,1,513.76,3,514.57,2,514.58,2,514.59,2,514.6,1,514.66,2,514.84,1,514.86,6,514.99,1,515.0,3,515.01,3
2020-10-29 09:36:39,514.65,514.6,2,514.44,1,514.86,6,514.86,514.44,514.44,1,514.43,2,514.33,1,514.3,1,514.27,3,514.26,5,514.25,1,514.11,2,514.05,1,514.03,3,514.86,6,514.99,1,515.0,3,515.01,3,515.02,1,515.14,1,515.15,1,515.16,1,515.18,1,515.19,3
2020-10-29 09:36:40,515.1,515.2,1,514.98,1,515.22,1,515.22,514.98,514.98,1,514.84,5,514.83,5,514.82,2,514.72,3,514.66,1,514.65,6,514.43,2,514.33,1,514.3,1,515.22,1,515.3,1,515.32,1,515.33,4,515.34,3,515.48,1,515.49,1,515.5,1,515.51,1,515.52,1
2020-10-29 09:36:41,515.07,514.98,1,514.98,0,515.3,1,515.3,514.84,514.84,5,514.83,5,514.82,2,514.72,3,514.66,1,514.65,6,514.43,2,514.33,1,514.3,1,514.27,3,515.3,1,515.32,1,515.33,4,515.34,3,515.48,1,515.49,1,515.5,1,515.51,1,515.52,1,515.53,1
2020-10-29 09:36:42,514.87,515.0,2,514.75,1,514.99,4,514.99,514.75,514.75,1,514.72,3,514.66,1,514.65,6,514.43,2,514.33,1,514.3,1,514.27,3,514.26,5,514.25,1,514.99,4,515.0,3,515.15,2,515.16,1,515.32,1,515.33,4,515.34,3,515.48,1,515.49,1,515.5,1
2020-10-29 09:36:43,514.875,514.75,1,514.75,1,515.0,3,515.0,514.75,514.75,1,514.72,3,514.66,1,514.65,6,514.43,2,514.33,1,514.3,1,514.27,3,514.26,5,514.25,1,515.0,3,515.15,2,515.16,1,515.32,1,515.33,4,515.34,3,515.48,1,515.49,1,515.5,1,515.51,1
2020-10-29 09:36:44,514.87,514.75,1,514.75,2,514.99,4,514.99,514.75,514.75,2,514.72,3,514.66,1,514.65,6,514.43,2,514.33,1,514.3,1,514.27,3,514.26,5,514.25,1,514.99,4,515.0,2,515.15,2,515.16,1,515.32,1,515.33,4,515.34,3,515.48,1,515.49,1,515.5,1
2020-10-29 09:36:45,514.865,514.75,1,514.75,2,514.98,2,514.98,514.75,514.75,2,514.72,3,514.66,1,514.65,6,514.43,2,514.33,1,514.3,1,514.27,3,514.26,5,514.25,1,514.98,2,514.99,6,515.0,2,515.15,2,515.16,1,515.32,1,515.33,4,515.34,3,515.48,1,515.49,1
2020-10-29 09:36:46,514.735,514.86,1,514.6,2,514.86,0,514.87,514.6,514.6,2,514.44,2,514.43,1,514.33,1,514.3,1,514.27,3,514.26,5,514.25,1,514.11,2,514.05,1,514.87,1,514.98,2,515.0,2,515.15,2,515.16,1,515.32,1,515.33,4,515.34,3,515.48,1,515.49,1
2020-10-29 09:36:47,514.735,514.86,1,514.6,1,514.86,0,514.87,514.6,514.6,1,514.44,2,514.43,1,514.33,1,514.3,1,514.27,3,514.26,5,514.25,1,514.11,2,514.05,1,514.87,1,514.98,2,515.0,2,515.15,2,515.16,1,515.32,1,515.33,4,515.34,3,515.48,1,515.49,1
2020-10-29 09:36:48,514.8,515.0,1,514.6,2,515.0,1,515.0,514.6,514.6,2,514.44,2,514.43,1,514.33,1,514.3,1,514.27,3,514.26,5,514.25,1,514.11,2,514.05,1,515.0,1,515.15,2,515.16,1,515.32,1,515.33,4,515.34,3,515.48,1,515.49,1,515.5,1,515.51,1
2020-10-29 09:36:49,514.8,514.6,1,514.6,2,515.0,2,515.0,514.6,514.6,2,514.44,2,514.43,1,514.33,1,514.3,1,514.27,3,514.26,5,514.25,1,514.11,2,514.05,1,515.0,2,515.15,2,515.16,1,515.32,1,515.33,4,515.34,3,515.48,1,515.49,1,515.5,1,515.51,1
2020-10-29 09:36:50,514.79,514.98,1,514.6,2,514.98,2,514.98,514.6,514.6,2,514.44,2,514.43,1,514.33,1,514.3,1,514.27,3,514.26,5,514.25,1,514.11,2,514.05,1,514.98,2,514.99,5,515.0,2,515.15,2,515.16,1,515.32,1,515.33,4,515.34,3,515.48,1,515.49,1
2020-10-29 09:36:51,514.36,514.11,1,514.11,2,514.61,1,514.61,514.11,514.11,2,514.05,1,514.03,3,513.94,2,513.89,1,513.85,1,513.76,3,513.61,1,513.6,1,513.52,3,514.61,1,514.62,2,514.63,4,514.64,1,514.74,1,514.79,2,514.96,1,514.97,1,514.98,2,514.99,5
2020-10-29 09:36:52,514.365,514.52,1,514.11,2,514.62,2,514.62,514.11,514.11,2,514.05,1,514.03,3,513.94,2,513.89,1,513.85,1,513.76,3,513.61,1,513.6,1,513.52,3,514.62,2,514.63,6,514.64,1,514.74,1,514.79,2,514.96,1,514.97,1,514.98,2,514.99,5,515.0,2
2020-10-29 09:36:53,514.395,514.19,1,514.19,2,514.6,1,514.6,514.19,514.19,2,514.14,2,514.11,2,514.05,1,514.03,3,513.94,2,513.89,1,513.85,1,513.76,3,513.61,1,514.6,1,514.61,1,514.62,2,514.63,6,514.64,1,514.74,1,514.79,2,514.96,1,514.97,1,514.98,2
2020-10-29 09:36:54,514.585,514.59,7,514.32,1,514.85,1,514.85,514.32,514.32,1,514.29,1,514.23,2,514.19,2,514.14,2,514.11,2,514.05,1,514.03,3,513.94,2,513.89,1,514.85,1,514.99,1,515.0,2,515.15,2,515.16,1,515.32,1,515.33,4,515.34,3,515.48,1,515.49,1
2020-10-29 09:36:55,514.435,514.5,1,514.25,1,514.62,5,514.62,514.25,514.25,1,514.23,2,514.19,2,514.14,2,514.11,2,514.05,1,514.03,3,513.94,2,513.89,1,513.85,1,514.62,5,514.85,1,514.99,1,515.0,2,515.15,2,515.16,1,515.32,1,515.33,4,515.34,3,515.48,1
2020-10-29 09:36:56,514.845,514.69,1,514.71,2,514.98,2,514.98,514.71,514.71,2,514.59,2,514.58,4,514.44,1,514.43,2,514.34,2,514.33,6,514.32,1,514.26,3,514.25,3,514.98,2,514.99,5,515.0,2,515.15,2,515.16,1,515.32,1,515.33,4,515.34,3,515.48,1,515.49,1
2020-10-29 09:36:57,514.845,514.71,1,514.71,1,514.98,3,514.98,514.71,514.71,1,514.59,2,514.58,4,514.44,1,514.43,2,514.34,2,514.33,6,514.32,1,514.26,3,514.25,3,514.98,3,514.99,5,515.0,2,515.15,2,515.16,1,515.32,1,515.33,4,515.34,3,515.48,1,515.49,1
2020-10-29 09:36:58,514.715,514.6,1,514.6,1,514.83,1,514.83,514.6,514.6,1,514.33,3,514.32,1,514.26,3,514.25,3,514.23,2,514.19,2,514.14,2,514.11,2,514.05,1,514.83,1,514.92,1,514.98,3,514.99,5,515.0,2,515.15,2,515.16,1,515.32,1,515.33,4,515.34,3
2020-10-29 09:36:59,514.795,514.6,1,514.61,1,514.98,2,514.98,514.61,514.61,1,514.6,1,514.33,3,514.32,1,514.26,3,514.25,3,514.23,2,514.19,2,514.14,2,514.11,2,514.98,2,514.99,5,515.0,2,515.15,2,515.16,1,515.32,1,515.33,4,515.34,3,515.48,1,515.49,1
2020-10-29 09:37:00,514.79,514.98,1,514.6,3,514.98,1,514.98,514.6,514.6,3,514.33,3,514.32,1,514.26,3,514.25,3,514.23,2,514.19,2,514.14,2,514.11,2,514.05,1,514.98,1,514.99,5,515.0,2,515.15,2,515.16,1,515.32,1,515.33,4,515.34,3,515.48,1,515.49,1
2020-10-29 09:37:01,515.115,515.0,3,514.84,2,515.39,2,515.39,514.84,514.84,2,514.81,1,514.8,2,514.78,1,514.65,1,514.6,2,514.33,3,514.32,1,514.26,3,514.25,3,515.39,2,515.48,1,515.49,1,515.5,1,515.51,1,515.52,1,515.53,1,515.54,3,515.55,2,515.57,1
2020-10-29 09:37:02,515.22,515.31,1,514.84,4,515.6,2,515.6,514.84,514.84,4,514.81,1,514.8,2,514.78,1,514.65,1,514.6,2,514.33,3,514.32,1,514.26,3,514.25,3,515.6,2,515.61,2,515.62,2,515.63,5,515.64,4,515.65,5,515.66,2,515.67,1,515.68,1,515.69,2
2020-10-29 09:37:03,515.33,515.06,1,515.06,2,515.6,1,515.6,515.06,515.06,2,515.0,1,514.91,1,514.84,4,514.81,1,514.8,2,514.78,1,514.65,1,514.6,2,514.33,3,515.6,1,515.75,3,515.9,2,515.94,3,516.0,3,,,,,,,,,,
2020-10-29 09:37:04,515.325,515.33,1,515.06,2,515.59,2,515.59,515.06,515.06,2,515.0,1,514.91,1,514.84,4,514.81,1,514.8,2,514.78,1,514.65,1,514.6,2,514.33,3,515.59,2,515.6,1,515.75,3,515.9,2,515.94,3,516.0,3,,,,,,,,
2020-10-29 09:37:05,515.255,515.07,1,515.07,4,515.44,1,515.44,515.07,515.07,4,515.06,2,515.03,1,515.0,1,514.91,1,514.84,4,514.81,1,514.8,2,514.78,1,514.65,1,515.44,1,515.6,2,515.75,3,515.9,2,515.94,3,516.0,3,,,,,,,,
2020-10-29 09:37:06,515.4,515.6,1,515.2,3,515.6,1,515.6,515.2,515.2,3,515.08,2,515.07,5,515.06,2,515.03,1,515.0,1,514.91,1,514.84,4,514.81,1,514.8,2,515.6,1,515.75,3,515.9,2,515.94,3,516.0,3,,,,,,,,,,
2020-10-29 09:37:07,515.475,515.2,1,515.2,2,515.75,3,515.75,515.2,515.2,2,515.08,2,515.07,5,515.06,2,515.03,1,515.0,1,514.91,1,514.84,4,514.81,1,514.8,2,515.75,3,515.9,2,515.94,3,516.0,3,,,,,,,,,,,,
2020-10-29 09:37:08,515.395,515.39,1,515.21,1,515.58,1,515.58,515.21,515.21,1,515.2,5,515.08,2,515.07,5,515.06,2,515.03,1,515.0,1,514.91,1,514.84,4,514.81,1,515.58,1,515.75,2,515.9,2,515.94,3,516.0,3,,,,,,,,,,
2020-10-29 09:37:09,515.52,515.22,1,515.21,6,515.83,1,515.83,515.21,515.21,6,515.2,5,515.08,2,515.07,5,515.06,2,515.03,1,515.0,1,514.91,1,514.84,4,514.81,1,515.83,1,515.87,2,515.89,4,515.9,2,515.94,3,516.0,3,,,,,,,,
2020-10-29 09:37:10,515.61,515.89,1,515.33,3,515.89,4,515.89,515.33,515.33,3,515.32,6,515.31,2,515.21,6,515.2,5,515.08,2,515.07,5,515.06,2,515.03,1,515.0,1,515.89,4,515.9,2,515.94,3,516.0,3,,,,,,,,,,,,
2020-10-29 09:37:11,516.015,516.14,2,515.84,1,516.19,2,516.19,515.84,515.84,1,515.83,2,515.62,1,515.61,2,515.51,1,515.35,1,515.34,3,515.33,3,515.32,6,515.31,2,516.19,2,516.21,3,,,,,,,,,,,,,,,,
2020-10-29 09:37:12,516.22,516.5,1,515.94,6,516.5,2,516.5,515.94,515.94,6,515.93,1,515.91,6,515.9,1,515.88,5,515.87,1,515.66,7,515.65,1,515.62,1,515.61,2,516.5,2,516.8,1,,,,,,,,,,,,,,,,
2020-10-29 09:37:13,516.085,516.09,1,515.86,1,516.31,1,516.31,515.86,515.86,1,515.7,1,515.6,3,515.59,3,515.54,2,515.51,1,515.35,1,515.34,3,515.33,3,515.32,6,516.31,1,516.4,1,516.46,5,516.47,3,516.48,3,516.49,3,516.5,2,516.8,1,,,,
2020-10-29 09:37:14,515.88,515.96,1,515.61,3,516.15,3,516.15,515.61,515.61,3,515.6,3,515.59,3,515.54,2,515.51,1,515.35,1,515.34,3,515.33,3,515.32,6,515.31,2,516.15,3,516.28,1,516.31,1,516.4,1,516.46,5,516.47,3,516.48,3,516.49,3,516.5,2,516.8,1
2020-10-29 09:37:15,515.87,515.45,1,515.61,1,516.13,1,516.13,515.61,515.61,1,515.45,1,515.44,2,515.35,1,515.34,3,515.33,3,515.32,6,515.31,2,515.21,6,515.2,5,516.13,1,516.15,3,516.28,1,516.31,1,516.4,1,516.46,5,516.47,3,516.48,3,516.49,3,516.5,2
2020-10-29 09:37:16,515.8,516.08,1,515.56,3,516.04,1,516.04,515.56,515.56,3,515.28,2,515.21,6,515.2,5,515.08,2,515.07,5,515.06,2,515.03,1,515.0,1,514.91,1,516.04,1,516.11,1,516.14,1,516.15,3,516.28,1,516.31,1,516.4,1,516.46,5,516.47,3,516.48,3
2020-10-29 09:37:17,515.765,515.56,1,515.56,3,515.97,1,515.97,515.56,515.56,3,515.28,2,515.21,6,515.2,5,515.08,2,515.07,5,515.06,2,515.03,1,515.0,1,514.91,1,515.97,1,515.98,1,516.0,1,516.01,1,516.03,1,516.05,1,516.06,1,516.1,1,516.15,3,516.28,1
2020-10-29 09:37:18,515.855,516.15,1,515.56,3,516.15,2,516.15,515.56,515.56,3,515.28,2,515.21,6,515.2,5,515.08,2,515.07,5,515.06,2,515.03,1,515.0,1,514.91,1,516.15,2,516.28,1,516.31,1,516.4,1,516.46,5,516.47,3,516.48,3,516.49,3,516.5,2,516.8,1
2020-10-29 09:37:19,516.0,516.0,1,515.7,3,516.3,1,516.3,515.7,515.7,3,515.62,1,515.58,1,515.56,2,515.28,2,515.21,6,515.2,5,515.08,2,515.07,5,515.06,2,516.3,1,516.31,1,516.4,1,516.46,5,516.47,3,516.48,3,516.49,3,516.5,2,516.8,1,,
2020-10-29 09:37:20,515.96,516.21,1,515.7,4,516.21,0,516.22,515.7,515.7,4,515.62,1,515.58,1,515.56,2,515.28,2,515.21,6,515.2,5,515.08,2,515.07,5,515.06,2,516.22,1,516.23,1,516.24,1,516.26,1,516.28,1,516.3,1,516.31,1,516.4,1,516.46,5,516.47,3
2020-10-29 09:37:21,515.95,515.95,9,515.7,2,516.2,5,516.2,515.7,515.7,2,515.62,1,515.58,1,515.56,2,515.28,2,515.21,6,515.2,5,515.08,2,515.07,5,515.06,2,516.2,5,516.21,1,516.31,1,516.4,1,516.46,5,516.47,3,516.48,3,516.49,3,516.5,2,516.8,1
2020-10-29 09:37:22,516.02,516.21,1,515.83,1,516.21,1,516.21,515.83,515.83,1,515.7,2,515.62,1,515.58,1,515.56,2,515.28,2,515.21,6,515.2,5,515.08,2,515.07,5,516.21,1,516.31,1,516.4,1,516.46,5,516.47,3,516.48,3,516.49,3,516.5,2,516.8,1,,
2020-10-29 09:37:23,515.62,515.31,1,515.3,2,515.94,1,515.94,515.3,515.3,2,515.18,1,515.13,3,515.08,2,515.07,5,515.06,2,515.03,1,515.0,1,514.91,1,514.84,4,515.94,1,515.98,2,516.21,1,516.31,1,516.4,1,516.46,5,516.47,3,516.48,3,516.49,3,516.5,2
2020-10-29 09:37:24,516.035,516.03,2,515.81,5,516.26,1,516.26,515.81,515.81,5,515.8,3,515.79,6,515.78,6,515.77,5,515.72,2,515.54,1,515.45,2,515.3,2,515.18,1,516.26,1,516.27,2,516.28,1,516.45,1,516.46,5,516.47,3,516.48,3,516.49,3,516.5,2,516.8,1
2020-10-29 09:37:25,516.1,515.8,1,515.8,4,516.4,1,516.4,515.8,515.8,4,515.79,6,515.78,6,515.77,5,515.72,2,515.54,1,515.45,2,515.3,2,515.18,1,515.13,3,516.4,1,516.45,1,516.46,5,516.47,3,516.48,3,516.49,3,516.5,2,516.8,1,,,,
2020-10-29 09:37:26,516.09,516.31,1,515.81,5,516.31,0,516.37,515.81,515.81,5,515.8,4,515.79,6,515.78,6,515.77,5,515.72,2,515.54,1,515.45,2,515.3,2,515.18,1,516.37,1,516.43,1,516.44,1,516.45,1,516.46,5,516.47,3,516.48,3,516.49,3,516.5,2,516.8,1
2020-10-29 09:37:27,516.23,516.14,1,515.98,4,516.48,1,516.48,515.98,515.98,4,515.81,5,515.8,4,515.79,6,515.78,6,515.77,5,515.72,2,515.54,1,515.45,2,515.3,2,516.48,1,516.49,3,516.5,2,516.8,1,,,,,,,,,,,,
