sim_time,mid_price,last_price,last_size,best_bid_price,best_bid_size,best_ask_price,best_ask_size,close_price_buy,close_price_sell,bid1_price,bid1_size,bid2_price,bid2_size,bid3_price,bid3_size,bid4_price,bid4_size,bid5_price,bid5_size,bid6_price,bid6_size,bid7_price,bid7_size,bid8_price,bid8_size,bid9_price,bid9_size,bid10_price,bid10_size,ask1_price,ask1_size,ask2_price,ask2_size,ask3_price,ask3_size,ask4_price,ask4_size,ask5_price,ask5_size,ask6_price,ask6_size,ask7_price,ask7_size,ask8_price,ask8_size,ask9_price,ask9_size,ask10_price,ask10_size
2020-10-29 09:30:25,510.98,510.98,1,510.55,4,511.41,1,511.41,510.55,510.55,4,510.4,4,510.39,3,510.19,1,510.12,1,510.0,66,,,,,,,,,511.41,1,511.71,9,512.04,3,512.17,2,512.35,1,512.36,3,512.56,1,512.75,1,512.84,1,512.9,2
2020-10-29 09:30:26,510.98,511.41,1,510.55,4,511.41,1,511.41,510.55,510.55,4,510.4,4,510.39,3,510.19,1,510.12,1,510.0,66,,,,,,,,,511.41,1,511.71,9,512.04,3,512.17,2,512.35,1,512.36,3,512.56,1,512.75,1,512.84,1,512.9,2
2020-10-29 09:30:27,510.98,510.55,1,510.55,3,511.41,1,511.41,510.55,510.55,3,510.4,4,510.39,3,510.19,1,510.12,1,510.0,66,,,,,,,,,511.41,1,511.71,9,512.04,3,512.17,2,512.35,1,512.36,3,512.56,1,512.75,1,512.84,1,512.9,2
2020-10-29 09:30:28,510.98,511.19,1,510.55,3,511.41,1,511.41,510.55,510.55,3,510.4,4,510.39,3,510.19,1,510.12,1,510.0,66,,,,,,,,,511.41,1,511.71,9,512.04,3,512.17,2,512.35,1,512.36,3,512.56,1,512.75,1,512.84,1,512.9,2
2020-10-29 09:30:29,510.98,510.84,1,510.55,3,511.41,4,511.41,510.55,510.55,3,510.4,4,510.39,3,510.19,1,510.12,1,510.0,66,,,,,,,,,511.41,4,511.71,9,512.04,3,512.17,2,512.35,1,512.36,3,512.56,1,512.75,1,512.84,1,512.9,2
2020-10-29 09:30:30,510.97,511.14,3,510.55,3,511.39,1,511.39,510.55,510.55,3,510.4,4,510.39,3,510.19,1,510.12,1,510.0,66,,,,,,,,,511.39,1,511.4,4,511.41,3,511.71,9,512.04,3,512.17,2,512.35,1,512.36,3,512.56,1,512.75,1
2020-10-29 09:30:31,511.055,511.25,1,510.7,1,511.41,3,511.41,510.7,510.7,1,510.55,3,510.4,4,510.39,3,510.19,1,510.12,1,510.0,66,,,,,,,511.41,3,511.71,9,512.04,3,512.17,2,512.35,1,512.36,3,512.56,1,512.75,1,512.84,1,512.9,2
2020-10-29 09:30:32,511.14,511.41,1,510.87,1,511.41,3,511.41,510.87,510.87,1,510.86,2,510.7,2,510.55,3,510.4,4,510.39,3,510.19,1,510.12,1,510.0,66,,,511.41,3,511.71,9,512.04,3,512.17,2,512.35,1,512.36,3,512.56,1,512.75,1,512.84,1,512.9,2
2020-10-29 09:30:34,511.52,511.52,1,511.05,3,511.99,1,511.99,511.05,511.05,3,511.04,2,511.03,1,510.87,1,510.86,2,510.7,2,510.55,3,510.4,4,510.39,3,510.19,1,511.99,1,512.0,1,512.04,3,512.17,2,512.35,1,512.36,3,512.56,1,512.75,1,512.84,1,512.9,2
2020-10-29 09:30:34,511.52,511.71,5,511.05,4,511.99,3,511.99,511.05,511.05,4,511.04,2,511.03,1,510.87,1,510.86,2,510.7,2,510.55,3,510.4,4,510.39,3,510.19,1,511.99,3,512.0,1,512.04,3,512.17,2,512.35,1,512.36,3,512.56,1,512.75,1,512.84,1,512.9,2
2020-10-29 09:30:35,511.52,511.68,6,511.05,5,511.99,3,511.99,511.05,511.05,5,511.04,2,511.03,1,510.87,1,510.86,2,510.7,2,510.55,3,510.4,4,510.39,3,510.19,1,511.99,3,512.0,1,512.04,3,512.17,2,512.35,1,512.36,3,512.56,1,512.75,1,512.84,1,512.9,2
2020-10-29 09:30:37,512.325,511.95,1,511.9,5,512.75,1,512.75,511.9,511.9,5,511.89,1,511.88,1,511.8,2,511.67,4,511.66,1,511.53,1,511.51,1,511.24,1,511.05,4,512.75,1,512.84,1,512.9,2,513.05,1,513.11,1,513.12,3,513.19,2,513.2,3,513.65,1,,
2020-10-29 09:30:38,512.335,512.06,2,511.92,2,512.75,1,512.75,511.92,511.92,2,511.91,5,511.9,5,511.89,1,511.88,1,511.8,2,511.67,4,511.66,1,511.53,1,511.51,1,512.75,1,512.84,1,512.9,2,513.05,1,513.11,1,513.12,3,513.19,2,513.2,3,513.65,1,,
2020-10-29 09:30:39,512.335,511.97,1,511.92,2,512.75,1,512.75,511.92,511.92,2,511.91,4,511.9,5,511.89,1,511.88,1,511.8,2,511.67,4,511.66,1,511.53,1,511.51,1,512.75,1,512.84,1,512.9,2,513.05,1,513.11,1,513.12,3,513.19,2,513.2,3,513.65,1,,
2020-10-29 09:30:40,512.335,512.34,1,511.92,3,512.75,1,512.75,511.92,511.92,3,511.91,4,511.9,5,511.89,1,511.88,1,511.8,2,511.67,4,511.66,1,511.53,1,511.51,1,512.75,1,512.84,1,512.9,2,513.05,1,513.11,1,513.12,3,513.19,2,513.2,3,513.65,1,,
2020-10-29 09:30:41,512.35,512.71,3,511.95,4,512.75,1,512.75,511.95,511.95,4,511.94,3,511.93,2,511.92,5,511.91,4,511.9,5,511.89,1,511.88,1,511.8,2,511.67,4,512.75,1,512.84,1,512.9,2,513.05,1,513.11,1,513.12,3,513.19,2,513.2,3,513.65,1,,
2020-10-29 09:30:41,512.665,512.9,1,512.41,2,512.92,1,512.92,512.41,512.41,2,512.26,2,511.96,1,511.95,3,511.94,3,511.93,2,511.92,5,511.91,4,511.9,5,511.89,1,512.92,1,513.11,1,513.12,3,513.19,2,513.2,3,513.65,1,,,,,,,,
2020-10-29 09:30:43,513.025,513.2,1,512.77,2,513.28,1,513.28,512.77,512.77,2,512.76,3,512.75,6,512.63,1,512.49,1,512.48,3,512.42,2,512.41,3,512.26,2,511.96,1,513.28,1,513.65,1,,,,,,,,,,,,,,,,
2020-10-29 09:30:43,513.08,513.09,1,512.78,1,513.38,1,513.38,512.78,512.78,1,512.77,2,512.76,3,512.75,6,512.63,1,512.49,1,512.48,3,512.42,2,512.41,3,512.26,2,513.38,1,513.65,1,,,,,,,,,,,,,,,,
2020-10-29 09:30:44,513.075,512.86,1,512.77,3,513.38,1,513.38,512.77,512.77,3,512.76,3,512.75,6,512.63,1,512.49,1,512.48,3,512.42,2,512.41,3,512.26,2,511.96,1,513.38,1,513.65,1,,,,,,,,,,,,,,,,
2020-10-29 09:30:46,513.075,513.32,1,512.77,2,513.38,1,513.38,512.77,512.77,2,512.76,3,512.75,6,512.63,1,512.49,1,512.48,3,512.42,2,512.41,3,512.26,2,511.96,1,513.38,1,513.65,1,,,,,,,,,,,,,,,,
2020-10-29 09:30:47,513.09,513.28,1,512.8,2,513.38,1,513.38,512.8,512.8,2,512.79,3,512.78,3,512.77,2,512.76,3,512.75,6,512.63,1,512.49,1,512.48,3,512.42,2,513.38,1,513.65,1,,,,,,,,,,,,,,,,
2020-10-29 09:30:47,513.26,513.34,1,513.1,4,513.42,1,513.42,513.1,513.1,4,513.09,2,513.08,3,512.94,1,512.93,8,512.81,1,512.8,2,512.79,3,512.78,3,512.77,2,513.42,1,513.5,1,513.65,1,,,,,,,,,,,,,,
2020-10-29 09:30:49,513.255,513.41,1,513.09,4,513.42,1,513.42,513.09,513.09,4,513.08,3,512.94,1,512.93,8,512.81,1,512.8,2,512.79,3,512.78,3,512.77,2,512.76,3,513.42,1,513.5,1,513.65,1,,,,,,,,,,,,,,
2020-10-29 09:30:50,513.37,513.5,2,513.09,3,513.65,1,513.65,513.09,513.09,3,513.08,3,512.94,1,512.93,8,512.81,1,512.8,2,512.79,3,512.78,3,512.77,2,512.76,3,513.65,1,,,,,,,,,,,,,,,,,,
2020-10-29 09:30:51,513.375,513.22,1,513.11,1,513.64,1,513.64,513.11,513.11,1,513.09,4,513.08,3,512.94,1,512.93,8,512.81,1,512.8,2,512.79,3,512.78,3,512.77,2,513.64,1,513.65,1,,,,,,,,,,,,,,,,
2020-10-29 09:30:51,513.41,513.38,1,513.12,1,513.7,1,513.7,513.12,513.12,1,513.11,1,513.09,4,513.08,3,512.94,1,512.93,8,512.81,1,512.8,2,512.79,3,512.78,3,513.7,1,513.79,7,,,,,,,,,,,,,,,,
2020-10-29 09:30:53,513.665,513.61,1,513.39,5,513.94,1,513.94,513.39,513.39,5,513.38,6,513.32,1,513.19,1,513.18,5,513.17,5,513.12,1,513.11,1,513.09,4,513.08,3,513.94,1,513.95,8,,,,,,,,,,,,,,,,
2020-10-29 09:30:54,513.87,514.03,1,513.52,2,514.22,2,514.22,513.52,513.52,2,513.51,2,513.39,4,513.38,6,513.32,1,513.19,1,513.18,5,513.17,5,513.12,1,513.11,1,514.22,2,514.4,1,,,,,,,,,,,,,,,,
2020-10-29 09:30:55,513.865,514.0,1,513.51,2,514.22,1,514.22,513.51,513.51,2,513.39,4,513.38,6,513.32,1,513.19,1,513.18,5,513.17,5,513.12,1,513.11,1,513.09,4,514.22,1,514.4,1,,,,,,,,,,,,,,,,
2020-10-29 09:30:56,514.215,514.5,1,513.93,2,514.5,11,514.5,513.93,513.93,2,513.82,2,513.81,4,513.8,2,513.79,1,513.77,1,513.63,1,513.51,4,513.39,4,513.38,6,514.5,11,,,,,,,,,,,,,,,,,,
2020-10-29 09:30:57,514.225,514.25,1,513.95,1,514.5,12,514.5,513.95,513.95,1,513.94,3,513.93,2,513.82,2,513.81,4,513.8,2,513.79,1,513.77,1,513.63,1,513.51,4,514.5,12,,,,,,,,,,,,,,,,,,
2020-10-29 09:30:58,514.225,514.25,1,513.95,1,514.5,12,514.5,513.95,513.95,1,513.94,2,513.93,2,513.82,2,513.81,4,513.8,2,513.79,1,513.77,1,513.63,1,513.51,4,514.5,12,,,,,,,,,,,,,,,,,,
2020-10-29 09:30:59,514.225,514.5,1,513.95,1,514.5,12,514.5,513.95,513.95,1,513.94,2,513.93,2,513.82,2,513.81,4,513.8,2,513.79,1,513.77,1,513.63,1,513.51,4,514.5,12,,,,,,,,,,,,,,,,,,
2020-10-29 09:31:00,514.22,514.5,1,513.95,1,514.49,1,514.49,513.95,513.95,1,513.94,2,513.93,2,513.82,2,513.81,4,513.8,2,513.79,1,513.77,1,513.63,1,513.51,4,514.49,1,514.5,12,,,,,,,,,,,,,,,,
2020-10-29 09:31:01,514.32,514.35,2,514.14,1,514.5,12,514.5,514.14,514.14,1,513.94,3,513.93,2,513.82,2,513.81,4,513.8,2,513.79,1,513.77,1,513.63,1,513.51,4,514.5,12,,,,,,,,,,,,,,,,,,
2020-10-29 09:31:02,514.52,514.45,1,514.35,2,514.69,2,514.69,514.35,514.35,2,514.34,1,514.27,1,514.23,2,513.96,2,513.94,3,513.93,2,513.82,2,513.81,4,513.8,2,514.69,2,514.7,2,,,,,,,,,,,,,,,,
2020-10-29 09:31:03,515.06,514.77,1,514.77,0,515.37,1,515.37,514.75,514.75,5,514.69,4,514.68,2,514.67,1,514.52,1,514.41,1,514.35,3,514.34,1,514.27,1,514.23,2,515.37,1,,,,,,,,,,,,,,,,,,
2020-10-29 09:31:04,515.065,514.9,1,514.77,1,515.36,1,515.36,514.77,514.77,1,514.75,5,514.69,4,514.68,2,514.67,1,514.52,1,514.41,1,514.35,3,514.34,1,514.27,1,515.36,1,515.37,3,,,,,,,,,,,,,,,,
2020-10-29 09:31:05,515.07,515.37,1,514.77,1,515.37,2,515.37,514.77,514.77,1,514.75,5,514.69,4,514.68,2,514.67,1,514.52,1,514.41,1,514.35,3,514.34,1,514.27,1,515.37,2,,,,,,,,,,,,,,,,,,
2020-10-29 09:31:06,515.07,515.32,1,514.77,4,515.37,2,515.37,514.77,514.77,4,514.75,5,514.69,4,514.68,2,514.67,1,514.52,1,514.41,1,514.35,3,514.34,1,514.27,1,515.37,2,,,,,,,,,,,,,,,,,,
2020-10-29 09:31:08,515.06,514.94,7,514.77,6,515.35,1,515.35,514.77,514.77,6,514.75,5,514.69,4,514.68,2,514.67,1,514.52,1,514.41,1,514.35,3,514.34,1,514.27,1,515.35,1,515.37,2,,,,,,,,,,,,,,,,
2020-10-29 09:31:09,514.415,514.67,1,514.25,1,514.58,1,514.58,514.25,514.25,1,514.23,2,513.96,2,513.94,3,513.93,2,513.82,2,513.81,4,513.8,2,513.79,1,513.77,1,514.58,1,515.1,3,515.36,1,515.37,2,,,,,,,,,,,,
2020-10-29 09:31:10,514.78,514.58,1,514.28,1,515.28,1,515.28,514.28,514.28,1,514.27,7,514.26,1,514.25,1,514.23,2,513.96,2,513.94,3,513.93,2,513.82,2,513.81,4,515.28,1,515.36,1,515.37,2,,,,,,,,,,,,,,
2020-10-29 09:31:11,514.675,514.28,1,514.25,1,515.1,2,515.1,514.25,514.25,1,514.23,2,513.96,2,513.94,3,513.93,2,513.82,2,513.81,4,513.8,2,513.79,1,513.77,1,515.1,2,515.11,1,515.13,1,515.28,1,515.36,1,515.37,2,,,,,,,,
2020-10-29 09:31:12,514.59,514.65,2,514.25,2,514.93,1,514.93,514.25,514.25,2,514.23,2,513.96,2,513.94,3,513.93,2,513.82,2,513.81,4,513.8,2,513.79,1,513.77,1,514.93,1,515.03,1,515.04,1,515.1,2,515.13,1,515.28,1,515.36,1,515.37,2,,,,
2020-10-29 09:31:13,514.565,514.81,2,514.25,2,514.88,1,514.88,514.25,514.25,2,514.23,2,513.96,2,513.94,3,513.93,2,513.82,2,513.81,4,513.8,2,513.79,1,513.77,1,514.88,1,515.12,1,515.21,1,515.28,1,515.36,1,515.37,2,,,,,,,,
2020-10-29 09:31:14,514.56,514.65,1,514.25,2,514.87,1,514.87,514.25,514.25,2,514.23,2,513.96,2,513.94,3,513.93,2,513.82,2,513.81,4,513.8,2,513.79,1,513.77,1,514.87,1,514.88,1,515.12,1,515.21,1,515.28,1,515.36,1,515.37,2,,,,,,
2020-10-29 09:31:15,514.575,514.88,1,514.27,1,514.88,1,514.88,514.27,514.27,1,514.25,2,514.23,2,513.96,2,513.94,3,513.93,2,513.82,2,513.81,4,513.8,2,513.79,1,514.88,1,515.12,1,515.21,1,515.28,1,515.36,1,515.37,2,,,,,,,,
2020-10-29 09:31:16,514.485,514.88,1,514.27,1,514.7,1,514.7,514.27,514.27,1,514.25,2,514.23,2,513.96,2,513.94,3,513.93,2,513.82,2,513.81,4,513.8,2,513.79,1,514.7,1,514.9,2,515.19,2,515.27,1,515.28,1,515.36,1,515.37,2,,,,,,
2020-10-29 09:31:17,514.485,514.63,1,514.27,1,514.7,1,514.7,514.27,514.27,1,514.25,2,514.23,2,513.96,2,513.94,3,513.93,2,513.82,2,513.81,4,513.8,2,513.79,1,514.7,1,514.9,2,515.19,2,515.27,1,515.28,1,515.36,1,515.37,2,,,,,,
2020-10-29 09:31:18,514.585,514.49,1,514.27,1,514.7,0,514.9,514.27,514.27,1,514.25,2,514.23,2,513.96,2,513.94,3,513.93,2,513.82,2,513.81,4,513.8,2,513.79,1,514.9,2,515.19,2,515.27,1,515.28,1,515.36,1,515.37,2,,,,,,,,
2020-10-29 09:31:19,514.485,514.28,1,514.27,1,514.7,1,514.7,514.27,514.27,1,514.25,2,514.23,2,513.96,2,513.94,3,513.93,2,513.82,2,513.81,4,513.8,2,513.79,1,514.7,1,514.9,2,515.19,2,515.27,1,515.28,1,515.36,1,515.37,2,,,,,,
2020-10-29 09:31:20,513.81,513.93,1,513.51,3,514.11,20,514.11,513.51,513.51,3,513.39,4,513.38,6,513.32,1,513.19,1,513.18,5,513.17,5,513.12,1,513.11,1,513.09,4,514.11,20,514.34,1,514.43,1,514.54,2,514.67,1,514.69,1,514.81,1,514.99,1,515.0,1,515.19,2
2020-10-29 09:31:21,513.81,513.71,13,513.51,2,514.11,15,514.11,513.51,513.51,2,513.39,4,513.38,6,513.32,1,513.19,1,513.18,5,513.17,5,513.12,1,513.11,1,513.09,4,514.11,15,514.34,1,514.43,1,514.54,2,514.67,1,514.69,1,514.81,1,514.99,1,515.0,1,515.19,2
2020-10-29 09:31:22,513.755,514.11,1,513.51,2,514.0,3,514.0,513.51,513.51,2,513.39,4,513.38,6,513.32,1,513.19,1,513.18,5,513.17,5,513.12,1,513.11,1,513.09,4,514.0,3,514.11,14,514.34,1,514.43,1,514.54,2,514.67,1,514.69,1,514.81,1,514.99,1,515.0,1
2020-10-29 09:31:23,513.755,513.99,1,513.52,2,513.99,6,513.99,513.52,513.52,2,513.51,3,513.39,4,513.38,6,513.32,1,513.19,1,513.18,5,513.17,5,513.12,1,513.11,1,513.99,6,514.0,3,514.11,14,514.34,1,514.43,1,514.54,2,514.67,1,514.69,1,514.81,1,514.99,1
2020-10-29 09:31:24,513.805,513.62,1,513.62,2,513.99,5,513.99,513.62,513.62,2,513.52,3,513.51,3,513.39,4,513.38,6,513.32,1,513.19,1,513.18,5,513.17,5,513.12,1,513.99,5,514.0,4,514.11,14,514.34,1,514.43,1,514.54,2,514.67,1,514.69,1,514.81,1,514.99,1
2020-10-29 09:31:25,513.75,513.62,2,513.52,2,513.98,2,513.98,513.52,513.52,2,513.51,3,513.39,4,513.38,6,513.32,1,513.19,1,513.18,5,513.17,5,513.12,1,513.11,1,513.98,2,513.99,2,514.0,3,514.11,14,514.34,1,514.43,1,514.54,2,514.67,1,514.69,1,514.81,1
2020-10-29 09:31:26,513.44,513.52,1,513.15,1,513.73,2,513.73,513.15,513.15,1,513.12,1,513.11,1,513.09,4,513.08,3,512.94,1,512.93,8,512.81,1,512.8,2,512.79,3,513.73,2,513.74,2,513.98,1,513.99,2,514.0,3,514.11,14,514.34,1,514.43,1,514.54,2,514.67,1
2020-10-29 09:31:27,513.225,513.18,1,512.98,1,513.47,2,513.47,512.98,512.98,1,512.83,1,512.81,1,512.8,2,512.79,3,512.78,3,512.77,2,512.76,3,512.75,6,512.63,1,513.47,2,513.64,1,513.73,1,513.74,2,513.98,1,513.99,2,514.0,3,514.11,14,514.34,1,514.43,1
2020-10-29 09:31:28,513.235,513.35,10,513.0,1,513.47,2,513.47,513.0,513.0,1,512.83,1,512.81,1,512.8,2,512.79,3,512.78,3,512.77,2,512.76,3,512.75,6,512.63,1,513.47,2,513.64,1,513.73,1,513.74,2,513.98,1,513.99,2,514.0,3,514.11,14,514.34,1,514.43,1
2020-10-29 09:31:29,513.24,513.43,1,513.01,2,513.47,3,513.47,513.01,513.01,2,513.0,3,512.83,1,512.81,1,512.8,2,512.79,3,512.78,3,512.77,2,512.76,3,512.75,6,513.47,3,513.64,1,513.73,1,513.74,2,513.98,1,513.99,2,514.0,3,514.11,14,514.34,1,514.43,1
2020-10-29 09:31:30,513.235,513.24,1,513.01,1,513.46,5,513.46,513.01,513.01,1,513.0,4,512.83,1,512.81,1,512.8,2,512.79,3,512.78,3,512.77,2,512.76,3,512.75,6,513.46,5,513.47,3,513.64,1,513.73,1,513.74,2,513.98,1,513.99,2,514.0,3,514.11,14,514.34,1
2020-10-29 09:31:31,513.24,513.1,2,513.01,2,513.47,4,513.47,513.01,513.01,2,513.0,5,512.83,1,512.81,1,512.8,2,512.79,3,512.78,3,512.77,2,512.76,3,512.75,6,513.47,4,513.64,1,513.73,1,513.74,2,513.98,1,513.99,2,514.0,3,514.11,14,514.34,1,514.43,1
2020-10-29 09:31:32,513.615,513.98,1,513.25,3,513.98,3,513.98,513.25,513.25,3,513.02,2,513.01,2,513.0,5,512.83,1,512.81,1,512.8,2,512.79,3,512.78,3,512.77,2,513.98,3,514.0,3,514.11,14,514.34,1,514.43,1,514.54,2,514.67,1,514.69,1,514.81,1,514.99,1
2020-10-29 09:31:33,513.625,513.27,1,513.25,3,514.0,3,514.0,513.25,513.25,3,513.02,2,513.01,2,513.0,5,512.83,1,512.81,1,512.8,2,512.79,3,512.78,3,512.77,2,514.0,3,514.11,14,514.34,1,514.43,1,514.54,2,514.67,1,514.69,1,514.81,1,514.99,1,515.0,1
2020-10-29 09:31:34,513.625,514.0,1,513.25,3,514.0,3,514.0,513.25,513.25,3,513.02,2,513.01,2,513.0,5,512.83,1,512.81,1,512.8,2,512.79,3,512.78,3,512.77,2,514.0,3,514.11,14,514.34,1,514.43,1,514.54,2,514.67,1,514.69,1,514.81,1,514.99,1,515.0,1
2020-10-29 09:31:35,513.81,513.25,1,513.62,2,514.0,3,514.0,513.62,513.62,2,513.25,2,513.02,2,513.01,2,513.0,5,512.83,1,512.81,1,512.8,2,512.79,3,512.78,3,514.0,3,514.11,14,514.34,1,514.43,1,514.54,2,514.67,1,514.69,1,514.81,1,514.99,1,515.0,1
2020-10-29 09:31:36,513.81,514.0,1,513.62,2,514.0,2,514.0,513.62,513.62,2,513.25,2,513.02,2,513.01,2,513.0,5,512.83,1,512.81,1,512.8,2,512.79,3,512.78,3,514.0,2,514.11,14,514.34,1,514.43,1,514.54,2,514.67,1,514.69,1,514.81,1,514.99,1,515.0,1
2020-10-29 09:31:37,513.81,513.62,1,513.62,1,514.0,2,514.0,513.62,513.62,1,513.25,2,513.02,2,513.01,2,513.0,5,512.83,1,512.81,1,512.8,2,512.79,3,512.78,3,514.0,2,514.11,14,514.34,1,514.43,1,514.54,2,514.67,1,514.69,1,514.81,1,514.99,1,515.0,1
2020-10-29 09:31:38,513.81,514.0,1,513.63,6,513.99,2,513.99,513.63,513.63,6,513.62,3,513.25,2,513.02,2,513.01,2,513.0,5,512.83,1,512.81,1,512.8,2,512.79,3,513.99,2,514.0,3,514.11,14,514.34,1,514.43,1,514.54,2,514.67,1,514.69,1,514.81,1,514.99,1
2020-10-29 09:31:39,513.81,513.63,1,513.62,4,514.0,3,514.0,513.62,513.62,4,513.25,2,513.02,2,513.01,2,513.0,5,512.83,1,512.81,1,512.8,2,512.79,3,512.78,3,514.0,3,514.11,14,514.34,1,514.43,1,514.54,2,514.67,1,514.69,1,514.81,1,514.99,1,515.0,1
2020-10-29 09:31:40,514.125,514.31,1,513.76,1,514.49,1,514.49,513.76,513.76,1,513.71,2,513.64,1,513.63,4,513.62,4,513.25,2,513.02,2,513.01,2,513.0,5,512.83,1,514.49,1,514.5,1,514.67,1,514.69,1,514.81,1,514.99,1,515.0,1,515.19,2,515.27,1,515.28,1
2020-10-29 09:31:41,514.105,514.49,1,513.73,1,514.48,1,514.48,513.73,513.73,1,513.63,5,513.62,4,513.25,2,513.02,2,513.01,2,513.0,5,512.83,1,512.81,1,512.8,2,514.48,1,514.49,3,514.5,1,514.67,1,514.69,1,514.81,1,514.99,1,515.0,1,515.19,2,515.27,1
2020-10-29 09:31:42,513.905,513.72,1,513.68,1,514.13,1,514.13,513.68,513.68,1,513.63,5,513.62,4,513.25,2,513.02,2,513.01,2,513.0,5,512.83,1,512.81,1,512.8,2,514.13,1,514.48,1,514.49,3,514.5,1,514.67,1,514.69,1,514.81,1,514.99,1,515.0,1,515.19,2
2020-10-29 09:31:43,513.905,514.02,1,513.68,4,514.13,1,514.13,513.68,513.68,4,513.63,5,513.62,4,513.25,2,513.02,2,513.01,2,513.0,5,512.83,1,512.81,1,512.8,2,514.13,1,514.48,1,514.49,3,514.5,1,514.67,1,514.69,1,514.81,1,514.99,1,515.0,1,515.19,2
2020-10-29 09:31:44,513.345,513.46,1,513.01,3,513.68,1,513.68,513.01,513.01,3,512.99,1,512.83,1,512.81,1,512.8,2,512.79,3,512.78,3,512.77,2,512.76,3,512.75,6,513.68,1,513.94,2,514.12,1,514.48,1,514.49,3,514.5,1,514.67,1,514.69,1,514.81,1,514.99,1
2020-10-29 09:31:45,513.345,513.45,2,513.01,3,513.68,1,513.68,513.01,513.01,3,512.99,1,512.83,1,512.81,1,512.8,2,512.79,3,512.78,3,512.77,2,512.76,3,512.75,6,513.68,1,513.94,2,514.12,1,514.48,1,514.49,3,514.5,1,514.67,1,514.69,1,514.81,1,514.99,1
2020-10-29 09:31:46,513.43,513.5,1,513.19,1,513.67,3,513.67,513.19,513.19,1,513.01,3,512.99,1,512.83,1,512.81,1,512.8,2,512.79,3,512.78,3,512.77,2,512.76,3,513.67,3,513.68,3,513.94,2,514.12,1,514.48,1,514.49,3,514.5,1,514.67,1,514.69,1,514.81,1
2020-10-29 09:31:47,513.425,513.19,1,513.18,1,513.67,3,513.67,513.18,513.18,1,513.01,3,512.99,1,512.83,1,512.81,1,512.8,2,512.79,3,512.78,3,512.77,2,512.76,3,513.67,3,513.68,3,513.94,2,514.12,1,514.48,1,514.49,3,514.5,1,514.67,1,514.69,1,514.81,1
2020-10-29 09:31:48,513.21,513.18,1,513.01,4,513.41,2,513.41,513.01,513.01,4,512.95,1,512.83,1,512.81,1,512.8,2,512.79,3,512.78,3,512.77,2,512.76,3,512.75,6,513.41,2,513.47,1,513.68,4,513.94,2,514.12,1,514.48,1,514.49,3,514.5,1,514.67,1,514.69,1
2020-10-29 09:31:49,513.21,513.13,1,513.01,4,513.41,2,513.41,513.01,513.01,4,513.0,1,512.95,1,512.83,1,512.81,1,512.8,2,512.79,3,512.78,3,512.77,2,512.76,3,513.41,2,513.47,1,513.68,4,513.94,2,514.12,1,514.48,1,514.49,3,514.5,1,514.67,1,514.69,1
2020-10-29 09:31:50,513.215,513.09,1,513.02,1,513.41,1,513.41,513.02,513.02,1,513.01,4,513.0,1,512.95,1,512.83,1,512.81,1,512.8,2,512.79,3,512.78,3,512.77,2,513.41,1,513.47,1,513.68,4,513.94,2,514.12,1,514.48,1,514.49,3,514.5,1,514.67,1,514.69,1
2020-10-29 09:31:51,513.44,513.02,1,513.02,1,513.86,1,513.86,513.02,513.02,1,513.01,4,513.0,1,512.95,1,512.83,1,512.81,1,512.8,2,512.79,3,512.78,3,512.77,2,513.86,1,513.98,1,514.12,1,514.48,1,514.49,3,514.5,1,514.67,1,514.69,1,514.81,1,514.99,1
2020-10-29 09:31:52,513.42,513.83,1,513.01,4,513.83,1,513.83,513.01,513.01,4,513.0,1,512.95,1,512.83,1,512.81,1,512.8,2,512.79,3,512.78,3,512.77,2,512.76,3,513.83,1,513.86,1,513.98,1,514.12,1,514.48,1,514.49,3,514.5,1,514.67,1,514.69,1,514.81,1
2020-10-29 09:31:53,513.42,513.01,1,513.01,5,513.83,1,513.83,513.01,513.01,5,513.0,1,512.95,1,512.83,1,512.81,1,512.8,2,512.79,3,512.78,3,512.77,2,512.76,3,513.83,1,513.86,1,513.98,1,514.12,1,514.48,1,514.49,3,514.5,1,514.67,1,514.69,1,514.81,1
2020-10-29 09:31:54,513.465,513.47,5,513.11,1,513.82,2,513.82,513.11,513.11,1,513.01,4,513.0,1,512.95,1,512.83,1,512.81,1,512.8,2,512.79,3,512.78,3,512.77,2,513.82,2,513.83,1,513.86,1,513.98,1,514.12,1,514.48,1,514.49,3,514.5,1,514.67,1,514.69,1
2020-10-29 09:31:55,513.52,513.47,2,513.22,3,513.82,1,513.82,513.22,513.22,3,513.2,1,513.11,1,513.01,4,513.0,1,512.95,1,512.83,1,512.81,1,512.8,2,512.79,3,513.82,1,513.83,1,513.86,1,513.98,1,514.12,1,514.48,1,514.49,3,514.5,1,514.67,1,514.69,1
2020-10-29 09:31:56,513.485,513.65,1,513.22,3,513.75,2,513.75,513.22,513.22,3,513.2,1,513.11,1,513.01,4,513.0,1,512.95,1,512.83,1,512.81,1,512.8,2,512.79,3,513.75,2,513.82,1,513.83,1,513.86,1,513.98,1,514.12,1,514.48,1,514.49,3,514.5,1,514.67,1
2020-10-29 09:31:57,513.485,513.22,1,513.22,2,513.75,2,513.75,513.22,513.22,2,513.2,1,513.11,1,513.01,4,513.0,1,512.95,1,512.83,1,512.81,1,512.8,2,512.79,3,513.75,2,513.82,1,513.83,1,513.86,1,513.98,1,514.12,1,514.48,1,514.49,3,514.5,1,514.67,1
2020-10-29 09:31:58,513.265,513.38,10,512.99,1,513.54,5,513.54,512.99,512.99,1,512.95,1,512.83,1,512.81,1,512.8,2,512.79,3,512.78,3,512.77,2,512.76,3,512.75,6,513.54,5,513.55,1,513.56,1,513.64,1,513.75,1,513.82,1,513.83,1,513.86,1,513.98,1,514.12,1
2020-10-29 09:31:59,513.275,512.99,1,512.99,2,513.56,2,513.56,512.99,512.99,2,512.95,1,512.83,1,512.81,1,512.8,2,512.79,3,512.78,3,512.77,2,512.76,3,512.75,6,513.56,2,513.64,1,513.75,1,513.82,1,513.83,1,513.86,1,513.98,1,514.12,1,514.48,1,514.49,3
2020-10-29 09:32:00,513.745,513.64,1,513.5,1,513.99,1,513.99,513.5,513.5,1,513.3,3,513.29,5,513.12,1,513.0,1,512.99,2,512.95,1,512.83,1,512.81,1,512.8,2,513.99,1,514.0,3,514.12,1,514.48,1,514.49,3,514.5,1,514.67,1,514.69,1,514.81,1,514.99,1
2020-10-29 09:32:01,513.75,513.5,1,513.5,1,514.0,3,514.0,513.5,513.5,1,513.3,3,513.29,5,513.12,1,513.0,1,512.99,2,512.95,1,512.83,1,512.81,1,512.8,2,514.0,3,514.12,1,514.48,1,514.49,3,514.5,1,514.67,1,514.69,1,514.81,1,514.99,1,515.0,1
2020-10-29 09:32:02,513.75,514.0,1,513.5,1,514.0,3,514.0,513.5,513.5,1,513.3,3,513.29,5,513.12,1,513.0,1,512.99,2,512.95,1,512.83,1,512.81,1,512.8,2,514.0,3,514.12,1,514.48,1,514.49,3,514.5,1,514.67,1,514.69,1,514.81,1,514.99,1,515.0,1
2020-10-29 09:32:03,514.12,514.4,1,513.76,2,514.48,3,514.48,513.76,513.76,2,513.75,3,513.5,1,513.3,3,513.29,5,513.12,1,513.0,1,512.99,2,512.95,1,512.83,1,514.48,3,514.49,3,514.5,1,514.67,1,514.69,1,514.81,1,514.99,1,515.0,1,515.19,2,515.27,1
2020-10-29 09:32:04,514.2,514.07,1,513.92,2,514.48,3,514.48,513.92,513.92,2,513.76,1,513.75,3,513.5,1,513.3,3,513.29,5,513.12,1,513.0,1,512.99,2,512.95,1,514.48,3,514.49,3,514.5,1,514.67,1,514.69,1,514.81,1,514.99,1,515.0,1,515.19,2,515.27,1
2020-10-29 09:32:05,514.08,513.92,1,513.69,1,514.47,2,514.47,513.69,513.69,1,513.6,1,513.5,1,513.3,3,513.29,5,513.12,1,513.0,1,512.99,2,512.95,1,512.83,1,514.47,2,514.48,4,514.49,3,514.5,1,514.67,1,514.69,1,514.81,1,514.99,1,515.0,1,515.19,2
2020-10-29 09:32:06,513.96,514.47,1,513.6,1,514.32,1,514.32,513.6,513.6,1,513.5,1,513.3,3,513.29,5,513.12,1,513.0,1,512.99,2,512.95,1,512.83,1,512.81,1,514.32,1,514.48,4,514.49,3,514.5,1,514.67,1,514.69,1,514.81,1,514.99,1,515.0,1,515.19,2
2020-10-29 09:32:07,514.145,514.15,2,513.81,1,514.48,3,514.48,513.81,513.81,1,513.6,1,513.5,1,513.3,3,513.29,5,513.12,1,513.0,1,512.99,2,512.95,1,512.83,1,514.48,3,514.49,3,514.5,1,514.67,1,514.69,1,514.81,1,514.99,1,515.0,1,515.19,2,515.27,1
2020-10-29 09:32:08,514.23,514.39,1,514.01,1,514.45,1,514.45,514.01,514.01,1,513.99,1,513.98,3,513.61,4,513.6,1,513.5,1,513.3,3,513.29,5,513.12,1,513.0,1,514.45,1,514.48,2,514.49,3,514.5,1,514.67,1,514.69,1,514.81,1,514.99,1,515.0,1,515.19,2
2020-10-29 09:32:09,514.26,514.45,1,514.01,3,514.51,1,514.51,514.01,514.01,3,513.99,1,513.98,3,513.61,4,513.6,1,513.5,1,513.3,3,513.29,5,513.12,1,513.0,1,514.51,1,514.67,1,514.69,1,514.81,1,514.99,1,515.0,1,515.19,2,515.27,1,515.28,1,515.36,1
2020-10-29 09:32:10,514.26,514.01,1,514.01,3,514.51,1,514.51,514.01,514.01,3,513.99,1,513.98,3,513.61,4,513.6,1,513.5,1,513.3,3,513.29,5,513.12,1,513.0,1,514.51,1,514.67,1,514.69,1,514.81,1,514.99,1,515.0,1,515.19,2,515.27,1,515.28,1,515.36,1
2020-10-29 09:32:11,514.295,514.48,1,514.01,2,514.58,1,514.58,514.01,514.01,2,513.99,1,513.98,3,513.61,4,513.6,1,513.5,1,513.3,3,513.29,5,513.12,1,513.0,1,514.58,1,514.67,1,514.69,1,514.81,1,514.99,1,515.0,1,515.19,2,515.27,1,515.28,1,515.36,1
2020-10-29 09:32:12,514.42,514.01,2,514.26,1,514.58,1,514.58,514.26,514.26,1,514.11,1,514.01,2,513.99,1,513.98,3,513.61,4,513.6,1,513.5,1,513.3,3,513.29,5,514.58,1,514.67,1,514.69,1,514.81,1,514.99,1,515.0,1,515.19,2,515.27,1,515.28,1,515.36,1
2020-10-29 09:32:13,514.48,514.41,1,514.26,3,514.7,1,514.7,514.27,514.26,3,514.11,1,514.01,2,513.99,1,513.98,3,513.61,4,513.6,1,513.5,1,513.3,3,513.29,5,514.7,1,514.81,1,514.99,1,515.0,1,515.19,2,515.27,1,515.28,1,515.36,1,515.37,2,,
2020-10-29 09:32:14,514.485,514.49,1,514.27,3,514.7,1,514.7,514.27,514.27,3,514.26,3,514.11,1,514.01,2,513.99,1,513.98,3,513.61,4,513.6,1,513.5,1,513.3,3,514.7,1,514.81,1,514.99,1,515.0,1,515.19,2,515.27,1,515.28,1,515.36,1,515.37,2,,
2020-10-29 09:32:15,514.255,514.26,1,514.01,2,514.5,1,514.5,514.01,514.01,2,513.99,1,513.98,3,513.61,4,513.6,1,513.5,1,513.3,3,513.29,5,513.12,1,513.0,1,514.5,1,514.7,1,514.81,1,514.99,1,515.0,1,515.19,2,515.27,1,515.28,1,515.36,1,515.37,2
2020-10-29 09:32:16,513.8,514.01,1,513.6,2,514.0,1,514.0,513.6,513.6,2,513.5,1,513.3,3,513.29,5,513.12,1,513.0,1,512.99,2,512.95,1,512.83,1,512.81,1,514.0,1,514.01,2,514.02,1,514.5,2,514.7,1,514.81,1,514.99,1,515.0,1,515.19,2,515.27,1
2020-10-29 09:32:17,513.8,513.99,1,513.61,1,513.99,1,513.99,513.61,513.61,1,513.6,3,513.5,1,513.3,3,513.29,5,513.12,1,513.0,1,512.99,2,512.95,1,512.83,1,513.99,1,514.0,5,514.01,2,514.02,1,514.5,2,514.7,1,514.81,1,514.99,1,515.0,1,515.19,2
2020-10-29 09:32:18,513.355,513.6,1,513.14,1,513.57,2,513.57,513.14,513.14,1,513.12,1,513.0,1,512.99,2,512.95,1,512.83,1,512.81,1,512.8,2,512.79,3,512.78,3,513.57,2,513.58,2,513.75,2,513.76,5,513.8,2,513.9,1,514.0,6,514.01,2,514.02,1,514.5,2
2020-10-29 09:32:19,512.95,513.01,1,512.63,1,513.27,6,513.27,512.63,512.63,1,512.49,1,512.48,3,512.42,2,512.41,3,512.26,2,511.96,1,511.95,3,511.94,3,511.93,2,513.27,6,513.28,2,513.29,1,513.31,1,513.45,2,513.56,2,513.57,8,513.58,2,513.75,2,513.76,5
2020-10-29 09:32:20,512.65,512.64,2,512.41,1,512.89,2,512.89,512.41,512.41,1,512.26,1,511.96,1,511.95,3,511.94,3,511.93,2,511.92,5,511.91,4,511.9,5,511.89,1,512.89,2,512.9,5,512.91,5,513.11,2,513.26,1,513.27,5,513.28,2,513.29,1,513.31,1,513.45,2
2020-10-29 09:32:21,512.32,512.44,1,512.11,1,512.53,2,512.53,512.11,512.11,1,511.96,1,511.95,3,511.94,3,511.93,2,511.92,5,511.91,4,511.9,5,511.89,1,511.88,1,512.53,2,512.54,7,512.7,3,512.89,4,512.9,5,512.91,5,513.11,2,513.26,1,513.27,5,513.28,2
2020-10-29 09:32:22,512.32,512.53,1,512.11,1,512.53,3,512.53,512.11,512.11,1,511.96,1,511.95,3,511.94,3,511.93,2,511.92,5,511.91,4,511.9,5,511.89,1,511.88,1,512.53,3,512.54,7,512.7,3,512.89,4,512.9,5,512.91,5,513.11,2,513.26,1,513.27,5,513.28,2
2020-10-29 09:32:23,512.29,512.11,1,512.11,3,512.47,5,512.47,512.11,512.11,3,511.96,1,511.95,3,511.94,3,511.93,2,511.92,5,511.91,4,511.9,5,511.89,1,511.88,1,512.47,5,512.53,2,512.54,5,512.7,3,512.89,4,512.9,5,512.91,5,513.11,2,513.26,1,513.27,5
2020-10-29 09:32:24,512.29,512.47,1,512.11,4,512.47,4,512.47,512.11,512.11,4,511.96,1,511.95,3,511.94,3,511.93,2,511.92,5,511.91,4,511.9,5,511.89,1,511.88,1,512.47,4,512.53,2,512.54,5,512.7,3,512.89,4,512.9,5,512.91,5,513.11,2,513.26,1,513.27,5
2020-10-29 09:32:25,512.295,512.12,1,512.12,5,512.47,5,512.47,512.12,512.12,5,512.11,3,511.96,1,511.95,3,511.94,3,511.93,2,511.92,5,511.91,4,511.9,5,511.89,1,512.47,5,512.53,2,512.54,5,512.7,3,512.89,4,512.9,5,512.91,5,513.11,2,513.26,1,513.27,5
2020-10-29 09:32:26,513.495,513.55,1,513.06,5,513.93,1,513.93,513.06,513.06,5,513.05,2,512.96,1,512.78,1,512.7,2,512.49,3,512.48,3,512.47,1,512.3,2,512.28,1,513.93,1,514.0,6,514.01,2,514.02,1,514.5,2,514.7,1,514.81,1,514.99,1,515.0,1,515.19,2
2020-10-29 09:32:27,513.42,513.06,1,513.06,6,513.78,1,513.78,513.06,513.06,6,513.05,2,512.96,1,512.78,1,512.7,2,512.49,3,512.48,3,512.47,1,512.3,2,512.28,1,513.78,1,513.93,1,514.0,6,514.01,2,514.02,1,514.5,2,514.7,1,514.81,1,514.99,1,515.0,1
2020-10-29 09:32:28,513.425,513.41,1,513.07,1,513.78,1,513.78,513.07,513.07,1,513.06,7,513.05,2,512.96,1,512.78,1,512.7,2,512.49,3,512.48,3,512.47,1,512.3,2,513.78,1,513.93,1,514.0,6,514.01,2,514.02,1,514.5,2,514.7,1,514.81,1,514.99,1,515.0,1
2020-10-29 09:32:29,513.495,513.06,1,513.06,6,513.93,1,513.93,513.06,513.06,6,513.05,2,512.96,1,512.78,1,512.7,2,512.49,3,512.48,3,512.47,1,512.3,2,512.28,1,513.93,1,514.0,6,514.01,2,514.02,1,514.5,2,514.7,1,514.81,1,514.99,1,515.0,1,515.19,2
2020-10-29 09:32:30,513.505,513.92,1,513.08,1,513.93,1,513.93,513.08,513.08,1,513.06,2,513.05,3,512.96,1,512.78,1,512.7,2,512.49,3,512.48,3,512.47,1,512.3,2,513.93,1,514.0,6,514.01,2,514.02,1,514.5,2,514.7,1,514.81,1,514.99,1,515.0,1,515.19,2
2020-10-29 09:32:31,513.415,513.34,1,513.05,5,513.78,1,513.78,513.05,513.05,5,512.96,1,512.78,1,512.7,2,512.49,3,512.48,3,512.47,1,512.3,2,512.28,1,512.12,4,513.78,1,513.93,1,514.0,6,514.01,2,514.02,1,514.5,2,514.7,1,514.81,1,514.99,1,515.0,1
2020-10-29 09:32:32,513.415,513.41,1,513.05,4,513.78,1,513.78,513.05,513.05,4,512.96,1,512.78,1,512.7,2,512.49,3,512.48,3,512.47,1,512.3,2,512.28,1,512.12,4,513.78,1,513.93,1,514.0,6,514.01,2,514.02,1,514.5,2,514.7,1,514.81,1,514.99,1,515.0,1
2020-10-29 09:32:33,513.51,513.22,1,513.09,1,513.93,1,513.93,513.09,513.09,1,513.05,5,512.96,1,512.78,1,512.7,2,512.49,3,512.48,3,512.47,1,512.3,2,512.28,1,513.93,1,514.0,6,514.01,2,514.02,1,514.5,2,514.7,1,514.81,1,514.99,1,515.0,1,515.19,2
2020-10-29 09:32:34,513.415,513.93,1,513.05,5,513.78,1,513.78,513.05,513.05,5,512.96,1,512.78,1,512.7,2,512.49,3,512.48,3,512.47,1,512.3,2,512.28,1,512.12,4,513.78,1,514.0,6,514.01,2,514.02,1,514.5,2,514.7,1,514.81,1,514.99,1,515.0,1,515.19,2
2020-10-29 09:32:35,513.33,513.05,1,513.05,8,513.61,1,513.61,513.05,513.05,8,512.96,1,512.78,1,512.7,2,512.49,3,512.48,3,512.47,1,512.3,2,512.28,1,512.12,4,513.61,1,513.62,1,513.78,1,514.0,6,514.01,2,514.02,1,514.5,2,514.7,1,514.81,1,514.99,1
2020-10-29 09:32:36,513.475,513.27,1,513.17,2,513.78,1,513.78,513.17,513.17,2,513.16,1,513.05,8,512.96,1,512.78,1,512.7,2,512.49,3,512.48,3,512.47,1,512.3,2,513.78,1,514.0,6,514.01,2,514.02,1,514.5,2,514.7,1,514.81,1,514.99,1,515.0,1,515.19,2
2020-10-29 09:32:37,513.57,513.51,1,513.21,4,513.93,1,513.93,513.21,513.21,4,513.2,3,513.18,7,513.17,2,513.16,1,513.05,8,512.96,1,512.78,1,512.7,2,512.49,3,513.93,1,514.0,6,514.01,2,514.02,1,514.5,2,514.7,1,514.81,1,514.99,1,515.0,1,515.19,2
2020-10-29 09:32:38,513.71,513.93,1,513.42,3,514.0,6,514.0,513.42,513.42,3,513.41,4,513.21,3,513.2,3,513.18,7,513.17,2,513.16,1,513.05,8,512.96,1,512.78,1,514.0,6,514.01,2,514.02,1,514.5,2,514.7,1,514.81,1,514.99,1,515.0,1,515.19,2,515.27,1
2020-10-29 09:32:39,513.52,513.41,1,513.16,3,513.88,5,513.88,513.16,513.16,3,513.05,8,512.96,1,512.78,1,512.7,2,512.49,3,512.48,3,512.47,1,512.3,2,512.28,1,513.88,5,513.89,1,514.0,6,514.01,2,514.02,1,514.5,2,514.7,1,514.81,1,514.99,1,515.0,1
2020-10-29 09:32:40,513.52,513.52,1,513.16,2,513.88,3,513.88,513.16,513.16,2,513.05,8,512.96,1,512.78,1,512.7,2,512.49,3,512.48,3,512.47,1,512.3,2,512.28,1,513.88,3,513.89,1,514.0,6,514.01,2,514.02,1,514.5,2,514.7,1,514.81,1,514.99,1,515.0,1
2020-10-29 09:32:41,513.465,513.16,1,513.16,2,513.77,1,513.77,513.16,513.16,2,513.05,8,512.96,1,512.78,1,512.7,2,512.49,3,512.48,3,512.47,1,512.3,2,512.28,1,513.77,1,513.78,2,513.88,3,513.89,1,514.0,6,514.01,2,514.02,1,514.5,2,514.7,1,514.81,1
2020-10-29 09:32:42,512.87,512.49,1,512.48,4,513.26,1,513.26,512.48,512.48,4,512.47,1,512.3,2,512.28,1,512.12,4,512.11,3,511.96,1,511.95,3,511.94,3,511.93,2,513.26,1,513.27,1,513.42,1,513.77,1,513.78,2,513.88,3,513.89,1,514.0,6,514.01,2,514.02,1
2020-10-29 09:32:43,512.885,513.26,1,512.51,1,513.26,1,513.26,512.51,512.51,1,512.48,4,512.47,1,512.3,2,512.28,1,512.12,4,512.11,3,511.96,1,511.95,3,511.94,3,513.26,1,513.27,1,513.42,1,513.77,1,513.78,2,513.88,3,513.89,1,514.0,6,514.01,2,514.02,1
2020-10-29 09:32:44,513.06,512.9,1,512.74,1,513.38,1,513.38,512.74,512.74,1,512.51,1,512.48,4,512.47,1,512.3,2,512.28,1,512.12,4,512.11,3,511.96,1,511.95,3,513.38,1,513.39,1,513.4,1,513.41,1,513.42,1,513.77,1,513.78,2,513.88,3,513.89,1,514.0,6
2020-10-29 09:32:45,512.935,512.48,5,512.48,4,513.39,1,513.39,512.48,512.48,4,512.47,1,512.3,2,512.28,1,512.12,4,512.11,3,511.96,1,511.95,3,511.94,3,511.93,2,513.39,1,513.4,1,513.41,1,513.42,1,513.77,1,513.78,2,513.88,3,513.89,1,514.0,6,514.01,2
2020-10-29 09:32:47,513.065,513.07,3,512.75,1,513.38,3,513.38,512.75,512.75,1,512.51,1,512.48,4,512.47,1,512.3,2,512.28,1,512.12,4,512.11,3,511.96,1,511.95,3,513.38,3,513.4,1,513.41,1,513.42,1,513.77,1,513.78,2,513.88,3,513.89,1,514.0,6,514.01,2
2020-10-29 09:32:47,512.98,512.75,1,512.76,1,513.2,2,513.2,512.76,512.76,1,512.75,2,512.51,1,512.48,4,512.47,1,512.3,2,512.28,1,512.12,4,512.11,3,511.96,1,513.2,2,513.38,3,513.4,1,513.41,1,513.42,1,513.77,1,513.78,2,513.88,3,513.89,1,514.0,6
2020-10-29 09:32:48,513.065,513.2,1,512.93,1,513.2,2,513.2,512.93,512.93,1,512.76,1,512.75,2,512.51,1,512.48,4,512.47,1,512.3,2,512.28,1,512.12,4,512.11,3,513.2,2,513.38,3,513.4,1,513.41,1,513.42,1,513.77,1,513.78,2,513.88,3,513.89,1,514.0,6
2020-10-29 09:32:49,512.855,513.18,1,512.51,1,513.2,2,513.2,512.51,512.51,1,512.48,4,512.47,1,512.3,2,512.28,1,512.12,4,512.11,3,511.96,1,511.95,3,511.94,3,513.2,2,513.38,3,513.4,1,513.41,1,513.42,1,513.77,1,513.78,2,513.88,3,513.89,1,514.0,6
2020-10-29 09:32:50,512.995,512.76,1,512.8,2,513.19,3,513.19,512.8,512.8,2,512.63,1,512.51,1,512.48,4,512.47,1,512.3,2,512.28,1,512.12,4,512.11,3,511.96,1,513.19,3,513.2,2,513.38,3,513.4,1,513.41,1,513.42,1,513.77,1,513.78,2,513.88,3,513.89,1
2020-10-29 09:32:52,512.995,512.92,14,512.8,5,513.19,3,513.19,512.8,512.8,5,512.63,1,512.51,1,512.48,4,512.47,1,512.3,2,512.28,1,512.12,4,512.11,3,511.96,1,513.19,3,513.2,2,513.38,3,513.4,1,513.41,1,513.42,1,513.77,1,513.78,2,513.88,3,513.89,1
2020-10-29 09:32:52,513.005,513.19,1,512.81,2,513.2,2,513.2,512.81,512.81,2,512.8,5,512.63,1,512.51,1,512.48,4,512.47,1,512.3,2,512.28,1,512.12,4,512.11,3,513.2,2,513.38,3,513.4,1,513.41,1,513.42,1,513.77,1,513.78,2,513.88,3,513.89,1,514.0,6
2020-10-29 09:32:54,513.005,512.82,1,512.82,2,513.19,3,513.19,512.82,512.82,2,512.81,2,512.8,5,512.63,1,512.51,1,512.48,4,512.47,1,512.3,2,512.28,1,512.12,4,513.19,3,513.2,2,513.38,3,513.4,1,513.41,1,513.42,1,513.77,1,513.78,2,513.88,3,513.89,1
2020-10-29 09:32:54,513.45,513.59,1,513.13,1,513.77,1,513.77,513.13,513.13,1,513.04,1,512.98,1,512.83,2,512.82,4,512.81,2,512.8,5,512.63,1,512.51,1,512.48,4,513.77,1,513.78,2,513.88,3,513.89,1,514.0,6,514.01,2,514.02,1,514.5,2,514.7,1,514.81,1
2020-10-29 09:32:55,513.455,513.13,1,513.13,1,513.78,2,513.78,513.13,513.13,1,513.04,1,512.98,1,512.83,2,512.82,4,512.81,2,512.8,5,512.63,1,512.51,1,512.48,4,513.78,2,513.88,3,513.89,1,514.0,6,514.01,2,514.02,1,514.5,2,514.7,1,514.81,1,514.99,1
2020-10-29 09:32:57,513.46,513.46,1,513.14,2,513.78,2,513.78,513.14,513.14,2,513.13,1,513.04,1,512.98,1,512.83,2,512.82,4,512.81,2,512.8,5,512.63,1,512.51,1,513.78,2,513.88,3,513.89,1,514.0,6,514.01,2,514.02,1,514.5,2,514.7,1,514.81,1,514.99,1
2020-10-29 09:32:57,513.71,513.77,1,513.42,1,514.0,12,514.0,513.42,513.42,1,513.41,1,513.15,3,513.14,1,513.13,1,513.04,1,512.98,1,512.83,2,512.82,4,512.81,2,514.0,12,514.01,2,514.02,1,514.5,2,514.7,1,514.81,1,514.99,1,515.0,1,515.19,2,515.27,1
2020-10-29 09:32:59,513.535,513.42,1,513.13,2,513.94,1,513.94,513.13,513.13,2,513.04,1,512.98,1,512.83,2,512.82,4,512.81,2,512.8,5,512.63,1,512.51,1,512.48,4,513.94,1,514.0,18,514.01,2,514.02,1,514.5,2,514.7,1,514.81,1,514.99,1,515.0,1,515.19,2
2020-10-29 09:33:00,513.61,513.53,1,513.28,1,513.94,2,513.94,513.28,513.28,1,513.13,1,513.04,1,512.98,1,512.83,2,512.82,4,512.81,2,512.8,5,512.63,1,512.51,1,513.94,2,514.0,18,514.01,2,514.02,1,514.5,2,514.7,1,514.81,1,514.99,1,515.0,1,515.19,2
2020-10-29 09:33:01,513.56,513.7,1,513.18,2,513.94,3,513.94,513.18,513.18,2,513.14,1,513.13,1,513.04,1,512.98,1,512.83,2,512.82,4,512.81,2,512.8,5,512.63,1,513.94,3,514.0,18,514.01,2,514.02,1,514.5,2,514.7,1,514.81,1,514.99,1,515.0,1,515.19,2
2020-10-29 09:33:02,513.565,513.57,2,513.19,1,513.94,5,513.94,513.19,513.19,1,513.18,1,513.14,1,513.13,1,513.04,1,512.98,1,512.83,2,512.82,4,512.81,2,512.8,5,513.94,5,514.0,18,514.01,2,514.02,1,514.5,2,514.7,1,514.81,1,514.99,1,515.0,1,515.19,2
2020-10-29 09:33:03,513.495,513.94,1,513.19,3,513.8,1,513.8,513.19,513.19,3,513.18,2,513.14,1,513.13,1,513.04,1,512.98,1,512.83,2,512.82,4,512.81,2,512.8,5,513.8,1,513.85,2,513.94,4,514.0,18,514.01,2,514.02,1,514.5,2,514.7,1,514.81,1,514.99,1
2020-10-29 09:33:04,513.64,513.87,1,513.32,1,513.96,5,513.96,513.32,513.32,1,513.31,1,513.19,3,513.18,2,513.14,1,513.13,1,513.04,1,512.98,1,512.83,2,512.82,4,513.96,5,513.97,2,513.98,2,514.08,1,514.48,2,514.5,2,514.7,1,514.81,1,514.99,1,515.0,1
2020-10-29 09:33:05,513.64,513.91,1,513.32,1,513.96,7,513.96,513.32,513.32,1,513.31,2,513.19,3,513.18,2,513.14,1,513.13,1,513.04,1,512.98,1,512.83,2,512.82,4,513.96,7,513.97,2,513.98,2,514.08,1,514.48,2,514.5,2,514.7,1,514.81,1,514.99,1,515.0,1
2020-10-29 09:33:06,513.64,513.32,1,513.32,1,513.96,7,513.96,513.32,513.32,1,513.31,2,513.19,3,513.18,2,513.14,1,513.13,1,513.04,1,512.98,1,512.83,2,512.82,4,513.96,7,513.97,2,513.98,2,514.08,1,514.48,2,514.5,2,514.7,1,514.81,1,514.99,1,515.0,1
2020-10-29 09:33:07,513.635,513.71,2,513.31,2,513.96,6,513.96,513.31,513.31,2,513.19,3,513.18,2,513.14,1,513.13,1,513.04,1,512.98,1,512.83,2,512.82,4,512.81,2,513.96,6,513.97,2,513.98,2,514.08,1,514.48,2,514.5,2,514.7,1,514.81,1,514.99,1,515.0,1
2020-10-29 09:33:08,513.64,513.31,1,513.32,4,513.96,6,513.96,513.32,513.32,4,513.31,1,513.19,3,513.18,2,513.14,1,513.13,1,513.04,1,512.98,1,512.83,2,512.82,4,513.96,6,513.97,2,513.98,2,514.08,1,514.48,2,514.5,2,514.7,1,514.81,1,514.99,1,515.0,1
2020-10-29 09:33:09,513.64,513.96,1,513.32,2,513.96,5,513.96,513.32,513.32,2,513.31,1,513.19,3,513.18,2,513.14,1,513.13,1,513.04,1,512.98,1,512.83,2,512.82,4,513.96,5,513.97,2,513.98,2,514.08,1,514.48,2,514.5,2,514.7,1,514.81,1,514.99,1,515.0,1
2020-10-29 09:33:10,513.085,512.81,2,512.81,4,513.36,1,513.36,512.81,512.81,4,512.8,5,512.63,1,512.51,1,512.48,4,512.47,1,512.3,2,512.28,1,512.12,4,512.11,3,513.36,1,513.43,2,513.49,2,513.54,2,513.55,3,513.56,3,513.63,2,513.64,2,513.65,2,513.66,1
2020-10-29 09:33:11,513.085,512.99,1,512.81,5,513.36,1,513.36,512.81,512.81,5,512.8,5,512.63,1,512.51,1,512.48,4,512.47,1,512.3,2,512.28,1,512.12,4,512.11,3,513.36,1,513.49,1,513.54,2,513.55,3,513.56,3,513.63,2,513.64,2,513.65,2,513.66,1,513.67,1
2020-10-29 09:33:12,513.085,512.81,1,512.81,5,513.36,1,513.36,512.81,512.81,5,512.8,5,512.63,1,512.51,1,512.48,4,512.47,1,512.3,2,512.28,1,512.12,4,512.11,3,513.36,1,513.49,1,513.54,2,513.55,3,513.56,3,513.63,2,513.64,2,513.65,2,513.66,1,513.67,1
2020-10-29 09:33:13,513.09,513.17,1,512.82,1,513.36,1,513.36,512.82,512.82,1,512.81,5,512.8,5,512.63,1,512.51,1,512.48,4,512.47,1,512.3,2,512.28,1,512.12,4,513.36,1,513.49,1,513.54,2,513.55,3,513.56,3,513.63,2,513.64,2,513.65,2,513.66,1,513.67,1
2020-10-29 09:33:14,513.66,513.36,1,513.37,1,513.95,1,513.95,513.37,513.37,1,513.36,1,513.08,1,513.02,1,513.01,1,512.81,5,512.8,5,512.63,1,512.51,1,512.48,4,513.95,1,513.96,5,513.97,2,513.98,2,514.08,1,514.48,2,514.5,2,514.7,1,514.81,1,514.99,1
2020-10-29 09:33:15,513.655,513.91,1,513.36,2,513.95,2,513.95,513.36,513.36,2,513.08,1,513.02,1,513.01,1,512.81,5,512.8,5,512.63,1,512.51,1,512.48,4,512.47,1,513.95,2,513.96,5,513.97,2,513.98,2,514.08,1,514.48,2,514.5,2,514.7,1,514.81,1,514.99,1
2020-10-29 09:33:16,513.675,513.4,5,513.4,1,513.95,3,513.95,513.4,513.4,1,513.36,2,513.08,1,513.02,1,513.01,1,512.81,5,512.8,5,512.63,1,512.51,1,512.48,4,513.95,3,513.96,5,513.97,2,513.98,2,514.08,1,514.48,2,514.5,2,514.7,1,514.81,1,514.99,1
2020-10-29 09:33:17,513.68,513.6,1,513.41,1,513.95,3,513.95,513.41,513.41,1,513.36,2,513.08,1,513.02,1,513.01,1,512.81,5,512.8,5,512.63,1,512.51,1,512.48,4,513.95,3,513.96,5,513.97,2,513.98,2,514.08,1,514.48,2,514.5,2,514.7,1,514.81,1,514.99,1
2020-10-29 09:33:18,513.76,513.91,1,513.61,3,513.91,3,513.91,513.61,513.61,3,513.51,1,513.42,1,513.39,1,513.36,2,513.08,1,513.02,1,513.01,1,512.81,5,512.8,5,513.91,3,513.95,2,513.96,5,513.97,2,513.98,2,514.08,1,514.48,2,514.5,2,514.7,1,514.81,1
2020-10-29 09:33:18,513.76,513.91,1,513.61,3,513.91,2,513.91,513.61,513.61,3,513.51,1,513.42,1,513.39,1,513.36,2,513.08,1,513.02,1,513.01,1,512.81,5,512.8,5,513.91,2,513.95,2,513.96,5,513.97,2,513.98,2,514.08,1,514.48,2,514.5,2,514.7,1,514.81,1
2020-10-29 09:33:20,513.63,513.84,1,513.36,2,513.9,5,513.9,513.36,513.36,2,513.08,1,513.02,1,513.01,1,512.81,5,512.8,5,512.63,1,512.51,1,512.48,4,512.47,1,513.9,5,513.91,4,513.95,2,513.96,5,513.97,2,513.98,2,514.08,1,514.48,2,514.5,2,514.7,1
2020-10-29 09:33:21,513.64,513.89,1,513.37,2,513.91,2,513.91,513.37,513.37,2,513.36,2,513.08,1,513.02,1,513.01,1,512.81,5,512.8,5,512.63,1,512.51,1,512.48,4,513.91,2,513.92,2,513.93,4,513.95,2,513.96,5,513.97,2,513.98,2,514.08,1,514.48,2,514.5,2
2020-10-29 09:33:22,513.945,514.15,1,513.66,5,514.23,1,514.23,513.66,513.66,5,513.65,4,513.58,2,513.49,3,513.38,1,513.37,2,513.36,2,513.08,1,513.02,1,513.01,1,514.23,1,514.27,1,514.42,1,514.48,2,514.5,2,514.7,1,514.81,1,514.99,1,515.0,1,515.19,2
2020-10-29 09:33:23,514.05,514.24,3,513.69,1,514.41,1,514.41,513.69,513.69,1,513.68,2,513.67,3,513.66,1,513.65,3,513.58,2,513.49,3,513.38,1,513.37,2,513.36,2,514.41,1,514.48,3,514.5,2,514.7,1,514.81,1,514.99,1,515.0,1,515.19,2,515.27,1,515.28,1
2020-10-29 09:33:24,514.085,514.0,1,513.69,1,514.48,3,514.48,513.69,513.69,1,513.68,2,513.67,3,513.66,1,513.65,3,513.58,2,513.49,3,513.38,1,513.37,2,513.36,2,514.48,3,514.5,2,514.7,1,514.81,1,514.99,1,515.0,1,515.19,2,515.27,1,515.28,1,515.36,1
2020-10-29 09:33:25,514.225,514.48,1,513.97,1,514.48,2,514.48,513.97,513.97,1,513.69,1,513.68,2,513.67,3,513.66,1,513.65,3,513.58,2,513.49,3,513.38,1,513.37,2,514.48,2,514.5,2,514.7,1,514.81,1,514.99,1,515.0,1,515.19,2,515.27,1,515.28,1,515.36,1
2020-10-29 09:33:26,514.55,514.38,1,514.31,6,514.79,1,514.79,514.31,514.31,6,514.3,1,514.2,1,514.12,1,513.97,2,513.69,1,513.68,2,513.67,3,513.66,1,513.65,3,514.79,1,514.84,1,514.85,3,514.99,1,515.0,1,515.19,2,515.27,1,515.28,1,515.36,1,515.37,2
2020-10-29 09:33:27,514.56,514.56,5,514.27,8,514.85,3,514.85,514.27,514.27,8,514.26,2,514.2,1,514.12,1,513.97,2,513.69,1,513.68,2,513.67,3,513.66,1,513.65,3,514.85,3,514.99,1,515.0,1,515.19,2,515.27,1,515.28,1,515.36,1,515.37,2,,,,
2020-10-29 09:33:28,514.83,514.8,1,514.67,1,514.99,6,514.99,514.67,514.67,1,514.66,3,514.55,1,514.44,2,514.43,1,514.27,9,514.26,2,514.2,1,514.12,1,513.97,2,514.99,6,515.0,1,515.19,2,515.27,1,515.28,1,515.36,1,515.37,2,,,,,,
2020-10-29 09:33:29,514.625,514.97,1,514.28,1,514.97,1,514.97,514.28,514.28,1,514.27,9,514.26,2,514.2,1,514.12,1,513.97,2,513.69,1,513.68,2,513.67,3,513.66,1,514.97,1,514.99,6,515.0,1,515.19,2,515.27,1,515.28,1,515.36,1,515.37,2,,,,
2020-10-29 09:33:30,513.825,514.0,3,513.65,4,514.0,62,514.0,513.65,513.65,4,513.58,2,513.49,3,513.38,1,513.37,2,513.36,2,513.08,1,513.02,1,513.01,1,512.81,5,514.0,62,514.61,2,514.62,8,514.8,6,514.97,2,514.99,6,515.0,1,515.19,2,515.27,1,515.28,1
2020-10-29 09:33:31,513.69,513.63,2,513.38,2,514.0,63,514.0,513.38,513.38,2,513.37,2,513.36,2,513.08,1,513.02,1,513.01,1,512.81,5,512.8,5,512.63,1,512.51,1,514.0,63,514.61,2,514.62,8,514.8,6,514.97,2,514.99,6,515.0,1,515.19,2,515.27,1,515.28,1
2020-10-29 09:33:32,513.755,513.76,1,513.51,1,514.0,63,514.0,513.51,513.51,1,513.38,3,513.37,2,513.36,2,513.08,1,513.02,1,513.01,1,512.81,5,512.8,5,512.63,1,514.0,63,514.61,2,514.62,8,514.8,6,514.97,2,514.99,6,515.0,1,515.19,2,515.27,1,515.28,1
2020-10-29 09:33:33,514.51,514.4,1,514.25,2,514.77,2,514.77,514.25,514.25,2,513.82,1,513.6,1,513.51,1,513.38,3,513.37,2,513.36,2,513.08,1,513.02,1,513.01,1,514.77,2,514.8,6,514.97,2,514.99,6,515.0,1,515.19,2,515.27,1,515.28,1,515.36,1,515.37,2
2020-10-29 09:33:34,514.51,514.43,6,514.26,2,514.76,1,514.76,514.26,514.26,2,514.25,2,513.82,1,513.6,1,513.51,1,513.38,3,513.37,2,513.36,2,513.08,1,513.02,1,514.76,1,514.77,2,514.8,6,514.97,2,514.99,6,515.0,1,515.19,2,515.27,1,515.28,1,515.36,1
2020-10-29 09:33:35,514.18,514.25,1,513.8,1,514.56,5,514.56,513.8,513.8,1,513.6,1,513.51,1,513.38,3,513.37,2,513.36,2,513.08,1,513.02,1,513.01,1,512.81,5,514.56,5,514.57,3,514.58,3,514.59,2,514.6,5,514.76,1,514.77,2,514.8,6,514.97,2,514.99,6
2020-10-29 09:33:36,513.755,514.05,10,513.39,2,514.12,2,514.12,513.39,513.39,2,513.38,2,513.37,2,513.36,2,513.08,1,513.02,1,513.01,1,512.81,5,512.8,5,512.63,1,514.12,2,514.13,2,514.25,5,514.26,2,514.56,5,514.57,3,514.58,3,514.59,2,514.6,5,514.76,1
2020-10-29 09:33:37,513.78,513.99,1,513.44,1,514.12,2,514.12,513.44,513.44,1,513.42,1,513.39,2,513.38,2,513.37,2,513.36,2,513.08,1,513.02,1,513.01,1,512.81,5,514.12,2,514.13,2,514.25,5,514.26,2,514.56,5,514.57,3,514.58,3,514.59,2,514.6,5,514.76,1
2020-10-29 09:33:38,513.78,513.78,2,513.44,1,514.12,1,514.12,513.44,513.44,1,513.42,1,513.39,2,513.38,2,513.37,2,513.36,2,513.08,1,513.02,1,513.01,1,512.81,5,514.12,1,514.18,2,514.2,2,514.22,2,514.23,1,514.24,1,514.25,7,514.26,2,514.56,5,514.57,3
2020-10-29 09:33:39,513.735,513.82,1,513.44,1,514.03,1,514.03,513.44,513.44,1,513.42,1,513.39,2,513.38,2,513.37,2,513.36,2,513.08,1,513.02,1,513.01,1,512.81,5,514.03,1,514.04,2,514.06,2,514.07,2,514.08,1,514.1,1,514.18,2,514.2,2,514.22,2,514.23,1
2020-10-29 09:33:40,513.705,513.36,1,513.4,2,514.01,3,514.01,513.4,513.4,2,513.36,2,513.35,1,513.08,1,513.02,1,513.01,1,512.81,5,512.8,5,512.63,1,512.51,1,514.01,3,514.02,5,514.08,1,514.1,1,514.18,2,514.2,2,514.22,2,514.23,1,514.24,1,514.25,7
2020-10-29 09:33:41,513.665,513.4,1,513.4,1,513.93,1,513.93,513.4,513.4,1,513.36,2,513.35,1,513.08,1,513.02,1,513.01,1,512.81,5,512.8,5,512.63,1,512.51,1,513.93,1,513.94,1,514.0,2,514.01,3,514.02,5,514.08,1,514.1,1,514.18,2,514.2,2,514.22,2
2020-10-29 09:33:42,513.665,513.88,1,513.4,1,513.93,1,513.93,513.4,513.4,1,513.36,2,513.35,1,513.08,1,513.02,1,513.01,1,512.81,5,512.8,5,512.63,1,512.51,1,513.93,1,513.94,1,514.0,2,514.01,3,514.02,5,514.08,1,514.1,1,514.18,2,514.2,2,514.22,2
2020-10-29 09:33:43,513.665,513.66,1,513.4,2,513.93,1,513.93,513.4,513.4,2,513.36,2,513.35,1,513.08,1,513.02,1,513.01,1,512.81,5,512.8,5,512.63,1,512.51,1,513.93,1,513.94,1,514.0,2,514.01,3,514.02,5,514.08,1,514.1,1,514.18,2,514.2,2,514.22,2
2020-10-29 09:33:44,513.665,513.93,3,513.4,2,513.93,1,513.93,513.4,513.4,2,513.36,2,513.35,1,513.08,1,513.02,1,513.01,1,512.81,5,512.8,5,512.63,1,512.51,1,513.93,1,513.94,1,514.0,2,514.01,3,514.02,5,514.08,1,514.1,1,514.18,2,514.2,2,514.22,2
2020-10-29 09:33:45,513.98,513.93,1,513.71,4,514.25,3,514.25,513.71,513.71,4,513.7,9,513.62,1,513.47,1,513.46,1,513.45,1,513.4,3,513.36,2,513.35,1,513.08,1,514.25,3,514.39,1,514.56,5,514.57,3,514.58,3,514.59,2,514.6,5,514.76,1,514.77,2,514.8,6
2020-10-29 09:33:46,514.02,513.73,3,513.73,2,514.31,2,514.31,513.73,513.73,2,513.72,2,513.71,4,513.7,9,513.62,1,513.47,1,513.46,1,513.45,1,513.4,3,513.36,2,514.31,2,514.39,1,514.56,5,514.57,3,514.58,3,514.59,2,514.6,5,514.76,1,514.77,2,514.8,6
2020-10-29 09:33:48,514.15,514.45,1,513.74,2,514.45,0,514.56,513.74,513.74,2,513.73,1,513.72,2,513.71,4,513.7,9,513.62,1,513.47,1,513.46,1,513.45,1,513.4,3,514.56,5,514.57,3,514.58,3,514.59,2,514.6,5,514.76,1,514.77,2,514.8,6,514.97,2,514.99,6
2020-10-29 09:33:48,514.575,514.45,1,514.18,4,514.97,1,514.97,514.18,514.18,4,514.17,3,514.16,2,514.07,1,514.06,1,513.85,1,513.74,3,513.73,1,513.72,2,513.71,4,514.97,1,514.99,6,515.0,1,515.19,2,515.27,1,515.28,1,515.36,1,515.37,2,,,,
2020-10-29 09:33:49,514.605,514.53,1,514.34,2,514.87,5,514.87,514.34,514.34,2,514.33,2,514.19,3,514.18,4,514.17,3,514.16,2,514.07,1,514.06,1,513.85,1,513.74,3,514.87,5,514.88,4,514.89,5,514.91,2,514.93,1,514.99,6,515.0,1,515.19,2,515.27,1,515.28,1
2020-10-29 09:33:50,514.525,514.7,1,514.35,2,514.7,1,514.7,514.35,514.35,2,514.34,3,514.33,2,514.19,3,514.18,4,514.17,3,514.16,2,514.07,1,514.06,1,513.85,1,514.7,1,514.84,5,514.85,5,514.86,8,514.87,4,514.88,4,514.89,5,514.91,2,514.93,1,514.99,6
2020-10-29 09:33:51,514.525,514.53,1,514.35,1,514.7,2,514.7,514.35,514.35,1,514.34,3,514.33,2,514.19,3,514.18,4,514.17,3,514.16,2,514.07,1,514.06,1,513.85,1,514.7,2,514.84,5,514.85,5,514.86,8,514.87,4,514.88,4,514.89,5,514.91,2,514.93,1,514.99,6
2020-10-29 09:33:52,514.525,514.7,1,514.35,1,514.7,1,514.7,514.35,514.35,1,514.34,3,514.33,2,514.19,3,514.18,4,514.17,3,514.16,2,514.07,1,514.06,1,513.85,1,514.7,1,514.84,5,514.85,5,514.86,8,514.87,4,514.88,4,514.89,5,514.91,2,514.93,1,514.99,6
2020-10-29 09:33:53,514.035,514.01,1,513.74,3,514.33,3,514.33,513.74,513.74,3,513.73,1,513.72,2,513.71,4,513.7,9,513.62,1,513.47,1,513.46,1,513.45,1,513.4,3,514.33,3,514.34,3,514.35,1,514.62,2,514.7,3,514.84,5,514.85,5,514.86,8,514.87,4,514.88,4
2020-10-29 09:33:54,514.055,514.15,5,513.77,1,514.34,1,514.34,513.77,513.77,1,513.74,3,513.73,1,513.72,2,513.71,4,513.7,9,513.62,1,513.47,1,513.46,1,513.45,1,514.34,1,514.35,1,514.62,2,514.7,3,514.84,5,514.85,5,514.86,8,514.87,4,514.88,4,514.89,5
2020-10-29 09:33:55,514.05,514.22,1,513.77,1,514.33,2,514.33,513.77,513.77,1,513.74,2,513.73,1,513.72,2,513.71,4,513.7,9,513.62,1,513.47,1,513.46,1,513.45,1,514.33,2,514.34,5,514.35,1,514.62,2,514.7,3,514.84,5,514.85,5,514.86,8,514.87,4,514.88,4
2020-10-29 09:33:56,514.05,514.33,1,513.77,1,514.33,3,514.33,513.77,513.77,1,513.74,2,513.73,1,513.72,2,513.71,4,513.7,9,513.62,1,513.47,1,513.46,1,513.45,1,514.33,3,514.34,5,514.35,1,514.62,2,514.7,3,514.84,5,514.85,5,514.86,8,514.87,4,514.88,4
2020-10-29 09:33:57,513.93,514.12,1,513.62,1,514.24,6,514.24,513.62,513.62,1,513.47,1,513.46,1,513.45,1,513.4,3,513.36,2,513.35,1,513.08,1,513.02,1,513.01,1,514.24,6,514.25,8,514.26,2,514.33,2,514.34,5,514.35,1,514.62,2,514.7,3,514.84,5,514.85,5
2020-10-29 09:33:58,513.93,514.24,1,513.62,1,514.24,5,514.24,513.62,513.62,1,513.47,1,513.46,1,513.45,1,513.4,3,513.36,2,513.35,1,513.08,1,513.02,1,513.01,1,514.24,5,514.25,8,514.26,2,514.33,2,514.34,5,514.35,1,514.62,2,514.7,3,514.84,5,514.85,5
2020-10-29 09:33:59,513.93,513.62,1,513.62,1,514.24,5,514.24,513.62,513.62,1,513.47,1,513.46,1,513.45,1,513.4,3,513.36,2,513.35,1,513.08,1,513.02,1,513.01,1,514.24,5,514.25,8,514.26,2,514.33,2,514.34,5,514.35,1,514.62,2,514.7,3,514.84,5,514.85,5
2020-10-29 09:34:00,513.92,514.22,1,513.62,1,514.22,3,514.22,513.62,513.62,1,513.47,1,513.46,1,513.45,1,513.4,3,513.36,2,513.35,1,513.08,1,513.02,1,513.01,1,514.22,3,514.26,3,514.33,2,514.34,5,514.35,1,514.62,2,514.7,3,514.84,5,514.85,5,514.86,8
2020-10-29 09:34:01,513.365,513.36,1,513.01,2,513.72,5,513.72,513.01,513.01,2,512.81,5,512.8,5,512.63,1,512.51,1,512.48,4,512.47,1,512.3,2,512.28,1,512.12,4,513.72,5,513.73,2,513.74,3,513.75,4,513.82,2,513.91,3,514.08,2,514.09,3,514.1,5,514.11,2
2020-10-29 09:34:02,513.32,513.63,1,513.01,9,513.63,2,513.63,513.01,513.01,9,512.81,5,512.8,5,512.63,1,512.51,1,512.48,4,512.47,1,512.3,2,512.28,1,512.12,4,513.63,2,513.64,2,513.65,2,513.73,5,513.74,3,513.75,4,513.82,2,513.91,3,514.08,2,514.09,3
2020-10-29 09:34:03,513.39,513.17,1,513.17,1,513.61,1,513.61,513.17,513.17,1,513.16,2,513.03,2,513.01,9,512.81,5,512.8,5,512.63,1,512.51,1,512.48,4,512.47,1,513.61,1,513.64,4,513.65,2,513.73,5,513.74,3,513.75,4,513.82,2,513.91,3,514.08,2,514.09,3
2020-10-29 09:34:05,513.395,513.48,1,513.16,2,513.63,4,513.63,513.16,513.16,2,513.03,2,513.01,9,512.81,5,512.8,5,512.63,1,512.51,1,512.48,4,512.47,1,512.3,2,513.63,2,513.64,6,513.65,2,513.73,5,513.74,3,513.75,4,513.82,2,513.91,3,514.08,2,514.09,3
2020-10-29 09:34:05,513.395,513.16,1,513.16,1,513.63,2,513.63,513.16,513.16,1,513.03,2,513.01,9,512.81,5,512.8,5,512.63,1,512.51,1,512.48,4,512.47,1,512.3,2,513.63,2,513.64,6,513.65,2,513.73,5,513.74,3,513.75,4,513.82,2,513.91,3,514.08,2,514.09,3
2020-10-29 09:34:06,513.785,513.63,1,513.52,1,514.05,5,514.05,513.52,513.52,1,513.33,1,513.16,2,513.03,2,513.01,9,512.81,5,512.8,5,512.63,1,512.51,1,512.48,4,514.05,5,514.06,7,514.07,4,514.1,3,514.11,2,514.12,2,514.13,1,514.14,1,514.22,4,514.26,3
2020-10-29 09:34:07,514.095,513.83,1,513.83,0,514.5,3,514.5,513.69,513.69,5,513.68,5,513.67,4,513.52,1,513.33,1,513.16,2,513.03,2,513.01,9,512.81,5,512.8,5,514.5,3,514.62,1,514.7,3,514.84,5,514.85,5,514.86,8,514.87,4,514.88,4,514.89,5,514.91,2
2020-10-29 09:34:08,514.175,514.5,1,513.85,1,514.5,2,514.5,513.85,513.85,1,513.83,1,513.69,5,513.68,5,513.67,4,513.52,1,513.33,1,513.16,2,513.03,2,513.01,9,514.5,2,514.62,1,514.7,3,514.84,5,514.85,5,514.86,8,514.87,4,514.88,4,514.89,5,514.91,2
2020-10-29 09:34:09,514.115,513.83,1,513.83,1,514.4,2,514.4,513.83,513.83,1,513.69,5,513.68,5,513.67,4,513.52,1,513.33,1,513.16,2,513.03,2,513.01,9,512.81,5,514.4,2,514.5,4,514.62,1,514.7,3,514.84,5,514.85,5,514.86,8,514.87,4,514.88,4,514.89,5
2020-10-29 09:34:10,514.01,513.83,1,513.62,3,514.4,2,514.4,513.62,513.62,3,513.33,1,513.16,2,513.03,2,513.01,9,512.81,5,512.8,5,512.63,1,512.51,1,512.48,4,514.4,2,514.5,4,514.62,1,514.7,3,514.84,5,514.85,5,514.86,8,514.87,4,514.88,4,514.89,5
2020-10-29 09:34:11,514.0,513.33,1,513.61,1,514.39,2,514.39,513.61,513.61,1,513.16,2,513.03,2,513.01,9,512.81,5,512.8,5,512.63,1,512.51,1,512.48,4,512.47,1,514.39,2,514.4,2,514.5,4,514.62,1,514.7,3,514.84,5,514.85,5,514.86,8,514.87,4,514.88,4
2020-10-29 09:34:12,513.98,514.35,1,513.61,1,514.35,1,514.35,513.61,513.61,1,513.16,2,513.03,2,513.01,9,512.81,5,512.8,5,512.63,1,512.51,1,512.48,4,512.47,1,514.35,1,514.39,2,514.4,2,514.5,4,514.62,1,514.7,3,514.84,5,514.85,5,514.86,8,514.87,4
2020-10-29 09:34:13,514.105,513.61,1,513.86,1,514.35,1,514.35,513.86,513.86,1,513.85,5,513.61,2,513.16,2,513.03,2,513.01,9,512.81,5,512.8,5,512.63,1,512.51,1,514.35,1,514.39,2,514.4,2,514.5,4,514.62,1,514.7,3,514.84,5,514.85,5,514.86,8,514.87,4
2020-10-29 09:34:14,514.12,514.13,1,513.89,2,514.35,1,514.35,513.89,513.89,2,513.88,2,513.87,2,513.86,1,513.85,5,513.61,2,513.16,2,513.03,2,513.01,9,512.81,5,514.35,1,514.39,2,514.4,2,514.5,4,514.62,1,514.7,3,514.84,5,514.85,5,514.86,8,514.87,4
2020-10-29 09:34:15,514.095,513.89,1,513.89,1,514.3,1,514.3,513.89,513.89,1,513.88,2,513.87,2,513.86,1,513.85,5,513.61,2,513.16,2,513.03,2,513.01,9,512.81,5,514.3,1,514.35,1,514.39,2,514.4,2,514.5,4,514.62,1,514.7,3,514.84,5,514.85,5,514.86,8
2020-10-29 09:34:16,514.125,514.35,1,513.9,2,514.35,1,514.35,513.9,513.9,2,513.89,1,513.88,2,513.87,2,513.86,1,513.85,5,513.61,2,513.16,2,513.03,2,513.01,9,514.35,1,514.39,2,514.4,2,514.5,4,514.62,1,514.7,3,514.84,5,514.85,5,514.86,8,514.87,4
2020-10-29 09:34:17,514.32,514.35,1,514.14,1,514.5,3,514.5,514.14,514.14,1,514.13,5,514.02,1,513.99,1,513.91,1,513.9,2,513.89,1,513.88,2,513.87,2,513.86,1,514.5,3,514.7,1,514.84,5,514.85,5,514.86,8,514.87,4,514.88,4,514.89,5,514.91,2,514.93,1
2020-10-29 09:34:18,514.14,514.2,1,513.86,1,514.42,1,514.42,513.86,513.86,1,513.85,4,513.61,2,513.16,2,513.03,2,513.01,9,512.81,5,512.8,5,512.63,1,512.51,1,514.42,1,514.45,1,514.47,1,514.49,1,514.5,3,514.7,1,514.84,5,514.85,5,514.86,8,514.87,4
2020-10-29 09:34:19,514.085,513.84,1,513.84,3,514.33,1,514.33,513.84,513.84,3,513.61,2,513.16,2,513.03,2,513.01,9,512.81,5,512.8,5,512.63,1,512.51,1,512.48,4,514.33,1,514.34,2,514.42,4,514.45,1,514.47,1,514.49,1,514.5,3,514.7,1,514.84,5,514.85,5
2020-10-29 09:34:20,513.715,514.1,1,513.33,1,514.1,3,514.1,513.33,513.33,1,513.26,3,513.16,1,513.03,2,513.01,9,512.81,5,512.8,5,512.63,1,512.51,1,512.48,4,514.1,3,514.11,3,514.27,2,514.28,4,514.34,3,514.42,4,514.45,1,514.47,1,514.49,1,514.5,3
2020-10-29 09:34:21,513.725,513.34,1,513.34,2,514.11,4,514.11,513.34,513.34,2,513.33,4,513.26,3,513.16,1,513.03,2,513.01,9,512.81,5,512.8,5,512.63,1,512.51,1,514.11,4,514.27,2,514.28,4,514.34,3,514.42,4,514.45,1,514.47,1,514.49,1,514.5,3,514.7,1
2020-10-29 09:34:22,513.74,514.1,1,513.38,3,514.1,3,514.1,513.38,513.38,3,513.37,5,513.36,6,513.35,3,513.34,6,513.33,3,513.26,3,513.16,1,513.03,2,513.01,9,514.1,3,514.11,4,514.27,2,514.28,4,514.34,3,514.42,4,514.45,1,514.47,1,514.49,1,514.5,3
2020-10-29 09:34:23,513.735,513.37,1,513.36,6,514.11,4,514.11,513.36,513.36,6,513.35,3,513.34,6,513.33,3,513.26,3,513.16,1,513.03,2,513.01,9,512.81,5,512.8,5,514.11,4,514.27,2,514.28,4,514.34,3,514.42,4,514.45,1,514.47,1,514.49,1,514.5,3,514.7,1
2020-10-29 09:34:24,514.11,514.47,1,513.75,1,514.47,1,514.47,513.75,513.75,1,513.74,7,513.36,6,513.35,3,513.34,6,513.33,3,513.26,3,513.16,1,513.03,2,513.01,9,514.47,1,514.5,3,514.7,1,514.84,5,514.85,5,514.86,8,514.87,4,514.88,4,514.89,5,514.91,2
2020-10-29 09:34:25,513.94,513.6,1,513.59,3,514.29,1,514.29,513.59,513.59,3,513.36,6,513.35,3,513.34,6,513.33,3,513.26,3,513.16,1,513.03,2,513.01,9,512.81,5,514.29,1,514.33,1,514.36,1,514.47,1,514.5,3,514.7,1,514.84,5,514.85,5,514.86,8,514.87,4
2020-10-29 09:34:26,514.185,514.33,1,514.01,1,514.33,0,514.36,514.01,514.01,1,513.76,1,513.59,3,513.36,6,513.35,3,513.34,6,513.33,3,513.26,3,513.16,1,513.03,2,514.36,1,514.47,1,514.5,3,514.7,1,514.84,5,514.85,5,514.86,8,514.87,4,514.88,4,514.89,5
2020-10-29 09:34:27,514.265,514.46,1,514.03,1,514.5,3,514.5,514.03,514.03,1,514.02,1,514.01,1,513.76,1,513.59,3,513.36,6,513.35,3,513.34,6,513.33,3,513.26,3,514.5,3,514.7,1,514.84,5,514.85,5,514.86,8,514.87,4,514.88,4,514.89,5,514.91,2,514.93,1
2020-10-29 09:34:28,514.26,514.49,1,514.02,2,514.5,3,514.5,514.02,514.02,2,514.01,1,513.76,1,513.59,3,513.36,6,513.35,3,513.34,6,513.33,3,513.26,3,513.16,1,514.5,3,514.58,1,514.7,1,514.84,5,514.85,5,514.86,8,514.87,4,514.88,4,514.89,5,514.91,2
2020-10-29 09:34:29,514.26,514.02,1,514.02,1,514.5,3,514.5,514.02,514.02,1,514.01,1,513.76,1,513.59,3,513.36,6,513.35,3,513.34,6,513.33,3,513.26,3,513.16,1,514.5,3,514.58,1,514.7,1,514.84,5,514.85,5,514.86,8,514.87,4,514.88,4,514.89,5,514.91,2
2020-10-29 09:34:30,514.26,514.5,1,514.02,1,514.5,3,514.5,514.02,514.02,1,514.01,1,513.76,1,513.59,3,513.36,6,513.35,3,513.34,6,513.33,3,513.26,3,513.16,1,514.5,3,514.58,1,514.7,1,514.84,5,514.85,5,514.86,8,514.87,4,514.88,4,514.89,5,514.91,2
2020-10-29 09:34:31,514.265,514.02,1,514.03,1,514.5,3,514.5,514.03,514.03,1,514.01,1,513.76,1,513.59,3,513.36,6,513.35,3,513.34,6,513.33,3,513.26,3,513.16,1,514.5,3,514.58,1,514.7,1,514.84,5,514.85,5,514.86,8,514.87,4,514.88,4,514.89,5,514.91,2
2020-10-29 09:34:32,514.48,514.62,1,514.17,1,514.79,2,514.79,514.17,514.17,1,514.15,1,514.03,1,514.01,1,513.76,1,513.59,3,513.36,6,513.35,3,513.34,6,513.33,3,514.79,2,514.84,5,514.85,5,514.86,8,514.87,4,514.88,4,514.89,5,514.91,2,514.93,1,514.99,6
2020-10-29 09:34:33,514.385,514.17,1,514.17,1,514.6,1,514.6,514.17,514.17,1,514.15,1,514.03,1,514.01,1,513.76,1,513.59,3,513.36,6,513.35,3,513.34,6,513.33,3,514.6,1,514.61,1,514.67,2,514.79,2,514.84,5,514.85,5,514.86,8,514.87,4,514.88,4,514.89,5
2020-10-29 09:34:34,514.37,514.61,1,514.18,6,514.56,1,514.56,514.18,514.18,6,514.17,3,514.15,1,514.03,1,514.01,1,513.76,1,513.59,3,513.36,6,513.35,3,513.34,6,514.56,1,514.61,1,514.67,2,514.79,2,514.84,5,514.85,5,514.86,8,514.87,4,514.88,4,514.89,5
2020-10-29 09:34:35,514.36,514.17,1,514.18,1,514.54,1,514.54,514.18,514.18,1,514.17,2,514.15,1,514.03,1,514.01,1,513.76,1,513.59,3,513.36,6,513.35,3,513.34,6,514.54,1,514.67,2,514.79,2,514.84,5,514.85,5,514.86,8,514.87,4,514.88,4,514.89,5,514.91,2
2020-10-29 09:34:37,514.355,514.54,1,514.17,3,514.54,1,514.54,514.17,514.17,3,514.15,1,514.03,1,514.01,1,513.76,1,513.59,3,513.36,6,513.35,3,513.34,6,513.33,3,514.54,1,514.67,2,514.79,2,514.84,5,514.85,5,514.86,8,514.87,4,514.88,4,514.89,5,514.91,2
2020-10-29 09:34:37,513.915,513.59,1,513.59,2,514.24,1,514.24,513.59,513.59,2,513.36,6,513.35,3,513.34,6,513.33,3,513.26,3,513.16,1,513.03,2,513.01,9,512.81,5,514.24,1,514.43,3,514.54,1,514.67,2,514.79,2,514.84,5,514.85,5,514.86,8,514.87,4,514.88,4
2020-10-29 09:34:38,514.165,514.16,1,513.9,7,514.43,1,514.43,513.9,513.9,7,513.59,2,513.36,6,513.35,3,513.34,6,513.33,3,513.26,3,513.16,1,513.03,2,513.01,9,514.43,1,514.54,1,514.67,2,514.79,2,514.84,5,514.85,5,514.86,8,514.87,4,514.88,4,514.89,5
2020-10-29 09:34:39,514.105,513.9,1,513.9,6,514.31,1,514.31,513.9,513.9,6,513.59,2,513.36,6,513.35,3,513.34,6,513.33,3,513.26,3,513.16,1,513.03,2,513.01,9,514.31,1,514.32,1,514.42,1,514.43,1,514.54,1,514.67,2,514.79,2,514.84,5,514.85,5,514.86,8
2020-10-29 09:34:40,513.55,514.01,1,513.16,2,513.94,1,513.94,513.16,513.16,2,513.03,2,513.01,9,512.81,5,512.8,5,512.63,1,512.51,1,512.48,4,512.47,1,512.3,2,513.94,1,513.95,1,513.97,1,514.03,3,514.07,1,514.08,2,514.09,4,514.1,3,514.31,1,514.32,1
2020-10-29 09:34:42,513.595,513.31,1,513.31,2,513.88,2,513.88,513.31,513.31,2,513.16,2,513.03,2,513.01,9,512.81,5,512.8,5,512.63,1,512.51,1,512.48,4,512.47,1,513.88,2,513.95,2,513.97,1,514.03,3,514.07,1,514.08,2,514.09,4,514.1,3,514.31,1,514.32,1
2020-10-29 09:34:42,513.6,513.88,1,513.32,2,513.88,1,513.88,513.32,513.32,2,513.31,3,513.16,2,513.03,2,513.01,9,512.81,5,512.8,5,512.63,1,512.51,1,512.48,4,513.88,1,513.95,2,513.97,1,514.03,3,514.07,1,514.08,2,514.09,4,514.1,3,514.31,1,514.32,1
2020-10-29 09:34:43,513.89,513.47,1,513.47,4,514.31,1,514.31,513.47,513.47,4,513.33,1,513.32,2,513.31,3,513.16,2,513.03,2,513.01,9,512.81,5,512.8,5,512.63,1,514.31,1,514.32,1,514.42,1,514.43,1,514.54,1,514.67,2,514.79,2,514.84,5,514.85,5,514.86,8
2020-10-29 09:34:44,513.915,513.51,1,513.52,1,514.31,3,514.31,513.52,513.52,1,513.51,2,513.47,4,513.33,1,513.32,2,513.31,3,513.16,2,513.03,2,513.01,9,512.81,5,514.31,3,514.32,1,514.42,1,514.43,1,514.54,1,514.67,2,514.79,2,514.84,5,514.85,5,514.86,8
2020-10-29 09:34:45,513.9,513.51,1,513.51,2,514.29,2,514.29,513.51,513.51,2,513.47,4,513.33,1,513.32,2,513.31,3,513.16,2,513.03,2,513.01,9,512.81,5,512.8,5,514.29,2,514.3,1,514.31,3,514.32,1,514.42,1,514.43,1,514.54,1,514.67,2,514.79,2,514.84,5
2020-10-29 09:34:46,513.5,513.81,1,513.19,2,513.81,1,513.81,513.19,513.19,2,513.16,2,513.03,2,513.01,9,512.81,5,512.8,5,512.63,1,512.51,1,512.48,4,512.47,1,513.81,1,513.9,1,513.92,1,514.08,2,514.29,2,514.3,1,514.31,3,514.32,1,514.42,1,514.43,1
2020-10-29 09:34:48,513.5,513.31,1,513.31,0,513.81,1,513.81,513.19,513.19,2,513.16,2,513.03,2,513.01,9,512.81,5,512.8,5,512.63,1,512.51,1,512.48,4,512.47,1,513.81,1,513.9,1,513.92,1,514.08,2,514.29,2,514.3,1,514.31,3,514.32,1,514.42,1,514.43,1
2020-10-29 09:34:49,513.565,513.66,1,513.32,3,513.81,1,513.81,513.32,513.32,3,513.19,2,513.16,2,513.03,2,513.01,9,512.81,5,512.8,5,512.63,1,512.51,1,512.48,4,513.81,1,513.9,1,513.92,1,514.08,2,514.29,2,514.3,1,514.31,3,514.32,1,514.42,1,514.43,1
2020-10-29 09:34:50,513.565,513.32,1,513.32,2,513.81,1,513.81,513.32,513.32,2,513.19,2,513.16,2,513.03,2,513.01,9,512.81,5,512.8,5,512.63,1,512.51,1,512.48,4,513.81,1,513.9,1,513.92,1,514.08,2,514.29,2,514.3,1,514.31,3,514.32,1,514.42,1,514.43,1
2020-10-29 09:34:51,513.61,513.81,1,513.32,2,513.81,0,513.9,513.32,513.32,2,513.19,2,513.16,2,513.03,2,513.01,9,512.81,5,512.8,5,512.63,1,512.51,1,512.48,4,513.9,1,513.92,1,514.08,2,514.29,2,514.3,1,514.31,3,514.32,1,514.42,1,514.43,1,514.54,1
2020-10-29 09:34:52,513.395,513.14,1,513.14,1,513.65,1,513.65,513.14,513.14,1,513.03,2,513.01,9,512.81,5,512.8,5,512.63,1,512.51,1,512.48,4,512.47,1,512.3,2,513.65,1,513.77,1,513.78,1,513.81,1,513.9,1,513.92,1,514.08,2,514.29,2,514.3,1,514.31,3
2020-10-29 09:34:53,513.465,513.76,1,513.16,2,513.77,1,513.77,513.16,513.16,2,513.14,2,513.03,2,513.01,9,512.81,5,512.8,5,512.63,1,512.51,1,512.48,4,512.47,1,513.77,1,513.78,1,513.81,1,513.9,1,513.92,1,514.08,2,514.29,2,514.3,1,514.31,3,514.32,1
2020-10-29 09:34:54,513.57,513.22,1,513.22,1,513.92,1,513.92,513.22,513.22,1,513.19,2,513.16,2,513.14,2,513.03,2,513.01,9,512.81,5,512.8,5,512.63,1,512.51,1,513.92,1,514.08,2,514.29,2,514.3,1,514.31,3,514.32,1,514.42,1,514.43,1,514.54,1,514.67,2
2020-10-29 09:34:55,513.57,513.92,1,513.22,2,513.92,1,513.92,513.22,513.22,2,513.19,2,513.16,2,513.14,2,513.03,2,513.01,9,512.81,5,512.8,5,512.63,1,512.51,1,513.92,1,514.08,2,514.29,2,514.3,1,514.31,3,514.32,1,514.42,1,514.43,1,514.54,1,514.67,2
2020-10-29 09:34:55,513.57,513.22,1,513.22,1,513.92,2,513.92,513.22,513.22,1,513.19,2,513.16,2,513.14,2,513.03,2,513.01,9,512.81,5,512.8,5,512.63,1,512.51,1,513.92,2,514.08,2,514.29,2,514.3,1,514.31,3,514.32,1,514.42,1,514.43,1,514.54,1,514.67,2
2020-10-29 09:34:57,513.83,513.92,1,513.58,1,513.92,0,514.08,513.58,513.58,1,513.37,2,513.22,2,513.19,2,513.16,2,513.14,2,513.03,2,513.01,9,512.81,5,512.8,5,514.08,2,514.29,2,514.3,1,514.31,3,514.32,1,514.42,1,514.43,1,514.54,1,514.67,2,514.79,2
2020-10-29 09:34:58,513.645,513.58,1,513.58,0,513.92,1,513.92,513.37,513.37,2,513.22,2,513.19,2,513.16,2,513.14,2,513.03,2,513.01,9,512.81,5,512.8,5,512.63,1,513.92,1,514.08,2,514.29,2,514.3,1,514.31,3,514.32,1,514.42,1,514.43,1,514.54,1,514.67,2
2020-10-29 09:34:59,513.725,513.92,1,513.37,2,513.92,0,514.08,513.37,513.37,2,513.22,2,513.19,2,513.16,2,513.14,2,513.03,2,513.01,9,512.81,5,512.8,5,512.63,1,514.08,2,514.29,2,514.3,1,514.31,3,514.32,1,514.42,1,514.43,1,514.54,1,514.67,2,514.79,2
2020-10-29 09:35:00,513.55,513.37,1,513.22,1,513.88,1,513.88,513.22,513.22,1,513.19,2,513.16,2,513.14,2,513.03,2,513.01,9,512.81,5,512.8,5,512.63,1,512.51,1,513.88,1,513.92,1,514.08,2,514.29,2,514.3,1,514.31,3,514.32,1,514.42,1,514.43,1,514.54,1
2020-10-29 09:35:01,513.785,514.05,1,513.52,2,514.05,1,514.05,513.52,513.52,2,513.37,2,513.22,2,513.19,2,513.16,2,513.14,2,513.03,2,513.01,9,512.81,5,512.8,5,514.05,1,514.29,5,514.3,1,514.31,3,514.32,1,514.42,1,514.43,1,514.54,1,514.67,2,514.79,2
2020-10-29 09:35:02,513.785,513.52,1,513.52,1,514.05,1,514.05,513.52,513.52,1,513.37,2,513.22,2,513.19,2,513.16,2,513.14,2,513.03,2,513.01,9,512.81,5,512.8,5,514.05,1,514.29,5,514.3,1,514.31,3,514.32,1,514.42,1,514.43,1,514.54,1,514.67,2,514.79,2
2020-10-29 09:35:03,513.785,513.52,1,513.52,3,514.05,1,514.05,513.52,513.52,3,513.37,2,513.22,2,513.19,2,513.16,2,513.14,2,513.03,2,513.01,9,512.81,5,512.8,5,514.05,1,514.26,1,514.29,5,514.3,1,514.31,3,514.32,1,514.42,1,514.43,1,514.54,1,514.67,2
2020-10-29 09:35:04,514.035,513.6,1,513.81,6,514.26,1,514.26,513.81,513.81,6,513.61,1,513.6,1,513.52,3,513.37,2,513.22,2,513.19,2,513.16,2,513.14,2,513.03,2,514.26,1,514.29,5,514.3,1,514.31,3,514.32,1,514.42,1,514.43,1,514.54,1,514.67,2,514.79,2
2020-10-29 09:35:05,514.13,514.2,1,513.97,1,514.29,4,514.29,513.97,513.97,1,513.81,6,513.61,1,513.6,1,513.52,3,513.37,2,513.22,2,513.19,2,513.16,2,513.14,2,514.29,4,514.3,1,514.31,3,514.32,1,514.42,1,514.43,1,514.54,1,514.67,2,514.79,2,514.84,5
2020-10-29 09:35:06,514.025,514.2,1,513.76,2,514.29,3,514.29,513.76,513.76,2,513.61,1,513.6,1,513.52,3,513.37,2,513.22,2,513.19,2,513.16,2,513.14,2,513.03,2,514.29,3,514.3,1,514.31,3,514.32,1,514.42,1,514.43,1,514.54,1,514.67,2,514.79,2,514.84,5
2020-10-29 09:35:07,514.25,514.29,1,514.01,1,514.49,3,514.49,514.01,514.01,1,513.89,1,513.85,1,513.76,3,513.61,1,513.6,1,513.52,3,513.37,2,513.22,2,513.19,2,514.49,3,514.54,1,514.67,2,514.79,2,514.84,5,514.85,5,514.86,8,514.87,4,514.88,4,514.89,5
2020-10-29 09:35:08,514.3,514.2,1,514.11,1,514.49,3,514.49,514.11,514.11,1,514.08,1,513.94,2,513.89,1,513.85,1,513.76,3,513.61,1,513.6,1,513.52,3,513.37,2,514.49,3,514.54,1,514.67,2,514.79,2,514.84,5,514.85,5,514.86,8,514.87,4,514.88,4,514.89,5
2020-10-29 09:35:09,514.29,514.44,1,514.09,2,514.49,3,514.49,514.09,514.09,2,514.08,1,513.94,2,513.89,1,513.85,1,513.76,3,513.61,1,513.6,1,513.52,3,513.37,2,514.49,3,514.54,1,514.67,2,514.79,2,514.84,5,514.85,5,514.86,8,514.87,4,514.88,4,514.89,5
2020-10-29 09:35:10,514.295,514.11,1,514.1,1,514.49,2,514.49,514.1,514.1,1,514.08,1,513.94,2,513.89,1,513.85,1,513.76,3,513.61,1,513.6,1,513.52,3,513.37,2,514.49,2,514.54,1,514.67,2,514.79,2,514.84,5,514.85,5,514.86,8,514.87,4,514.88,4,514.89,5
2020-10-29 09:35:11,514.495,514.66,1,514.3,2,514.69,2,514.69,514.3,514.3,2,514.29,5,514.1,1,514.08,1,513.94,2,513.89,1,513.85,1,513.76,3,513.61,1,513.6,1,514.69,2,514.7,1,514.79,2,514.84,5,514.85,5,514.86,8,514.87,4,514.88,4,514.89,5,514.91,2
2020-10-29 09:35:12,514.485,514.45,1,514.29,4,514.68,1,514.68,514.29,514.29,4,514.1,1,514.08,1,513.94,2,513.89,1,513.85,1,513.76,3,513.61,1,513.6,1,513.52,3,514.68,1,514.69,1,514.7,1,514.79,2,514.84,5,514.85,5,514.86,8,514.87,4,514.88,4,514.89,5
2020-10-29 09:35:13,514.365,514.36,1,514.03,3,514.7,1,514.7,514.03,514.03,3,513.94,2,513.89,1,513.85,1,513.76,3,513.61,1,513.6,1,513.52,3,513.37,2,513.22,2,514.7,1,514.79,2,514.84,5,514.85,5,514.86,8,514.87,4,514.88,4,514.89,5,514.91,2,514.93,1
2020-10-29 09:35:14,514.39,514.69,1,514.1,6,514.68,1,514.68,514.1,514.1,6,514.09,3,514.03,3,513.94,2,513.89,1,513.85,1,513.76,3,513.61,1,513.6,1,513.52,3,514.68,1,514.69,3,514.7,2,514.79,2,514.84,5,514.85,5,514.86,8,514.87,4,514.88,4,514.89,5
2020-10-29 09:35:15,514.35,514.39,1,514.11,3,514.59,1,514.59,514.11,514.11,3,514.1,6,514.09,3,514.03,3,513.94,2,513.89,1,513.85,1,513.76,3,513.61,1,513.6,1,514.59,1,514.7,2,514.79,2,514.84,5,514.85,5,514.86,8,514.87,4,514.88,4,514.89,5,514.91,2
2020-10-29 09:35:16,514.225,514.57,1,514.03,3,514.42,3,514.42,514.03,514.03,3,513.94,2,513.89,1,513.85,1,513.76,3,513.61,1,513.6,1,513.52,3,513.37,2,513.22,2,514.42,3,514.43,1,514.54,1,514.64,1,514.7,2,514.79,2,514.84,5,514.85,5,514.86,8,514.87,4
2020-10-29 09:35:17,514.37,514.5,1,514.24,5,514.5,3,514.5,514.24,514.24,5,514.23,5,514.22,3,514.21,7,514.03,3,513.94,2,513.89,1,513.85,1,513.76,3,513.61,1,514.5,3,514.54,1,514.64,1,514.7,2,514.79,2,514.84,5,514.85,5,514.86,8,514.87,4,514.88,4
2020-10-29 09:35:18,514.27,514.41,1,514.04,1,514.5,3,514.5,514.04,514.04,1,514.03,3,513.94,2,513.89,1,513.85,1,513.76,3,513.61,1,513.6,1,513.52,3,513.37,2,514.5,3,514.54,1,514.64,1,514.7,2,514.79,2,514.84,5,514.85,5,514.86,8,514.87,4,514.88,4
2020-10-29 09:35:19,514.525,514.37,1,514.37,6,514.68,1,514.68,514.37,514.37,6,514.36,3,514.3,1,514.27,1,514.03,3,513.94,2,513.89,1,513.85,1,513.76,3,513.61,1,514.68,1,514.7,2,514.79,2,514.84,5,514.85,5,514.86,8,514.87,4,514.88,4,514.89,5,514.91,2
2020-10-29 09:35:20,514.53,514.67,1,514.36,2,514.7,2,514.7,514.36,514.36,2,514.3,1,514.27,1,514.03,3,513.94,2,513.89,1,513.85,1,513.76,3,513.61,1,513.6,1,514.7,2,514.79,2,514.84,5,514.85,5,514.86,8,514.87,4,514.88,4,514.89,5,514.91,2,514.93,1
2020-10-29 09:35:21,514.535,514.7,1,514.37,2,514.7,1,514.7,514.37,514.37,2,514.36,2,514.3,1,514.27,1,514.03,3,513.94,2,513.89,1,513.85,1,513.76,3,513.61,1,514.7,1,514.72,1,514.79,2,514.84,5,514.85,5,514.86,8,514.87,4,514.88,4,514.89,5,514.91,2
2020-10-29 09:35:22,514.41,514.51,2,514.1,2,514.72,1,514.72,514.1,514.1,2,514.05,1,514.03,3,513.94,2,513.89,1,513.85,1,513.76,3,513.61,1,513.6,1,513.52,3,514.72,1,514.79,2,514.84,5,514.85,5,514.86,8,514.87,4,514.88,4,514.89,5,514.91,2,514.93,1
2020-10-29 09:35:23,514.785,514.79,1,514.64,1,514.93,3,514.93,514.64,514.64,1,514.48,6,514.29,1,514.26,3,514.11,1,514.1,2,514.05,1,514.03,3,513.94,2,513.89,1,514.93,3,514.99,6,515.0,1,515.19,2,515.27,1,515.28,1,515.36,1,515.37,2,,,,
2020-10-29 09:35:24,514.455,514.64,1,514.13,1,514.78,5,514.78,514.13,514.13,1,514.12,1,514.09,1,514.05,3,514.03,3,513.94,2,513.89,1,513.85,1,513.76,3,513.61,1,514.78,5,514.81,1,514.93,2,514.99,6,515.0,1,515.19,2,515.27,1,515.28,1,515.36,1,515.37,2
2020-10-29 09:35:25,514.45,514.13,1,514.12,2,514.78,4,514.78,514.12,514.12,2,514.09,1,514.05,3,514.03,3,513.94,2,513.89,1,513.85,1,513.76,3,513.61,1,513.6,1,514.78,4,514.81,1,514.93,2,514.99,6,515.0,1,515.19,2,515.27,1,515.28,1,515.36,1,515.37,2
2020-10-29 09:35:26,514.56,514.77,1,514.19,1,514.93,3,514.93,514.19,514.19,1,514.13,1,514.12,2,514.09,1,514.05,3,514.03,3,513.94,2,513.89,1,513.85,1,513.76,3,514.93,3,514.99,6,515.0,1,515.19,2,515.27,1,515.28,1,515.36,1,515.37,2,,,,
2020-10-29 09:35:27,514.565,514.19,1,514.2,2,514.93,2,514.93,514.2,514.2,2,514.19,3,514.12,2,514.09,1,514.05,3,514.03,3,513.94,2,513.89,1,513.85,1,513.76,3,514.93,2,514.99,6,515.0,1,515.19,2,515.27,1,515.28,1,515.36,1,515.37,2,,,,
2020-10-29 09:35:28,514.62,514.62,6,514.27,6,514.97,1,514.97,514.27,514.27,6,514.26,2,514.2,2,514.19,3,514.12,2,514.09,1,514.05,3,514.03,3,513.94,2,513.89,1,514.97,1,514.99,6,515.0,1,515.19,2,515.27,1,515.28,1,515.36,1,515.37,2,,,,
2020-10-29 09:35:29,514.62,514.7,5,514.27,5,514.97,1,514.97,514.27,514.27,5,514.26,2,514.2,2,514.19,3,514.12,2,514.09,1,514.05,3,514.03,3,513.94,2,513.89,1,514.97,1,514.99,6,515.0,1,515.19,2,515.27,1,515.28,1,515.36,1,515.37,2,,,,
2020-10-29 09:35:30,514.565,514.97,1,514.22,6,514.91,5,514.91,514.22,514.22,6,514.2,2,514.19,3,514.12,2,514.09,1,514.05,3,514.03,3,513.94,2,513.89,1,513.85,1,514.91,5,514.92,2,514.93,3,514.94,1,514.96,1,514.97,1,514.99,6,515.0,1,515.19,2,515.27,1
2020-10-29 09:35:31,514.52,514.81,1,514.22,6,514.82,1,514.82,514.22,514.22,6,514.2,2,514.19,3,514.12,2,514.09,1,514.05,3,514.03,3,513.94,2,513.89,1,513.85,1,514.82,1,514.83,1,514.84,1,514.85,1,514.86,1,514.87,1,514.88,1,514.89,1,514.9,3,514.91,4
2020-10-29 09:35:32,514.595,514.82,1,514.28,2,514.91,2,514.91,514.28,514.28,2,514.22,6,514.2,2,514.19,3,514.12,2,514.09,1,514.05,3,514.03,3,513.94,2,513.89,1,514.91,2,514.92,1,514.93,3,514.94,1,514.96,1,514.97,1,514.99,6,515.0,1,515.19,2,515.27,1
2020-10-29 09:35:33,514.565,514.47,3,514.22,6,514.91,1,514.91,514.22,514.22,6,514.2,2,514.19,3,514.12,2,514.09,1,514.05,3,514.03,3,513.94,2,513.89,1,513.85,1,514.91,1,514.92,1,514.93,3,514.94,1,514.96,1,514.97,1,514.99,6,515.0,1,515.19,2,515.27,1
2020-10-29 09:35:34,514.595,514.29,1,514.27,1,514.92,1,514.92,514.27,514.27,1,514.23,1,514.22,6,514.2,2,514.19,3,514.12,2,514.09,1,514.05,3,514.03,3,513.94,2,514.92,1,514.93,3,514.94,1,514.96,1,514.97,1,514.99,6,515.0,1,515.19,2,515.27,1,515.28,1
2020-10-29 09:35:35,514.6,514.39,1,514.28,3,514.92,1,514.92,514.28,514.28,3,514.27,2,514.22,7,514.2,2,514.19,3,514.12,2,514.09,1,514.05,3,514.03,3,513.94,2,514.92,1,514.93,3,514.94,1,514.96,1,514.97,1,514.99,6,515.0,1,515.19,2,515.27,1,515.28,1
2020-10-29 09:35:36,514.585,514.96,1,514.29,3,514.88,1,514.88,514.29,514.29,3,514.28,3,514.27,2,514.22,7,514.2,2,514.19,3,514.12,2,514.09,1,514.05,3,514.03,3,514.88,1,514.89,2,514.9,1,514.91,1,514.96,2,514.97,1,514.99,6,515.0,1,515.19,2,515.27,1
2020-10-29 09:35:37,514.595,514.77,1,514.3,2,514.89,2,514.89,514.3,514.3,2,514.29,2,514.28,3,514.27,2,514.22,7,514.2,2,514.19,3,514.12,2,514.09,1,514.05,3,514.89,2,514.9,1,514.91,1,514.96,2,514.97,1,514.99,6,515.0,1,515.19,2,515.27,1,515.28,1
2020-10-29 09:35:38,514.66,514.88,3,514.44,4,514.88,5,514.88,514.44,514.44,4,514.43,4,514.42,1,514.31,2,514.3,4,514.29,2,514.28,3,514.27,2,514.22,7,514.2,2,514.88,5,514.89,2,514.9,1,514.91,1,514.96,2,514.97,1,514.99,6,515.0,1,515.19,2,515.27,1
2020-10-29 09:35:39,514.675,514.44,1,514.46,2,514.89,2,514.89,514.46,514.46,2,514.45,2,514.44,3,514.43,4,514.42,1,514.31,2,514.3,4,514.29,2,514.28,3,514.27,2,514.89,2,514.9,1,514.91,1,514.96,2,514.97,1,514.99,6,515.0,1,515.19,2,515.27,1,515.28,1
2020-10-29 09:35:40,514.67,514.85,1,514.46,2,514.88,1,514.88,514.46,514.46,2,514.45,3,514.44,2,514.43,4,514.42,1,514.31,2,514.3,4,514.29,2,514.28,3,514.27,2,514.88,1,514.89,5,514.9,1,514.91,1,514.96,2,514.97,1,514.99,6,515.0,1,515.19,2,515.27,1
2020-10-29 09:35:41,514.68,514.67,1,514.48,2,514.88,4,514.88,514.48,514.48,2,514.47,3,514.46,2,514.45,3,514.44,2,514.43,4,514.42,1,514.31,2,514.3,4,514.29,2,514.88,4,514.89,6,514.9,1,514.91,1,514.96,2,514.97,1,514.99,6,515.0,1,515.19,2,515.27,1
2020-10-29 09:35:42,514.72,514.7,5,514.56,2,514.88,2,514.88,514.56,514.56,2,514.49,2,514.48,2,514.47,3,514.46,2,514.45,3,514.44,2,514.43,4,514.42,1,514.31,2,514.88,2,514.89,6,514.9,1,514.91,1,514.96,2,514.97,1,514.99,6,515.0,1,515.19,2,515.27,1
2020-10-29 09:35:43,514.455,514.7,1,514.11,2,514.8,1,514.8,514.11,514.11,2,514.05,1,514.03,3,513.94,2,513.89,1,513.85,1,513.76,3,513.61,1,513.6,1,513.52,3,514.8,1,514.82,1,514.89,7,514.9,1,514.91,1,514.96,2,514.97,1,514.99,6,515.0,1,515.19,2
2020-10-29 09:35:44,514.53,514.44,5,514.25,1,514.8,1,514.8,514.25,514.26,1,514.25,1,514.11,2,514.05,1,514.03,3,513.94,2,513.89,1,513.85,1,513.76,3,513.61,1,514.8,1,514.82,1,514.89,7,514.9,1,514.91,1,514.96,2,514.97,1,514.99,6,515.0,1,515.19,2
2020-10-29 09:35:45,514.57,514.25,1,514.26,1,514.88,2,514.88,514.26,514.26,1,514.25,1,514.11,2,514.05,1,514.03,3,513.94,2,513.89,1,513.85,1,513.76,3,513.61,1,514.88,2,514.89,7,514.9,1,514.91,1,514.96,2,514.97,1,514.99,6,515.0,1,515.19,2,515.27,1
2020-10-29 09:35:46,514.565,514.88,1,514.26,1,514.87,1,514.87,514.26,514.26,1,514.25,1,514.11,2,514.05,1,514.03,3,513.94,2,513.89,1,513.85,1,513.76,3,513.61,1,514.87,1,514.88,2,514.89,7,514.9,1,514.91,1,514.96,2,514.97,1,514.99,6,515.0,1,515.19,2
2020-10-29 09:35:47,514.51,514.59,1,514.26,1,514.76,1,514.76,514.26,514.26,1,514.25,1,514.11,2,514.05,1,514.03,3,513.94,2,513.89,1,513.85,1,513.76,3,513.61,1,514.76,1,514.88,2,514.89,7,514.9,1,514.91,1,514.96,2,514.97,1,514.99,6,515.0,1,515.19,2
2020-10-29 09:35:48,514.6,514.9,1,514.3,1,514.9,1,514.9,514.3,514.3,1,514.26,3,514.25,1,514.11,2,514.05,1,514.03,3,513.94,2,513.89,1,513.85,1,513.76,3,514.9,1,514.91,1,514.96,2,514.97,1,514.99,6,515.0,1,515.19,2,515.27,1,515.28,1,515.36,1
2020-10-29 09:35:49,514.595,514.7,3,514.31,4,514.88,1,514.88,514.31,514.31,4,514.3,2,514.26,3,514.25,1,514.11,2,514.05,1,514.03,3,513.94,2,513.89,1,513.85,1,514.88,1,514.9,1,514.91,1,514.96,2,514.97,1,514.99,6,515.0,1,515.19,2,515.27,1,515.28,1
2020-10-29 09:35:50,514.595,514.9,1,514.31,5,514.88,1,514.88,514.31,514.31,5,514.3,2,514.26,3,514.25,1,514.11,2,514.05,1,514.03,3,513.94,2,513.89,1,513.85,1,514.88,1,514.9,1,514.91,1,514.96,2,514.97,1,514.99,6,515.0,1,515.19,2,515.27,1,515.28,1
2020-10-29 09:35:51,514.59,514.31,1,514.31,5,514.87,1,514.87,514.31,514.31,5,514.3,2,514.26,3,514.25,1,514.11,2,514.05,1,514.03,3,513.94,2,513.89,1,513.85,1,514.87,1,514.88,1,514.9,1,514.93,1,514.95,1,514.96,2,514.97,1,514.99,6,515.0,1,515.19,2
2020-10-29 09:35:52,514.595,514.85,1,514.31,5,514.88,1,514.88,514.31,514.31,5,514.3,2,514.26,3,514.25,1,514.11,2,514.05,1,514.03,3,513.94,2,513.89,1,513.85,1,514.88,1,514.95,1,514.96,2,514.97,1,514.99,6,515.0,1,515.19,2,515.27,1,515.28,1,515.36,1
2020-10-29 09:35:53,514.73,514.31,1,514.48,1,514.98,1,514.98,514.48,514.48,1,514.45,1,514.44,2,514.43,1,514.32,1,514.31,5,514.3,2,514.26,3,514.25,1,514.11,2,514.98,1,514.99,6,515.0,1,515.19,2,515.27,1,515.28,1,515.36,1,515.37,2,,,,
2020-10-29 09:35:54,514.725,514.99,1,514.48,1,514.97,1,514.97,514.48,514.48,1,514.45,1,514.44,2,514.43,1,514.32,1,514.31,5,514.3,2,514.26,3,514.25,1,514.11,2,514.97,1,514.98,1,514.99,5,515.0,1,515.19,2,515.27,1,515.28,1,515.36,1,515.37,2,,
2020-10-29 09:35:55,514.71,514.55,1,514.54,1,514.88,1,514.88,514.54,514.54,1,514.48,1,514.45,1,514.44,2,514.43,1,514.32,1,514.31,5,514.3,2,514.26,3,514.25,1,514.88,1,514.98,2,514.99,5,515.0,1,515.19,2,515.27,1,515.28,1,515.36,1,515.37,2,,
2020-10-29 09:35:56,514.57,514.71,1,514.31,5,514.83,1,514.83,514.31,514.31,5,514.3,2,514.26,3,514.25,1,514.11,2,514.05,1,514.03,3,513.94,2,513.89,1,513.85,1,514.83,1,514.88,1,514.98,2,514.99,5,515.0,1,515.19,2,515.27,1,515.28,1,515.36,1,515.37,2
2020-10-29 09:35:57,514.58,514.31,1,514.32,1,514.84,1,514.84,514.32,514.32,1,514.31,6,514.3,2,514.26,3,514.25,1,514.11,2,514.05,1,514.03,3,513.94,2,513.89,1,514.84,1,514.88,1,514.98,2,514.99,5,515.0,1,515.19,2,515.27,1,515.28,1,515.36,1,515.37,2
2020-10-29 09:35:58,514.5,514.56,1,514.32,1,514.68,2,514.68,514.32,514.32,1,514.31,6,514.3,2,514.26,3,514.25,1,514.11,2,514.05,1,514.03,3,513.94,2,513.89,1,514.68,2,514.69,3,514.7,1,514.71,1,514.75,2,514.76,1,514.77,1,514.78,1,514.79,1,514.84,1
2020-10-29 09:35:59,514.605,514.7,1,514.38,2,514.83,1,514.83,514.38,514.38,2,514.31,6,514.3,2,514.26,3,514.25,1,514.11,2,514.05,1,514.03,3,513.94,2,513.89,1,514.83,1,514.84,1,514.88,1,514.98,2,514.99,5,515.0,1,515.19,2,515.27,1,515.28,1,515.36,1
2020-10-29 09:36:00,514.61,514.61,1,514.39,1,514.83,1,514.83,514.39,514.39,1,514.38,2,514.31,6,514.3,2,514.26,3,514.25,1,514.11,2,514.05,1,514.03,3,513.94,2,514.83,1,514.84,1,514.88,1,514.98,2,514.99,5,515.0,1,515.19,2,515.27,1,515.28,1,515.36,1
2020-10-29 09:36:01,514.615,514.47,5,514.39,2,514.84,1,514.84,514.39,514.39,2,514.38,2,514.31,6,514.3,2,514.26,3,514.25,1,514.11,2,514.05,1,514.03,3,513.94,2,514.84,1,514.88,1,514.98,2,514.99,5,515.0,1,515.19,2,515.27,1,515.28,1,515.36,1,515.37,2
2020-10-29 09:36:02,514.775,514.78,1,514.59,8,514.96,2,514.96,514.59,514.59,8,514.58,9,514.57,1,514.45,2,514.39,2,514.38,2,514.31,6,514.3,2,514.26,3,514.25,1,514.96,2,514.97,1,514.99,5,515.0,1,515.19,2,515.27,1,515.28,1,515.36,1,515.37,2,,
2020-10-29 09:36:03,514.91,514.93,1,514.72,3,515.1,2,515.1,514.72,514.72,3,514.71,5,514.7,3,514.69,4,514.68,7,514.67,1,514.59,9,514.58,9,514.57,1,514.45,2,515.1,2,515.19,2,515.27,1,515.28,1,515.36,1,515.37,2,,,,,,,,
2020-10-29 09:36:04,514.95,514.92,1,514.7,5,515.2,5,515.2,514.7,514.7,5,514.69,4,514.68,7,514.67,1,514.59,9,514.58,9,514.57,1,514.45,2,514.39,2,514.38,2,515.2,5,515.26,4,515.27,5,515.28,1,515.36,1,515.37,2,,,,,,,,
2020-10-29 09:36:05,514.95,514.7,1,514.7,8,515.2,5,515.2,514.7,514.7,8,514.69,4,514.68,7,514.67,1,514.59,9,514.58,9,514.57,1,514.45,2,514.39,2,514.38,2,515.2,5,515.26,4,515.27,5,515.28,1,515.36,1,515.37,2,,,,,,,,
2020-10-29 09:36:06,514.96,514.81,1,514.71,2,515.21,5,515.21,514.71,514.71,2,514.7,9,514.69,4,514.68,7,514.67,1,514.59,9,514.58,9,514.57,1,514.45,2,514.39,2,515.21,5,515.26,4,515.27,5,515.28,1,515.36,1,515.37,2,,,,,,,,
2020-10-29 09:36:07,515.055,514.87,1,514.9,3,515.21,5,515.21,514.9,514.9,3,514.89,3,514.88,5,514.87,1,514.72,1,514.71,2,514.7,9,514.69,4,514.68,7,514.67,1,515.21,5,515.26,4,515.27,5,515.28,1,515.36,1,515.37,2,,,,,,,,
2020-10-29 09:36:08,515.42,515.57,3,515.27,7,515.57,5,515.57,515.27,515.27,7,515.26,3,515.25,3,515.24,4,515.23,3,515.22,2,515.18,1,515.1,2,515.09,3,515.08,5,515.57,5,,,,,,,,,,,,,,,,,,
2020-10-29 09:36:09,515.61,515.72,1,515.47,3,515.75,1,515.75,515.47,515.47,3,515.46,5,515.45,5,515.42,5,515.41,1,515.27,6,515.26,3,515.25,3,515.24,4,515.23,3,515.75,1,515.78,1,515.79,3,,,,,,,,,,,,,,
2020-10-29 09:36:10,515.605,515.64,2,515.48,7,515.73,4,515.73,515.48,515.48,7,515.47,2,515.46,5,515.45,5,515.42,5,515.41,1,515.27,6,515.26,3,515.25,3,515.24,4,515.73,4,515.74,4,515.78,1,515.79,3,,,,,,,,,,,,
2020-10-29 09:36:11,515.705,515.55,5,515.53,2,515.88,1,515.88,515.53,515.53,2,515.52,3,515.51,3,515.5,3,515.46,7,515.45,5,515.42,5,515.41,1,515.27,6,515.26,3,515.88,1,,,,,,,,,,,,,,,,,,
2020-10-29 09:36:12,515.87,515.98,1,515.75,1,515.99,2,515.99,515.75,515.75,1,515.73,2,515.72,4,515.71,2,515.68,1,515.61,1,515.56,1,515.55,2,515.54,3,515.53,1,515.99,2,516.0,4,,,,,,,,,,,,,,,,
2020-10-29 09:36:13,515.87,515.75,1,515.75,2,515.99,4,515.99,515.75,515.75,2,515.73,2,515.72,4,515.71,2,515.68,1,515.61,1,515.56,1,515.55,2,515.54,3,515.53,1,515.99,4,516.0,4,,,,,,,,,,,,,,,,
2020-10-29 09:36:14,515.76,515.89,1,515.52,9,516.0,4,516.0,515.52,515.52,9,515.51,3,515.5,3,515.46,7,515.45,5,515.42,5,515.41,1,515.27,6,515.26,3,515.25,3,516.0,4,,,,,,,,,,,,,,,,,,
2020-10-29 09:36:15,515.745,515.7,2,515.52,4,515.97,1,515.97,515.52,515.52,4,515.51,3,515.5,3,515.46,7,515.45,5,515.42,5,515.41,1,515.27,6,515.26,3,515.25,3,515.97,1,516.0,4,,,,,,,,,,,,,,,,
2020-10-29 09:36:16,515.76,515.76,3,515.52,4,516.0,4,516.0,515.52,515.52,4,515.51,3,515.5,3,515.46,7,515.45,5,515.42,5,515.41,1,515.27,6,515.26,3,515.25,3,516.0,4,,,,,,,,,,,,,,,,,,
2020-10-29 09:36:17,515.71,515.73,1,515.52,3,515.9,1,515.9,515.52,515.52,3,515.51,3,515.5,3,515.46,7,515.45,5,515.42,5,515.41,1,515.27,6,515.26,3,515.25,3,515.9,1,516.0,4,,,,,,,,,,,,,,,,
2020-10-29 09:36:18,515.745,515.9,1,515.52,3,515.97,1,515.97,515.52,515.52,3,515.51,3,515.5,3,515.46,7,515.45,5,515.42,5,515.41,1,515.27,6,515.26,3,515.25,3,515.97,1,516.0,4,,,,,,,,,,,,,,,,
2020-10-29 09:36:19,515.7,515.52,1,515.52,2,515.88,1,515.88,515.52,515.52,2,515.51,3,515.5,3,515.46,7,515.45,5,515.42,5,515.41,1,515.27,6,515.26,3,515.25,3,515.88,1,515.9,1,515.95,1,516.0,4,,,,,,,,,,,,
2020-10-29 09:36:20,515.71,515.94,1,515.52,3,515.9,1,515.9,515.52,515.52,3,515.51,3,515.5,3,515.46,7,515.45,5,515.42,5,515.41,1,515.27,6,515.26,3,515.25,3,515.9,1,515.94,3,516.0,4,,,,,,,,,,,,,,
2020-10-29 09:36:21,515.36,515.45,1,515.2,1,515.52,1,515.52,515.2,515.2,1,515.18,1,515.1,2,515.09,3,515.08,5,515.07,3,515.06,7,515.05,1,514.89,6,514.88,6,515.52,1,515.73,2,515.74,4,515.75,1,515.9,2,515.94,3,516.0,4,,,,,,
2020-10-29 09:36:22,515.36,515.29,1,515.14,7,515.58,1,515.58,515.14,515.14,7,515.1,2,515.09,3,515.08,5,515.07,3,515.06,7,515.05,1,514.89,6,514.88,6,514.87,1,515.58,1,515.59,2,515.6,2,515.61,2,515.62,2,515.63,5,515.64,4,515.65,5,515.66,2,515.67,1
2020-10-29 09:36:23,515.355,515.32,1,515.15,1,515.56,1,515.56,515.15,515.15,1,515.14,7,515.1,2,515.09,3,515.08,5,515.07,3,515.06,7,515.05,1,514.89,6,514.88,6,515.56,1,515.57,1,515.58,1,515.6,2,515.61,2,515.62,2,515.63,5,515.64,4,515.65,5,515.66,2
2020-10-29 09:36:24,515.235,515.23,1,515.14,6,515.33,2,515.33,515.14,515.14,6,515.1,2,515.09,3,515.08,5,515.07,3,515.06,7,515.05,1,514.89,6,514.88,6,514.87,1,515.33,2,515.34,1,515.48,1,515.49,1,515.5,1,515.51,1,515.52,1,515.53,1,515.54,2,515.55,2
2020-10-29 09:36:25,515.155,515.15,3,515.0,10,515.31,1,515.31,515.0,515.0,10,514.89,6,514.88,6,514.87,1,514.72,1,514.71,2,514.7,9,514.69,4,514.68,7,514.67,1,515.31,1,515.32,2,515.33,5,515.34,3,515.48,1,515.49,1,515.5,1,515.51,1,515.52,1,515.53,1
2020-10-29 09:36:26,515.15,515.14,1,515.0,11,515.29,0,515.3,515.0,515.0,11,514.89,6,514.88,6,514.87,1,514.72,1,514.71,2,514.7,9,514.69,4,514.68,7,514.67,1,515.3,3,515.31,1,515.32,2,515.33,5,515.34,3,515.48,1,515.49,1,515.5,1,515.51,1,515.52,1
2020-10-29 09:36:27,514.88,515.08,2,514.58,10,515.18,1,515.18,514.58,514.58,10,514.57,1,514.45,2,514.39,2,514.38,2,514.31,6,514.3,2,514.26,3,514.25,1,514.11,2,515.18,1,515.19,3,515.2,5,515.28,1,515.32,1,515.33,4,515.34,3,515.48,1,515.49,1,515.5,1
2020-10-29 09:36:28,514.925,515.17,1,514.68,1,515.17,2,515.17,514.68,514.68,1,514.58,9,514.57,1,514.45,2,514.39,2,514.38,2,514.31,6,514.3,2,514.26,3,514.25,1,515.17,2,515.18,1,515.19,3,515.2,5,515.28,1,515.32,1,515.33,4,515.34,3,515.48,1,515.49,1
2020-10-29 09:36:29,514.93,514.84,1,514.68,2,515.18,2,515.18,514.68,514.68,2,514.58,9,514.57,1,514.45,2,514.39,2,514.38,2,514.31,6,514.3,2,514.26,3,514.25,1,515.18,2,515.19,3,515.2,5,515.28,1,515.32,1,515.33,4,515.34,3,515.48,1,515.49,1,515.5,1
2020-10-29 09:36:30,514.92,515.18,1,514.68,2,515.16,1,515.16,514.68,514.68,2,514.58,9,514.57,1,514.45,2,514.39,2,514.38,2,514.31,6,514.3,2,514.26,3,514.25,1,515.16,1,515.18,1,515.19,3,515.2,5,515.28,1,515.32,1,515.33,4,515.34,3,515.48,1,515.49,1
2020-10-29 09:36:31,514.815,514.63,1,514.63,1,515.0,3,515.0,514.63,514.63,1,514.58,9,514.57,1,514.45,2,514.39,2,514.38,2,514.31,6,514.3,2,514.26,3,514.25,1,515.0,3,515.01,3,515.02,1,515.14,1,515.15,1,515.16,1,515.18,1,515.19,3,515.2,5,515.28,1
2020-10-29 09:36:32,514.81,514.74,1,514.63,2,514.99,2,514.99,514.63,514.63,2,514.58,9,514.57,1,514.45,2,514.39,2,514.38,2,514.31,6,514.3,2,514.26,3,514.25,1,514.99,2,515.0,2,515.01,3,515.02,1,515.14,1,515.15,1,515.16,1,515.18,1,515.19,3,515.2,5
2020-10-29 09:36:33,514.81,514.81,1,514.63,2,514.99,2,514.99,514.63,514.63,2,514.58,9,514.57,1,514.45,2,514.39,2,514.38,2,514.31,6,514.3,2,514.26,3,514.25,1,514.99,2,515.0,2,515.01,3,515.02,1,515.14,1,515.15,1,515.16,1,515.18,1,515.19,3,515.2,5
2020-10-29 09:36:34,514.81,514.99,1,514.63,4,514.99,1,514.99,514.63,514.63,4,514.58,9,514.57,1,514.45,2,514.39,2,514.38,2,514.31,6,514.3,2,514.26,3,514.25,1,514.99,1,515.0,2,515.01,3,515.02,1,515.14,1,515.15,1,515.16,1,515.18,1,515.19,3,515.2,5
2020-10-29 09:36:35,514.74,514.82,1,514.63,5,514.85,5,514.85,514.63,514.63,5,514.58,9,514.57,1,514.45,2,514.39,2,514.38,2,514.31,6,514.3,2,514.26,3,514.25,1,514.85,5,514.86,5,514.99,1,515.0,2,515.01,3,515.02,1,515.14,1,515.15,1,515.16,1,515.18,1
2020-10-29 09:36:36,514.645,514.64,1,514.43,3,514.86,5,514.86,514.43,514.43,3,514.39,2,514.38,2,514.31,6,514.3,2,514.26,3,514.25,1,514.11,2,514.05,1,514.03,3,514.86,5,514.99,1,515.0,2,515.01,3,515.02,1,515.14,1,515.15,1,515.16,1,515.18,1,515.19,3
2020-10-29 09:36:37,514.425,514.43,1,514.28,1,514.57,3,514.57,514.28,514.28,1,514.26,3,514.25,1,514.11,2,514.05,1,514.03,3,513.94,2,513.89,1,513.85,1,513.76,3,514.57,3,514.58,2,514.59,2,514.6,1,514.66,2,514.84,1,514.86,6,514.99,1,515.0,2,515.01,3
2020-10-29 09:36:38,514.66,514.57,1,514.46,3,514.86,6,514.86,514.46,514.46,3,514.45,3,514.44,1,514.43,1,514.33,1,514.3,1,514.27,3,514.26,5,514.25,1,514.11,2,514.86,6,514.99,1,515.0,2,515.01,3,515.02,1,515.14,1,515.15,1,515.16,1,515.18,1,515.19,3
2020-10-29 09:36:39,514.82,514.99,2,514.65,6,514.99,3,514.99,514.65,514.65,6,514.43,2,514.33,1,514.3,1,514.27,3,514.26,5,514.25,1,514.11,2,514.05,1,514.03,3,514.99,3,515.0,3,515.01,3,515.02,1,515.14,1,515.15,1,515.16,1,515.18,1,515.19,3,515.2,5
2020-10-29 09:36:40,515.14,515.22,1,514.98,1,515.3,1,515.3,514.98,514.98,1,514.84,5,514.83,5,514.82,2,514.72,3,514.66,1,514.65,6,514.43,2,514.33,1,514.3,1,515.3,1,515.32,1,515.33,4,515.34,3,515.48,1,515.49,1,515.5,1,515.51,1,515.52,1,515.53,1
2020-10-29 09:36:41,515.14,515.3,3,514.98,1,515.3,1,515.3,514.98,514.98,1,514.84,5,514.83,5,514.82,2,514.72,3,514.66,1,514.65,6,514.43,2,514.33,1,514.3,1,515.3,1,515.32,1,515.33,4,515.34,3,515.48,1,515.49,1,515.5,1,515.51,1,515.52,1,515.53,1
