sim_time,mid_price,last_price,last_size,best_bid_price,best_bid_size,best_ask_price,best_ask_size,close_price_buy,close_price_sell,bid1_price,bid1_size,bid2_price,bid2_size,bid3_price,bid3_size,bid4_price,bid4_size,bid5_price,bid5_size,bid6_price,bid6_size,bid7_price,bid7_size,bid8_price,bid8_size,bid9_price,bid9_size,bid10_price,bid10_size,ask1_price,ask1_size,ask2_price,ask2_size,ask3_price,ask3_size,ask4_price,ask4_size,ask5_price,ask5_size,ask6_price,ask6_size,ask7_price,ask7_size,ask8_price,ask8_size,ask9_price,ask9_size,ask10_price,ask10_size
2026-02-05 09:30:17,173.91,173.91,1,173.88,1400,173.94,600,173.94,173.88,173.88,1400,173.87,1000,173.86,3200,173.85,200,173.84,300,173.83,300,173.82,100,173.81,100,173.8,100,173.79,1400,173.94,600,173.95,700,173.96,200,173.97,200,173.98,200,173.99,300,174.0,100,174.02,700,174.03,500,174.04,200
2026-02-05 09:30:18,174.0,173.98,1,173.98,300,174.02,1800,174.02,173.98,173.98,300,173.97,1300,173.96,2000,173.95,500,173.94,500,173.93,1100,173.92,1000,173.91,1700,173.9,900,173.89,100,174.02,1800,174.03,500,174.04,200,174.05,100,174.06,4100,174.11,200,174.12,700,174.13,300,174.14,100,174.15,200
2026-02-05 09:30:20,174.095,174.08,3,174.07,600,174.12,200,174.12,174.07,174.07,600,174.06,500,174.05,300,174.04,100,174.03,2000,174.02,1900,174.01,1500,174.0,700,173.99,200,173.98,400,174.12,200,174.13,700,174.14,100,174.15,200,174.16,300,174.17,400,174.18,300,174.2,3700,174.21,600,174.22,2200
2026-02-05 09:30:21,174.085,174.07,1,174.06,1700,174.11,600,174.11,174.06,174.06,1700,174.04,300,174.03,2200,174.02,1900,174.01,1500,174.0,700,173.99,200,173.98,400,173.97,1600,173.96,2000,174.11,600,174.14,100,174.15,1000,174.16,3700,174.17,100,174.2,3800,174.21,600,174.22,2200,174.24,300,174.25,700
2026-02-05 09:30:22,174.09,174.09,1,174.07,1100,174.11,1600,174.11,174.07,174.07,1100,174.06,400,174.05,500,174.04,1100,174.03,3100,174.02,1900,174.01,1500,174.0,700,173.99,200,173.98,400,174.11,1600,174.14,100,174.15,1000,174.16,3700,174.17,100,174.2,3800,174.21,600,174.22,2200,174.24,300,174.25,700
2026-02-05 09:30:22,174.055,174.05,3,174.02,400,174.09,1800,174.09,174.02,174.02,400,174.01,1500,174.0,700,173.99,200,173.98,400,173.97,1600,173.96,2000,173.95,500,173.94,500,173.93,1100,174.09,1800,174.1,800,174.11,3500,174.14,100,174.15,1000,174.16,3700,174.17,100,174.2,3800,174.21,600,174.22,2200
2026-02-05 09:30:24,173.95,173.93,4,173.91,700,173.99,200,173.99,173.91,173.91,700,173.89,500,173.88,3300,173.87,1000,173.86,3200,173.85,200,173.84,300,173.83,300,173.82,100,173.81,100,173.99,200,174.01,300,174.02,200,174.03,400,174.04,500,174.05,1200,174.06,100,174.08,300,174.09,1800,174.1,800
2026-02-05 09:30:25,173.98,173.98,3,173.94,2000,174.02,1200,174.02,173.94,173.94,2000,173.93,100,173.92,200,173.91,600,173.9,100,173.89,800,173.88,4100,173.87,1000,173.86,3200,173.85,200,174.02,1200,174.03,500,174.04,500,174.05,1200,174.06,100,174.08,300,174.09,1800,174.1,800,174.11,3500,174.14,100
2026-02-05 09:30:26,173.92,173.96,4,173.88,4100,173.96,1600,173.96,173.88,173.88,4100,173.87,1000,173.86,3200,173.85,200,173.84,300,173.83,300,173.82,100,173.81,100,173.8,100,173.79,1400,173.96,1600,173.97,100,173.98,200,173.99,900,174.0,400,174.02,1300,174.03,500,174.04,500,174.05,1200,174.06,100
2026-02-05 09:30:27,173.98,173.95,9,173.95,500,174.01,100,174.01,173.95,173.95,1400,173.94,200,173.93,1700,173.92,1100,173.91,300,173.88,2300,173.86,3500,173.85,200,173.84,300,173.83,300,174.01,100,174.02,1300,174.03,500,174.04,500,174.05,1200,174.06,100,174.08,300,174.09,1800,174.1,800,174.11,3500
2026-02-05 09:30:28,173.995,174.01,1,173.95,1700,174.04,700,174.04,173.95,173.95,1700,173.94,1500,173.93,1700,173.92,1100,173.91,300,173.88,2300,173.86,3500,173.85,200,173.84,300,173.83,300,174.04,700,174.07,700,174.08,2300,174.09,500,174.1,500,174.11,3500,174.14,100,174.15,1000,174.16,3700,174.17,100
2026-02-05 09:30:29,174.145,174.14,1,174.11,2000,174.18,200,174.18,174.11,174.11,2000,174.1,700,174.09,800,174.08,200,174.07,600,174.06,800,174.04,500,174.02,900,174.01,3100,174.0,400,174.18,200,174.19,600,174.2,4000,174.21,600,174.22,2200,174.24,300,174.25,700,174.26,500,174.27,1400,174.28,1100
2026-02-05 09:30:30,174.055,174.06,1,174.01,1200,174.1,1700,174.1,174.01,174.01,1200,173.99,900,173.98,1100,173.97,900,173.96,300,173.95,300,173.92,400,173.91,1700,173.88,2300,173.86,3500,174.1,1700,174.12,300,174.13,1100,174.14,1600,174.15,1000,174.16,100,174.18,200,174.19,600,174.2,4000,174.21,600
2026-02-05 09:30:31,174.1,174.1,5,174.06,200,174.14,100,174.14,174.06,174.06,200,174.05,900,174.04,200,174.03,1200,174.02,900,174.01,1000,173.99,300,173.98,800,173.97,100,173.96,1100,174.14,100,174.15,2000,174.16,100,174.18,200,174.19,600,174.2,4000,174.21,600,174.22,2200,174.24,300,174.25,700
2026-02-05 09:30:32,174.115,174.1,2,174.07,1500,174.16,700,174.16,174.07,174.07,1500,174.06,1499,174.05,900,174.04,200,174.03,1200,174.02,900,174.01,1000,173.99,300,173.98,800,173.97,100,174.16,700,174.17,1400,174.18,200,174.19,600,174.2,4000,174.21,600,174.22,2200,174.24,300,174.25,700,174.26,500
2026-02-05 09:30:33,174.135,174.17,1,174.1,1800,174.17,900,174.17,174.1,174.1,1500,174.09,200,174.08,300,174.07,1500,174.06,1499,174.05,900,174.04,200,174.03,1200,174.02,900,174.01,1000,174.17,900,174.2,100,174.22,700,174.24,300,174.25,1000,174.28,1300,174.29,400,174.3,600,174.31,100,174.32,300
2026-02-05 09:30:34,174.22,174.28,1,174.19,1300,174.25,900,174.25,174.19,174.19,1300,174.18,1800,174.16,100,174.15,1000,174.14,1100,174.13,100,174.12,1000,174.11,600,174.1,1800,174.09,200,174.25,900,174.26,300,174.29,500,174.3,800,174.31,700,174.32,500,174.33,2100,174.35,1800,174.36,1000,174.37,100
2026-02-05 09:30:35,174.315,174.31,1,174.28,800,174.35,200,174.35,174.28,174.28,800,174.27,1100,174.26,700,174.25,1700,174.24,1800,174.23,1300,174.22,700,174.21,1700,174.19,1300,174.18,1800,174.35,200,174.36,200,174.37,100,174.38,2000,174.39,400,174.41,100,174.42,400,174.43,400,174.45,300,174.46,100
2026-02-05 09:30:36,174.325,174.31,1,174.31,900,174.34,1200,174.34,174.31,174.31,900,174.29,900,174.28,1400,174.24,2600,174.23,1300,174.22,700,174.21,1700,174.19,1300,174.18,1800,174.16,100,174.34,1200,174.36,800,174.37,100,174.38,2000,174.39,400,174.41,100,174.42,400,174.43,400,174.45,300,174.46,100
2026-02-05 09:30:37,174.335,174.37,1,174.29,200,174.38,300,174.38,174.29,174.29,200,174.28,11900,174.24,2600,174.23,1300,174.22,700,174.21,1700,174.19,1300,174.18,1800,174.16,100,174.15,1000,174.38,300,174.39,500,174.4,1200,174.41,100,174.42,400,174.43,400,174.45,300,174.46,100,174.47,700,174.5,600
2026-02-05 09:30:38,174.37,174.37,2,174.34,1300,174.4,1900,174.4,174.34,174.34,1300,174.33,1800,174.3,699,174.29,200,174.28,11900,174.24,2600,174.23,1300,174.22,700,174.21,1700,174.19,1300,174.4,1900,174.41,100,174.42,400,174.43,400,174.45,300,174.46,100,174.47,700,174.5,600,174.51,100,174.52,300
2026-02-05 09:30:39,174.4,174.39,7,174.37,10800,174.43,1600,174.43,174.37,174.37,10800,174.34,1200,174.32,100,174.3,699,174.29,200,174.28,11900,174.24,2600,174.23,1300,174.22,700,174.21,1700,174.43,1600,174.44,900,174.46,400,174.47,700,174.49,200,174.5,1399,174.51,100,174.52,300,174.54,400,174.59,200
2026-02-05 09:30:40,174.43,174.43,10,174.38,1700,174.48,1100,174.48,174.38,174.38,1700,174.37,5800,174.34,1200,174.32,100,174.3,699,174.29,200,174.28,11900,174.24,2600,174.23,1300,174.22,700,174.48,1100,174.49,700,174.5,1399,174.51,100,174.52,300,174.54,400,174.59,200,174.61,1600,174.62,400,174.63,1200
2026-02-05 09:30:41,174.375,174.38,1,174.35,100,174.4,1300,174.4,174.35,174.35,100,174.34,900,174.32,1100,174.31,700,174.3,999,174.29,200,174.28,11900,174.24,2600,174.23,1300,174.22,700,174.4,1300,174.41,1100,174.42,300,174.43,800,174.47,600,174.48,2300,174.49,700,174.5,1399,174.51,100,174.52,300
2026-02-05 09:30:41,174.495,174.47,5,174.47,100,174.52,400,174.52,174.47,174.47,100,174.46,500,174.45,600,174.44,1100,174.43,100,174.42,200,174.4,1200,174.39,200,174.38,1400,174.37,100,174.52,400,174.54,400,174.59,200,174.61,1600,174.62,400,174.63,1200,174.64,700,174.65,500,174.66,200,174.67,200
2026-02-05 09:30:43,174.535,174.56,1,174.51,1000,174.56,100,174.56,174.51,174.51,1000,174.5,500,174.49,500,174.47,800,174.44,1100,174.43,100,174.42,200,174.4,1200,174.39,200,174.38,1400,174.56,100,174.58,300,174.59,200,174.61,1600,174.62,400,174.63,1200,174.64,700,174.65,500,174.66,200,174.67,200
2026-02-05 09:30:44,174.595,174.54,3,174.58,2000,174.61,1600,174.61,174.58,174.58,2000,174.57,500,174.56,2500,174.54,1200,174.53,900,174.51,999,174.5,500,174.49,500,174.47,800,174.44,1100,174.61,1600,174.62,400,174.63,1200,174.64,700,174.65,500,174.66,200,174.67,200,174.68,400,174.69,1100,174.7,600
2026-02-05 09:30:45,174.715,174.73,1,174.68,1300,174.75,1000,174.75,174.68,174.68,1300,174.67,300,174.66,1700,174.63,1200,174.62,200,174.59,500,174.58,800,174.57,1000,174.55,500,174.54,1200,174.75,1000,174.77,300,174.78,100,174.79,1300,174.8,1900,174.81,300,174.82,500,174.83,100,174.84,100,174.85,300
2026-02-05 09:30:46,174.77,174.79,10,174.75,1300,174.79,2100,174.79,174.75,174.75,1300,174.74,1300,174.73,800,174.72,100,174.71,1700,174.7,1000,174.69,100,174.68,100,174.67,2000,174.66,1600,174.79,2100,174.8,2300,174.81,300,174.82,500,174.83,100,174.84,100,174.85,300,174.86,100,174.87,200,174.88,400
2026-02-05 09:30:47,174.785,174.78,4,174.77,600,174.8,200,174.8,174.78,174.77,600,174.76,100,174.75,2400,174.74,1300,174.72,700,174.71,400,174.69,200,174.68,1800,174.67,2000,174.66,1600,174.8,200,174.81,2500,174.82,600,174.83,1300,174.84,900,174.85,300,174.86,100,174.87,200,174.88,400,174.91,200
2026-02-05 09:30:48,174.8,174.81,2,174.78,1100,174.82,4300,174.82,174.78,174.78,1100,174.77,1500,174.74,1200,174.73,1000,174.72,700,174.71,400,174.69,200,174.68,1800,174.67,2000,174.66,1600,174.82,4300,174.83,3700,174.84,900,174.85,300,174.86,100,174.87,200,174.88,400,174.91,200,174.92,600,174.95,100
2026-02-05 09:30:48,174.8,174.81,2,174.78,1100,174.82,4300,174.82,174.78,174.78,1100,174.77,1500,174.74,1200,174.73,1000,174.72,700,174.71,400,174.69,200,174.68,1800,174.67,2000,174.66,1600,174.82,4300,174.83,3700,174.84,900,174.85,300,174.86,100,174.87,200,174.88,400,174.91,200,174.92,600,174.95,100
2026-02-05 09:30:50,174.825,174.83,1,174.82,100,174.83,2400,174.83,174.82,174.82,100,174.81,1300,174.8,1000,174.79,4300,174.78,1799,174.77,1500,174.74,1200,174.73,1000,174.72,700,174.71,400,174.83,2400,174.84,900,174.85,300,174.86,100,174.87,200,174.88,400,174.91,200,174.92,600,174.95,100,174.96,100
2026-02-05 09:30:51,174.815,174.83,1,174.8,1300,174.83,100,174.83,174.8,174.8,1300,174.79,4300,174.78,1799,174.77,1500,174.74,1200,174.73,1000,174.72,700,174.71,400,174.69,200,174.68,1800,174.83,100,174.85,500,174.86,100,174.87,1800,174.88,400,174.91,200,174.92,600,174.95,100,174.96,100,174.97,500
2026-02-05 09:30:52,174.99,175.0,1,174.98,500,175.0,11700,175.0,174.98,174.98,500,174.96,1600,174.95,700,174.94,1100,174.93,700,174.92,600,174.9,300,174.89,400,174.88,1200,174.87,500,175.0,11700,175.01,100,175.03,1700,175.04,200,175.05,100,175.09,400,175.1,700,,,,,,
2026-02-05 09:30:53,174.935,174.95,34,174.9,5200,174.97,900,174.97,174.9,174.9,5200,174.89,400,174.88,1200,174.87,500,174.86,100,174.85,200,174.84,900,174.83,1000,174.82,200,174.81,1500,174.97,900,174.98,2000,174.99,1600,175.0,15400,175.01,100,175.03,1700,175.04,200,175.05,100,175.09,400,175.1,700
2026-02-05 09:30:54,174.88,174.9,4,174.86,5000,174.9,1000,174.9,174.86,174.86,5000,174.85,4600,174.84,4900,174.83,1600,174.82,600,174.81,1500,174.8,900,174.79,5300,174.78,1799,174.77,1500,174.9,1000,174.91,500,174.92,1700,174.93,100,174.95,1300,174.97,900,174.98,2000,174.99,1600,175.0,15400,175.01,100
2026-02-05 09:30:55,174.89,174.87,1,174.87,2000,174.91,1400,174.91,174.87,174.87,2000,174.86,700,174.85,4600,174.84,4900,174.83,1600,174.82,600,174.81,1500,174.8,900,174.79,5300,174.78,1799,174.91,1400,174.92,600,174.93,100,174.94,1300,174.95,800,174.96,1800,174.97,900,174.98,2000,174.99,1600,175.0,15400
2026-02-05 09:30:56,174.95,174.95,1,174.93,1400,174.97,2000,174.97,174.93,174.93,1400,174.92,1000,174.91,500,174.9,1800,174.86,2100,174.85,4600,174.84,4900,174.83,1600,174.82,600,174.81,1500,174.97,2000,174.98,2000,174.99,1600,175.0,15400,175.01,100,175.03,1700,175.04,200,175.05,100,175.09,400,175.1,700
2026-02-05 09:30:57,174.82,174.84,2,174.8,2800,174.84,1400,174.84,174.8,174.8,2800,174.79,5300,174.78,1799,174.77,1500,174.74,1200,174.73,1000,174.72,700,174.71,400,174.69,200,174.68,1800,174.84,1400,174.85,100,174.86,1100,174.87,400,174.89,100,174.9,200,174.91,1500,174.92,2500,174.93,400,174.94,1100
2026-02-05 09:30:58,174.85,174.86,1,174.82,1100,174.88,500,174.88,174.82,174.82,1100,174.81,500,174.8,2399,174.79,5300,174.78,1799,174.77,1500,174.74,1200,174.73,1000,174.72,700,174.71,400,174.88,500,174.89,100,174.9,200,174.91,1500,174.92,2500,174.93,400,174.94,1100,174.95,600,174.96,2500,174.97,3099
2026-02-05 09:30:59,174.895,174.87,2,174.87,1500,174.92,2300,174.92,174.87,174.87,1500,174.86,1400,174.84,2400,174.82,300,174.81,500,174.8,2599,174.79,5300,174.78,1799,174.77,1500,174.74,1200,174.92,2300,174.93,400,174.94,1100,174.95,600,174.96,2500,174.97,3099,174.98,2000,174.99,1600,175.0,15400,175.01,100
2026-02-05 09:31:00,174.84,174.84,1,174.81,1500,174.87,200,174.87,174.81,174.81,1500,174.8,2299,174.79,5300,174.78,1799,174.77,1500,174.74,1200,174.73,1000,174.72,700,174.71,400,174.69,200,174.87,200,174.88,1300,174.89,500,174.9,1700,174.91,900,174.92,2300,174.93,400,174.94,1100,174.95,600,174.96,2500
2026-02-05 09:31:01,174.92,174.9,7,174.9,300,174.94,1100,174.94,174.9,174.9,300,174.88,1200,174.87,1400,174.86,1000,174.85,700,174.83,800,174.82,1200,174.81,1100,174.8,2499,174.79,5300,174.94,1100,174.95,1200,174.96,2500,174.97,3099,174.98,2000,174.99,1600,175.0,15400,175.01,100,175.03,1700,175.04,200
2026-02-05 09:31:02,174.98,174.98,1,174.97,100,174.99,2000,174.99,174.97,174.97,100,174.95,1700,174.93,2500,174.92,1000,174.91,300,174.9,700,174.89,1000,174.88,200,174.87,1600,174.86,1000,174.99,2000,175.0,15400,175.01,100,175.03,1700,175.04,200,175.05,100,175.09,400,175.1,700,,,,
2026-02-05 09:31:03,175.205,175.2,4,175.17,800,175.24,100,175.24,175.17,175.17,800,175.16,800,175.15,1400,175.14,100,175.13,900,175.12,900,175.11,1000,175.1,800,175.09,400,175.07,700,175.24,100,175.25,600,,,,,,,,,,,,,,,,
2026-02-05 09:31:04,175.305,175.32,1,175.28,200,175.33,700,175.33,175.28,175.28,200,175.27,100,175.26,200,175.25,500,175.24,2000,175.23,300,175.22,700,175.21,600,175.2,300,175.18,500,175.33,700,175.34,1000,,,,,,,,,,,,,,,,
2026-02-05 09:31:05,175.2,175.19,1,175.17,1300,175.23,2400,175.23,175.17,175.17,1300,175.16,800,175.15,1400,175.14,100,175.13,900,175.12,900,175.11,1000,175.1,800,175.09,400,175.07,700,175.23,2400,175.27,100,175.28,1200,175.3,500,175.31,1200,175.32,100,175.34,1299,,,,,,
2026-02-05 09:31:06,175.305,175.31,1,175.28,600,175.33,1100,175.33,175.28,175.28,600,175.27,1100,175.26,1400,175.25,600,175.24,300,175.23,200,175.22,1400,175.19,2900,175.18,100,175.17,800,175.33,1100,175.34,300,175.35,700,,,,,,,,,,,,,,
2026-02-05 09:31:07,175.13,175.16,1,175.11,1500,175.15,200,175.15,175.11,175.11,1500,175.1,700,175.09,900,175.07,700,175.06,1200,175.05,1400,175.04,1700,175.03,200,175.02,400,175.01,300,175.15,200,175.16,500,175.17,300,175.18,200,175.19,400,175.2,600,175.21,200,175.22,200,175.23,300,175.24,300
2026-02-05 09:31:08,175.165,175.15,3,175.14,900,175.19,100,175.19,175.14,175.14,900,175.13,100,175.12,400,175.11,400,175.1,1000,175.09,500,175.08,500,175.07,2300,175.06,1599,175.05,1400,175.19,100,175.21,100,175.22,100,175.23,300,175.24,300,175.25,1100,175.26,300,175.27,1000,175.28,200,175.29,600
2026-02-05 09:31:09,175.11,175.13,5,175.09,1900,175.13,200,175.13,175.09,175.09,1900,175.08,1400,175.07,1900,175.06,1599,175.05,1400,175.04,1700,175.03,200,175.02,400,175.01,300,175.0,1500,175.13,200,175.14,500,175.15,1000,175.16,500,175.17,1900,175.18,1100,175.19,1300,175.2,100,175.21,900,175.22,100
2026-02-05 09:31:10,175.15,175.15,1,175.13,2400,175.17,500,175.17,175.13,175.13,2400,175.12,1200,175.11,100,175.1,800,175.09,1500,175.08,1700,175.07,2200,175.06,1599,175.05,1400,175.04,1700,175.17,500,175.18,3200,175.19,1300,175.2,100,175.21,900,175.22,100,175.23,300,175.24,300,175.25,1100,175.26,300
2026-02-05 09:31:11,175.14,175.17,12,175.11,1100,175.17,1699,175.17,175.11,175.11,1100,175.1,1600,175.09,100,175.08,1900,175.07,2100,175.06,1599,175.05,1400,175.04,1700,175.03,200,175.02,400,175.17,1699,175.18,3200,175.19,1300,175.2,100,175.21,900,175.22,100,175.23,300,175.24,300,175.25,1100,175.26,300
2026-02-05 09:31:12,175.085,175.09,1,175.06,1899,175.11,500,175.11,175.06,175.06,1899,175.05,1400,175.04,1700,175.03,200,175.02,400,175.01,300,175.0,1500,174.99,800,174.98,1700,174.97,100,175.11,500,175.12,1100,175.13,1100,175.14,500,175.15,300,175.17,1200,175.18,3300,175.19,1300,175.2,100,175.21,900
2026-02-05 09:31:13,175.155,175.17,1,175.13,2500,175.18,3300,175.18,175.13,175.13,2500,175.12,400,175.11,1300,175.09,100,175.08,1900,175.07,600,175.06,1900,175.05,1900,175.04,1700,175.03,200,175.18,3300,175.19,1300,175.2,100,175.21,900,175.22,100,175.23,300,175.24,300,175.25,1100,175.26,300,175.27,1000
2026-02-05 09:31:14,175.23,175.25,2,175.21,1600,175.25,1500,175.25,175.21,175.21,1600,175.2,100,175.18,1700,175.17,1100,175.15,2000,175.14,300,175.13,2500,175.12,400,175.11,1300,175.09,100,175.25,1500,175.26,300,175.27,1000,175.28,200,175.29,600,175.3,200,175.31,200,175.32,400,175.33,1100,175.34,300
2026-02-05 09:31:15,175.375,175.38,1,175.35,2200,175.4,1500,175.4,175.35,175.35,2200,175.34,200,175.32,700,175.31,1100,175.3,2000,175.29,1000,175.28,1300,175.27,100,175.25,900,175.24,200,175.4,1500,175.41,1400,,,,,,,,,,,,,,,,
2026-02-05 09:31:16,175.37,175.37,1,175.35,600,175.39,200,175.39,175.35,175.35,700,175.34,1300,175.33,600,175.32,300,175.3,1500,175.29,1000,175.28,1300,175.27,100,175.25,900,175.24,200,175.39,200,175.4,500,175.41,2600,,,,,,,,,,,,,,
2026-02-05 09:31:17,175.375,175.34,1,175.35,300,175.4,1900,175.4,175.35,175.35,300,175.34,500,175.33,2100,175.32,300,175.3,1500,175.29,1000,175.28,1300,175.27,100,175.25,900,175.24,200,175.4,1900,175.41,1100,175.42,1000,175.43,500,,,,,,,,,,,,
2026-02-05 09:31:18,175.435,175.44,3,175.42,2100,175.45,400,175.45,175.42,175.42,2100,175.41,700,175.4,300,175.39,1900,175.38,400,175.37,2400,175.35,1600,175.34,500,175.33,2100,175.32,300,175.45,400,175.46,700,,,,,,,,,,,,,,,,
2026-02-05 09:31:19,175.465,175.47,1,175.45,2100,175.48,100,175.48,175.45,175.45,2100,175.44,4300,175.43,2100,175.42,2100,175.41,1900,175.4,1100,175.39,1900,175.38,400,175.37,2400,175.35,1600,175.48,100,175.49,1400,,,,,,,,,,,,,,,,
2026-02-05 09:31:20,175.435,175.44,1,175.41,1700,175.46,100,175.46,175.41,175.41,1700,175.4,1100,175.39,1900,175.38,400,175.37,2400,175.35,1600,175.34,500,175.33,2100,175.32,300,175.3,1500,175.46,100,175.47,1600,175.48,700,175.49,900,175.5,500,175.51,300,175.52,400,,,,,,
2026-02-05 09:31:21,175.385,175.39,1,175.36,1000,175.41,1900,175.41,175.36,175.36,1000,175.35,700,175.34,800,175.33,2100,175.32,300,175.3,1500,175.29,1000,175.28,1300,175.27,100,175.25,900,175.41,1900,175.42,1000,175.43,700,175.44,200,175.45,1400,175.46,300,175.47,1600,175.48,1100,175.49,900,175.5,500
2026-02-05 09:31:22,174.815,174.86,1,174.77,400,174.86,1100,174.86,174.77,174.77,400,174.73,2000,174.72,700,174.71,400,174.69,200,174.68,1800,174.67,2000,174.66,1600,174.63,1200,174.62,200,174.86,1100,174.88,2400,174.89,300,174.9,300,174.91,1900,174.92,500,174.93,200,174.94,500,174.95,400,174.97,700
2026-02-05 09:31:23,174.825,174.84,1,174.81,400,174.84,100,174.84,174.81,174.81,400,174.8,200,174.79,200,174.77,200,174.75,100,174.74,100,174.73,2100,174.72,700,174.71,400,174.69,200,174.84,100,174.85,700,174.86,100,174.87,700,174.88,300,174.89,100,174.9,300,174.91,700,174.92,500,174.93,200
2026-02-05 09:31:24,174.845,174.84,1,174.83,300,174.86,100,174.86,174.83,174.83,300,174.82,1500,174.81,600,174.8,300,174.79,100,174.78,100,174.77,200,174.75,100,174.74,100,174.73,2100,174.86,100,174.88,200,174.89,300,174.9,200,174.91,400,174.92,300,174.93,900,174.94,1100,174.95,400,174.97,700
2026-02-05 09:31:25,174.895,174.9,1,174.88,200,174.91,2100,174.91,174.88,174.88,200,174.87,400,174.86,200,174.85,200,174.84,100,174.83,400,174.82,100,174.81,100,174.8,800,174.79,100,174.91,2100,174.93,1400,174.94,1100,174.95,400,174.97,700,174.98,900,174.99,400,175.0,600,175.01,1400,175.02,1600
2026-02-05 09:31:26,174.855,174.86,2,174.84,100,174.87,100,174.87,174.84,174.84,100,174.83,100,174.82,300,174.81,300,174.8,800,174.79,100,174.78,100,174.77,200,174.75,100,174.74,100,174.87,100,174.89,600,174.9,1300,174.91,2000,174.93,1400,174.94,1100,174.95,400,174.97,700,174.98,900,174.99,400
2026-02-05 09:31:27,174.825,174.83,2,174.8,800,174.85,1200,174.85,174.8,174.8,800,174.79,100,174.78,100,174.77,200,174.75,100,174.74,100,174.73,2100,174.72,700,174.71,400,174.69,200,174.85,1200,174.86,200,174.87,1400,174.88,500,174.89,600,174.9,800,174.91,600,174.92,1300,174.93,1400,174.94,1100
2026-02-05 09:31:28,174.945,174.94,2,174.91,100,174.98,1600,174.98,174.91,174.91,100,174.9,200,174.89,500,174.88,100,174.86,100,174.85,600,174.82,100,174.81,100,174.8,800,174.79,100,174.98,1600,174.99,400,175.0,600,175.01,1400,175.02,1600,175.03,500,175.04,200,175.05,300,175.07,200,175.08,300
2026-02-05 09:31:29,175.045,175.06,5,175.01,100,175.08,1300,175.08,175.01,175.01,100,175.0,300,174.99,400,174.98,200,174.97,100,174.95,300,174.93,100,174.92,100,174.91,200,174.9,200,175.08,1300,175.1,800,175.11,1400,175.12,700,175.13,800,175.14,300,175.15,600,175.16,300,175.17,200,175.18,1700
2026-02-05 09:31:30,175.15,175.16,1,175.13,200,175.17,700,175.17,175.13,175.13,200,175.12,300,175.1,400,175.09,1300,175.07,200,175.06,500,175.05,100,175.04,100,175.03,200,175.02,400,175.17,700,175.18,300,175.19,700,175.2,700,175.21,300,175.22,1400,175.23,100,175.24,800,175.25,700,175.27,600
2026-02-05 09:31:31,175.135,175.1,1,175.1,600,175.17,1500,175.17,175.1,175.1,600,175.09,1700,175.06,1200,175.04,1200,175.02,400,175.01,200,175.0,300,174.99,400,174.98,200,174.97,100,175.17,1500,175.18,2200,175.19,700,175.2,700,175.21,300,175.22,1400,175.23,100,175.24,800,175.25,700,175.27,600
2026-02-05 09:31:32,175.13,175.13,2,175.1,1300,175.16,600,175.16,175.1,175.1,1300,175.08,100,175.07,200,175.05,1300,175.04,1200,175.02,400,175.01,200,175.0,300,174.99,400,174.98,200,175.16,600,175.17,1100,175.18,1900,175.19,700,175.2,700,175.21,300,175.22,1400,175.23,100,175.24,800,175.25,700
2026-02-05 09:31:33,175.065,175.09,1,175.04,1400,175.09,2000,175.09,175.04,175.04,1400,175.02,400,175.01,200,175.0,300,174.99,400,174.98,200,174.97,100,174.95,300,174.93,100,174.92,100,175.09,2000,175.11,1500,175.12,700,175.13,200,175.14,100,175.15,100,175.16,1500,175.17,1200,175.18,2100,175.19,700
2026-02-05 09:31:34,175.11,175.11,1,175.08,1500,175.14,2300,175.14,175.08,175.08,1500,175.07,200,175.06,500,175.05,100,175.03,100,175.02,1700,175.01,200,175.0,300,174.99,400,174.98,200,175.14,2300,175.15,600,175.16,200,175.17,500,175.18,2200,175.19,700,175.2,700,175.21,300,175.22,1400,175.23,100
2026-02-05 09:31:35,175.09,175.09,2,175.07,800,175.11,1400,175.11,175.07,175.07,800,175.06,500,175.05,100,175.03,100,175.02,1700,175.01,200,175.0,300,174.99,400,174.98,200,174.97,100,175.11,1400,175.12,100,175.13,600,175.14,400,175.15,1400,175.16,400,175.17,1200,175.18,2100,175.19,700,175.2,700
2026-02-05 09:31:36,175.13,175.16,5,175.11,500,175.15,600,175.15,175.11,175.11,500,175.1,300,175.09,1500,175.08,100,175.06,300,175.05,100,175.03,100,175.02,1700,175.01,200,175.0,300,175.15,600,175.16,1600,175.17,1300,175.18,1500,175.19,700,175.2,700,175.21,300,175.22,1400,175.23,100,175.24,800
2026-02-05 09:31:37,174.95,174.96,1,174.92,500,174.98,900,174.98,174.92,174.92,500,174.91,1500,174.9,200,174.89,500,174.88,100,174.86,100,174.85,600,174.82,100,174.81,100,174.8,800,174.98,900,175.0,1600,175.01,1100,175.02,800,175.03,1500,175.04,500,175.05,200,175.06,200,175.07,1600,175.08,1300
2026-02-05 09:31:38,175.09,175.11,1,175.07,100,175.11,1200,175.11,175.07,175.07,100,175.06,1400,175.05,100,175.04,1700,175.03,100,175.02,700,175.0,1100,174.98,1200,174.95,1200,174.94,100,175.11,1200,175.12,1600,175.13,500,175.16,1599,175.17,1300,175.18,1500,175.19,700,175.2,700,175.21,300,175.22,1400
2026-02-05 09:31:39,175.02,175.02,2,174.99,100,175.05,500,175.05,174.99,174.99,100,174.98,100,174.97,100,174.96,1200,174.95,1200,174.94,100,174.92,499,174.91,1500,174.9,200,174.89,500,175.05,500,175.06,800,175.07,2100,175.08,1000,175.09,100,175.1,900,175.11,1500,175.12,1699,175.13,500,175.16,1599
2026-02-05 09:31:40,175.085,175.1,2,175.06,900,175.11,800,175.11,175.06,175.06,900,175.05,100,175.04,100,175.02,100,175.01,400,175.0,100,174.99,900,174.98,600,174.97,100,174.96,1100,175.11,800,175.12,1999,175.13,500,175.16,1599,175.17,1300,175.18,1500,175.19,700,175.2,700,175.21,300,175.22,1400
2026-02-05 09:31:41,175.15,175.14,1,175.13,900,175.17,900,175.17,175.13,175.13,900,175.12,1000,175.11,800,175.1,100,175.09,1900,175.07,100,175.06,900,175.05,100,175.04,100,175.02,100,175.17,900,175.18,1500,175.19,700,175.2,700,175.21,300,175.22,1400,175.23,100,175.24,800,175.25,700,175.27,600
2026-02-05 09:31:42,174.975,175.01,1,174.96,1200,174.99,100,174.99,174.96,174.96,1200,174.95,1200,174.94,100,174.92,499,174.91,1500,174.9,200,174.89,500,174.88,100,174.86,100,174.85,600,174.99,100,175.0,200,175.01,300,175.02,1000,175.03,400,175.05,700,175.06,1300,175.08,300,175.09,1400,175.1,600
2026-02-05 09:31:43,174.86,174.86,2,174.85,1100,174.87,200,174.87,174.85,174.85,1100,174.84,700,174.82,100,174.81,100,174.8,800,174.79,100,174.78,100,174.77,200,174.75,100,174.74,100,174.87,200,174.88,800,174.9,800,174.92,400,174.93,800,174.94,1300,174.95,800,174.96,300,174.97,500,174.99,1100
2026-02-05 09:31:44,174.75,174.76,6,174.72,2300,174.78,900,174.78,174.72,174.72,2300,174.71,1300,174.7,100,174.69,600,174.68,1800,174.67,2000,174.66,1600,174.63,1200,174.62,200,174.59,500,174.78,900,174.79,100,174.8,1100,174.82,600,174.83,600,174.84,700,174.85,600,174.86,100,174.87,800,174.88,800
2026-02-05 09:31:45,174.75,174.76,1,174.72,2200,174.78,1500,174.78,174.72,174.72,2200,174.71,1300,174.7,100,174.69,600,174.68,1800,174.67,2000,174.66,1600,174.63,1200,174.62,200,174.59,500,174.78,1500,174.79,200,174.8,3100,174.81,500,174.82,600,174.83,600,174.84,700,174.85,600,174.86,100,174.87,800
2026-02-05 09:31:46,174.765,174.72,5,174.74,100,174.79,900,174.79,174.74,174.74,100,174.73,1000,174.72,2200,174.71,1300,174.7,100,174.69,600,174.68,1800,174.67,2000,174.66,1600,174.63,1200,174.79,900,174.8,1000,174.81,1000,174.82,1300,174.83,700,174.84,1000,174.85,600,174.86,100,174.87,800,174.88,800
2026-02-05 09:31:47,174.795,174.79,2,174.78,1600,174.81,1400,174.81,174.78,174.78,1600,174.77,1600,174.76,1300,174.75,600,174.74,2400,174.73,2300,174.72,1700,174.71,2100,174.7,100,174.69,600,174.81,1400,174.82,1300,174.83,700,174.84,1000,174.85,600,174.86,100,174.87,800,174.88,800,174.9,800,174.92,400
2026-02-05 09:31:48,174.925,174.9,3,174.9,400,174.95,900,174.95,174.9,174.9,400,174.89,1200,174.88,200,174.86,1400,174.85,100,174.84,1000,174.83,400,174.82,100,174.81,500,174.8,800,174.95,900,174.96,1500,174.97,500,174.99,1100,175.0,500,175.01,300,175.02,1000,175.03,400,175.05,700,175.06,1300
2026-02-05 09:31:49,174.94,174.97,1,174.91,1200,174.97,100,174.97,174.91,174.91,1200,174.9,1200,174.89,100,174.88,1900,174.86,1400,174.85,100,174.84,1000,174.83,400,174.82,100,174.81,500,174.97,100,174.98,700,174.99,1300,175.0,500,175.01,300,175.02,1000,175.03,400,175.05,700,175.06,1300,175.08,300
2026-02-05 09:31:50,174.905,174.91,1,174.89,100,174.93,1000,174.93,174.89,174.88,2000,174.86,1400,174.85,100,174.84,1000,174.83,400,174.82,100,174.81,500,174.8,800,174.79,1400,174.78,1600,174.93,1000,174.94,1200,174.95,600,174.96,2400,174.97,600,174.98,1300,174.99,1400,175.0,500,175.01,300,175.02,1000
2026-02-05 09:31:51,174.81,174.81,1,174.81,200,174.81,100,174.81,174.8,174.81,200,174.8,700,174.79,1400,174.78,1600,174.77,1600,174.76,1300,174.75,600,174.74,2400,174.73,2300,174.72,1700,174.81,100,174.82,900,174.83,200,174.84,700,174.85,300,174.86,100,174.88,100,174.89,800,174.9,700,174.91,100
2026-02-05 09:31:52,174.78,174.79,1,174.75,1000,174.81,100,174.81,174.75,174.75,1000,174.73,1300,174.72,1200,174.71,400,174.7,1100,174.69,600,174.68,1800,174.67,2000,174.66,1600,174.63,1200,174.81,100,174.82,1900,174.83,200,174.84,700,174.85,300,174.86,100,174.88,100,174.89,800,174.9,700,174.91,100
2026-02-05 09:31:53,174.915,174.91,1,174.88,1000,174.95,800,174.95,174.88,174.88,1000,174.87,1800,174.84,200,174.83,1100,174.82,700,174.81,500,174.8,100,174.79,1200,174.78,1400,174.77,800,174.95,800,174.96,1900,174.97,600,174.98,1300,174.99,1400,175.0,500,175.01,300,175.02,1000,175.03,400,175.05,700
2026-02-05 09:31:54,174.865,174.87,7,174.84,200,174.89,1600,174.89,174.84,174.84,200,174.82,800,174.81,800,174.78,100,174.77,1100,174.76,100,174.75,1100,174.73,1300,174.72,1200,174.71,400,174.89,1600,174.9,900,174.91,600,174.92,900,174.93,300,174.94,200,174.95,500,174.96,2100,174.97,600,174.98,1300
2026-02-05 09:31:55,174.8,174.8,1,174.76,1000,174.84,700,174.84,174.76,174.76,1000,174.75,1300,174.73,1300,174.72,1200,174.71,400,174.7,1100,174.69,600,174.68,1800,174.67,2000,174.66,1600,174.84,700,174.86,1600,174.87,1000,174.88,1300,174.89,100,174.9,100,174.91,400,174.92,100,174.93,600,174.94,699
2026-02-05 09:31:56,174.76,174.76,1,174.74,900,174.78,1500,174.78,174.74,174.74,900,174.73,700,174.72,700,174.71,500,174.7,900,174.69,600,174.68,1800,174.67,2000,174.66,1600,174.63,1200,174.78,1500,174.8,1300,174.81,1100,174.82,500,174.83,2000,174.85,700,174.86,1600,174.87,1000,174.88,1300,174.89,100
2026-02-05 09:31:57,174.755,174.77,1,174.74,600,174.76,800,174.76,174.74,174.75,1200,174.74,200,174.73,800,174.72,1000,174.71,900,174.7,1200,174.69,600,174.68,1800,174.67,2000,174.66,1600,174.76,800,174.78,400,174.79,800,174.8,900,174.81,1100,174.82,200,174.83,1300,174.85,700,174.86,1600,174.87,1000
2026-02-05 09:31:58,174.7,174.68,1,174.68,1200,174.72,1200,174.72,174.68,174.68,600,174.67,700,174.66,100,174.65,600,174.64,800,174.63,1000,174.62,500,174.61,1000,174.6,1200,174.59,500,174.72,1100,174.73,500,174.74,800,174.77,1200,174.78,400,174.79,800,174.8,900,174.81,1100,174.82,200,174.83,1300
2026-02-05 09:31:59,174.655,174.66,1,174.63,600,174.68,400,174.68,174.63,174.63,600,174.62,600,174.6,1700,174.59,500,174.58,800,174.57,1000,174.55,500,174.54,1200,174.53,900,174.51,999,174.68,400,174.69,1600,174.7,800,174.71,100,174.72,300,174.73,200,174.74,1600,174.75,900,174.76,1600,174.77,300
2026-02-05 09:32:00,174.66,174.66,1,174.63,1000,174.69,1000,174.69,174.63,174.63,1000,174.62,1100,174.61,1100,174.59,600,174.57,1100,174.55,500,174.54,1200,174.53,900,174.51,999,174.5,500,174.69,1000,174.7,800,174.71,1900,174.72,300,174.73,200,174.74,1600,174.75,900,174.76,1600,174.77,300,174.78,200
2026-02-05 09:32:01,174.68,174.68,1,174.65,900,174.71,2300,174.71,174.65,174.65,900,174.64,800,174.63,800,174.62,1200,174.61,1100,174.59,600,174.57,1100,174.55,500,174.54,1200,174.53,900,174.71,2300,174.72,300,174.73,200,174.74,1600,174.75,900,174.76,1600,174.77,300,174.78,200,174.79,900,174.8,900
2026-02-05 09:32:02,174.655,174.68,1,174.62,1100,174.69,1400,174.69,174.62,174.62,1100,174.61,1300,174.6,200,174.59,100,174.58,400,174.57,1300,174.55,500,174.54,1200,174.53,900,174.51,999,174.69,1400,174.7,800,174.71,400,174.72,100,174.74,1200,174.75,100,174.76,100,174.77,1400,174.78,200,174.79,900
2026-02-05 09:32:03,174.555,174.57,2,174.53,1100,174.58,800,174.58,174.53,174.53,1100,174.52,500,174.51,400,174.5,800,174.49,500,174.47,800,174.44,1100,174.43,100,174.42,200,174.4,1200,174.58,800,174.59,1900,174.6,100,174.61,100,174.62,200,174.63,200,174.64,200,174.65,1100,174.66,500,174.67,200
2026-02-05 09:32:04,174.535,174.54,1,174.5,1000,174.57,1900,174.57,174.5,174.5,1000,174.49,500,174.47,800,174.44,1100,174.43,100,174.42,200,174.4,1200,174.39,200,174.38,1400,174.37,100,174.57,1900,174.61,500,174.62,900,174.63,600,174.64,1200,174.65,800,174.66,100,174.67,400,174.68,200,174.69,900
2026-02-05 09:32:05,174.585,174.58,1,174.56,500,174.61,1200,174.61,174.56,174.56,500,174.55,600,174.53,1300,174.52,1400,174.51,700,174.5,1100,174.49,500,174.47,800,174.44,1100,174.43,100,174.61,1200,174.62,900,174.63,600,174.64,1200,174.65,800,174.66,100,174.67,400,174.68,200,174.69,900,174.7,1200
2026-02-05 09:32:06,174.625,174.62,1,174.6,200,174.65,100,174.65,174.6,174.6,200,174.59,1100,174.58,1400,174.56,800,174.55,100,174.54,800,174.53,1300,174.52,1400,174.51,700,174.5,1100,174.65,100,174.66,1000,174.67,1800,174.68,200,174.69,900,174.7,1200,174.71,400,174.72,100,174.74,1200,174.75,100
2026-02-05 09:32:07,174.445,174.54,1,174.42,1100,174.47,200,174.47,174.42,174.42,1100,174.4,1200,174.39,200,174.38,1400,174.37,100,174.34,899,174.32,1100,174.31,700,174.3,999,174.29,200,174.47,200,174.48,500,174.49,1000,174.5,100,174.51,1300,174.52,100,174.53,500,174.54,900,174.55,100,174.56,900
2026-02-05 09:32:08,174.325,174.32,1,174.32,2200,174.33,400,174.33,174.32,174.32,2200,174.31,800,174.3,2199,174.29,200,174.28,11900,174.24,2600,174.23,1300,174.22,700,174.21,1700,174.19,1300,174.33,100,174.34,200,174.35,100,174.36,700,174.37,100,174.38,200,174.39,1400,174.4,400,174.41,200,174.43,100
2026-02-05 09:32:09,174.29,174.27,5,174.27,900,174.31,700,174.31,174.27,174.27,900,174.26,400,174.25,1200,174.24,2600,174.23,1300,174.22,700,174.21,1700,174.19,1300,174.18,1800,174.16,100,174.31,700,174.32,200,174.33,1200,174.34,200,174.35,1000,174.36,100,174.37,900,174.38,200,174.39,1400,174.4,400
2026-02-05 09:32:10,174.22,174.24,1,174.21,1500,174.23,700,174.23,174.21,174.21,1800,174.19,1300,174.18,1800,174.16,100,174.15,1000,174.14,1100,174.13,100,174.12,1000,174.11,600,174.1,1800,174.23,500,174.24,100,174.26,1800,174.27,100,174.28,900,174.29,2100,174.3,100,174.31,1500,174.32,800,174.33,1700
2026-02-05 09:32:11,174.12,174.12,3,174.1,2500,174.14,200,174.14,174.1,174.1,2500,174.09,200,174.08,300,174.07,1500,174.06,1499,174.05,900,174.04,200,174.03,1200,174.02,900,174.01,1000,174.14,200,174.15,300,174.16,100,174.17,900,174.19,1400,174.2,100,174.21,400,174.22,800,174.23,100,174.24,1200
2026-02-05 09:32:12,173.94,173.93,1,173.91,100,173.97,1100,173.97,173.91,173.91,100,173.9,500,173.88,2300,173.86,3500,173.85,200,173.84,300,173.83,300,173.82,100,173.81,100,173.8,100,173.97,1100,173.98,1100,174.0,700,174.02,1100,174.03,100,174.04,500,174.05,400,174.06,500,174.07,600,174.08,200
2026-02-05 09:32:13,173.93,173.93,1,173.9,600,173.96,1900,173.96,173.9,173.9,600,173.88,2300,173.86,3500,173.85,200,173.84,300,173.83,300,173.82,100,173.81,100,173.8,100,173.79,1400,173.96,1900,173.97,1100,173.98,1200,173.99,100,174.0,1100,174.01,100,174.02,100,174.03,1500,174.04,300,174.05,1100
2026-02-05 09:32:14,173.895,173.89,4,173.88,100,173.91,500,173.91,173.88,173.88,100,173.87,100,173.86,100,173.85,400,173.84,300,173.83,300,173.82,100,173.81,100,173.8,100,173.79,1400,173.91,500,173.92,100,173.93,900,173.95,700,173.96,700,173.97,500,173.98,300,173.99,1300,174.0,1200,174.01,100
2026-02-05 09:32:15,173.9,173.89,1,173.88,200,173.91,600,173.91,173.88,173.88,200,173.86,1000,173.85,1100,173.84,300,173.83,300,173.82,100,173.81,100,173.8,100,173.79,1400,173.77,300,173.92,900,173.93,800,173.94,500,173.95,1100,173.96,400,173.97,100,173.98,1200,173.99,1300,174.0,1200,174.01,100
2026-02-05 09:32:16,173.895,173.9,1,173.88,300,173.91,500,173.91,173.88,173.88,300,173.86,600,173.85,1100,173.84,300,173.83,300,173.82,100,173.81,100,173.8,100,173.79,1400,173.77,300,173.91,500,173.92,700,173.93,1000,173.94,800,173.95,1100,173.96,400,173.97,100,173.98,1200,173.99,1300,174.0,1200
2026-02-05 09:32:17,173.9,173.92,1,173.88,100,173.92,1100,173.92,173.88,173.88,100,173.87,300,173.85,200,173.84,1100,173.83,300,173.82,100,173.81,100,173.8,100,173.79,1400,173.77,300,173.92,1100,173.94,800,173.95,400,173.96,1200,173.97,200,173.98,1200,173.99,1300,174.0,1200,174.01,100,174.02,100
2026-02-05 09:32:18,173.945,173.97,1,173.92,1200,173.97,1200,173.97,173.92,173.92,1200,173.91,800,173.9,400,173.88,900,173.87,2200,173.85,200,173.84,1100,173.83,300,173.82,100,173.81,100,173.97,1200,173.98,1200,173.99,1300,174.0,1200,174.01,100,174.02,100,174.03,1500,174.04,300,174.05,1100,174.06,500
2026-02-05 09:32:19,173.885,173.88,1,173.86,800,173.91,1100,173.91,173.86,173.86,800,173.85,100,173.84,1900,173.83,300,173.82,100,173.81,100,173.8,100,173.79,1400,173.77,300,,,173.91,1100,173.92,1400,173.94,1600,173.95,500,173.96,1800,173.98,600,173.99,1200,174.0,1300,174.01,100,174.02,100
2026-02-05 09:32:20,173.885,173.88,1,173.87,100,173.9,700,173.9,173.87,173.87,100,173.86,1100,173.85,2800,173.84,1800,173.83,1700,173.82,600,173.81,1400,173.8,1600,173.79,1400,173.77,300,173.9,700,173.91,200,173.93,100,173.94,300,173.96,2000,173.98,600,173.99,1200,174.0,1300,174.01,100,174.02,100
2026-02-05 09:32:21,173.825,173.82,8,173.81,100,173.84,1300,173.84,173.81,173.81,100,173.8,600,173.79,100,173.78,1000,173.77,1100,,,,,,,,,,,173.84,1300,173.85,1300,173.86,1700,173.87,500,173.88,500,173.89,800,173.91,200,173.92,500,173.93,1400,173.94,300
2026-02-05 09:32:22,173.775,173.77,5,173.75,600,173.8,900,173.8,173.75,173.75,600,173.74,800,173.73,1100,,,,,,,,,,,,,,,173.8,900,173.81,100,173.82,700,173.83,900,173.84,1200,173.85,1300,173.86,1700,173.87,500,173.88,500,173.89,800
2026-02-05 09:32:23,173.745,173.73,1,173.72,900,173.77,1000,173.77,173.72,173.72,900,173.71,300,173.7,900,173.69,800,173.68,900,173.67,500,,,,,,,,,173.77,1000,173.78,1200,173.79,900,173.8,899,173.81,100,173.82,700,173.83,900,173.84,1200,173.85,1300,173.86,1700
2026-02-05 09:32:24,173.8,173.81,1,173.78,800,173.82,100,173.82,173.78,173.78,800,173.77,1000,173.76,1400,173.75,100,173.74,1000,173.73,100,173.72,800,173.71,300,173.7,1000,173.68,900,173.82,100,173.83,100,173.84,800,173.85,1100,173.86,1700,173.87,500,173.88,500,173.89,800,173.91,200,173.92,500
2026-02-05 09:32:25,173.805,173.82,10,173.79,300,173.82,400,173.82,173.79,173.79,300,173.78,600,173.77,700,173.76,1200,173.75,100,173.74,1000,173.73,100,173.72,800,173.71,300,173.7,1000,173.82,400,173.84,500,173.85,400,173.86,200,173.87,400,173.88,300,173.89,200,173.9,300,173.91,100,173.92,500
2026-02-05 09:32:26,173.975,173.98,1,173.96,300,173.99,1100,173.99,173.96,173.96,300,173.93,900,173.92,100,173.91,700,173.89,100,173.88,1900,173.87,1200,173.86,1000,173.85,800,173.84,600,173.99,1100,174.0,2300,174.01,100,174.02,100,174.03,1500,174.04,300,174.05,1100,174.06,500,174.07,600,174.08,200
2026-02-05 09:32:27,173.945,173.92,1,173.93,300,173.96,800,173.96,173.93,173.93,300,173.91,100,173.9,1600,173.85,1700,173.84,600,173.82,600,173.81,900,173.8,200,173.79,900,173.78,300,173.96,800,173.97,100,173.98,1200,173.99,300,174.0,100,174.01,200,174.02,600,174.03,700,174.04,1100,174.05,500
2026-02-05 09:32:28,173.9,173.9,1,173.87,1100,173.93,700,173.93,173.87,173.87,1100,173.86,1200,173.85,1700,173.84,600,173.82,600,173.81,900,173.8,200,173.79,900,173.78,300,173.77,300,173.93,700,173.94,1000,173.95,900,173.96,700,173.97,1500,173.98,100,173.99,1200,174.0,100,174.01,200,174.02,600
2026-02-05 09:32:29,173.96,173.95,1,173.93,200,173.99,1400,173.99,173.93,173.93,200,173.92,1300,173.91,900,173.9,600,173.89,1000,173.88,200,173.87,1200,173.85,1700,173.84,600,173.82,600,173.99,1400,174.0,100,174.01,200,174.02,600,174.03,700,174.04,1100,174.05,500,174.06,900,174.07,300,174.08,200
2026-02-05 09:32:30,173.995,173.98,1,173.97,1000,174.02,1300,174.02,173.97,173.97,1000,173.96,600,173.95,700,173.93,1100,173.92,1300,173.91,900,173.9,600,173.89,1000,173.88,200,173.87,1200,174.02,1300,174.03,700,174.04,1100,174.05,500,174.06,900,174.07,300,174.08,200,174.09,1100,174.1,400,174.11,1300
2026-02-05 09:32:31,173.765,173.78,1,173.75,200,173.78,700,173.78,173.75,173.75,200,173.74,1000,173.73,100,173.72,800,173.71,300,173.7,1000,173.68,900,173.67,500,,,,,173.78,700,173.79,900,173.8,100,173.82,900,173.83,600,173.84,1300,173.85,500,173.86,600,173.87,800,173.89,600
2026-02-05 09:32:32,173.855,173.81,3,173.84,500,173.87,1100,173.87,173.84,173.84,500,173.8,1300,173.78,100,173.77,500,173.76,100,173.75,800,173.74,800,173.73,200,173.72,100,173.71,800,173.87,1100,173.89,1400,173.9,1100,173.91,500,173.92,600,173.93,600,173.94,500,173.95,600,173.96,100,173.98,300
2026-02-05 09:32:33,174.2,174.21,1,174.18,200,174.22,700,174.22,174.18,174.18,200,174.17,100,174.16,300,174.15,700,174.14,500,174.13,500,174.12,300,174.11,300,174.1,900,174.09,200,174.22,700,174.23,1100,174.24,1200,174.25,600,174.26,1900,174.27,100,174.28,900,174.29,2100,174.3,100,174.31,1500
2026-02-05 09:32:34,174.27,174.23,1,174.25,200,174.29,1500,174.29,174.25,174.25,200,174.24,500,174.22,1100,174.21,100,174.2,100,174.19,900,174.18,300,174.17,500,174.16,1200,174.15,700,174.29,1500,174.3,100,174.31,1500,174.32,800,174.33,1700,174.34,200,174.35,1000,174.36,100,174.37,900,174.38,200
2026-02-05 09:32:35,174.42,174.42,10,174.4,600,174.44,200,174.44,174.4,174.4,600,174.38,800,174.37,400,174.36,700,174.35,800,174.34,100,174.33,1000,174.32,100,174.31,700,174.3,200,174.44,200,174.45,500,174.46,1700,174.47,200,174.48,1000,174.49,1100,174.51,2500,174.52,800,174.54,700,174.55,900
2026-02-05 09:32:36,174.315,174.3,2,174.29,600,174.34,600,174.34,174.29,174.29,600,174.28,500,174.27,1500,174.26,300,174.25,200,174.24,500,174.22,1100,174.21,100,174.2,100,174.19,900,174.34,600,174.35,600,174.38,500,174.39,600,174.4,500,174.41,1200,174.42,800,174.44,800,174.45,500,174.46,1700
2026-02-05 09:32:37,174.44,174.46,1,174.42,400,174.46,1300,174.46,174.42,174.42,400,174.41,1300,174.4,400,174.39,900,174.38,800,174.37,300,174.36,300,174.35,500,174.34,1000,174.33,300,174.46,1300,174.47,1600,174.48,1500,174.49,1100,174.51,2500,174.52,800,174.54,700,174.55,900,174.56,1300,174.57,1200
2026-02-05 09:32:38,174.465,174.45,1,174.45,1000,174.48,200,174.48,174.45,174.45,1000,174.44,1200,174.43,600,174.4,1600,174.39,900,174.38,800,174.37,300,174.36,300,174.35,500,174.34,1000,174.48,200,174.49,500,174.5,300,174.51,800,174.52,1600,174.54,700,174.55,900,174.56,1300,174.57,1200,174.58,500
2026-02-05 09:32:39,174.435,174.44,1,174.41,1000,174.46,700,174.46,174.41,174.41,1000,174.4,600,174.39,700,174.38,200,174.37,1400,174.36,1400,174.35,500,174.34,100,174.33,1400,174.32,1200,174.46,700,174.47,500,174.48,300,174.49,500,174.5,300,174.51,800,174.52,1600,174.54,700,174.55,900,174.56,1300
2026-02-05 09:32:40,174.49,174.48,1,174.47,900,174.51,200,174.51,174.47,174.47,900,174.46,900,174.45,1900,174.44,1200,174.42,600,174.41,999,174.4,600,174.39,700,174.38,200,174.37,1400,174.51,200,174.54,900,174.55,900,174.56,1300,174.57,1200,174.58,500,174.59,500,174.6,100,174.61,200,174.62,900
2026-02-05 09:32:41,174.75,174.76,1,174.73,1200,174.77,900,174.77,174.73,174.73,1200,174.72,1200,174.71,200,174.69,100,174.68,400,174.66,100,174.65,700,174.64,100,174.63,600,174.62,300,174.77,900,174.78,1100,174.79,900,174.8,900,174.81,1100,174.82,200,174.83,1300,174.85,700,174.86,1600,174.87,1000
2026-02-05 09:32:42,174.645,174.63,9,174.62,1200,174.67,200,174.67,174.62,174.62,1200,174.61,900,174.6,200,174.59,500,174.58,1100,174.56,200,174.55,1700,174.54,1000,174.53,200,174.52,100,174.67,200,174.68,700,174.69,500,174.7,300,174.71,500,174.72,200,174.73,1400,174.74,1100,174.75,100,174.76,100
2026-02-05 09:32:43,174.71,174.75,1,174.69,1400,174.73,100,174.73,174.69,174.69,1400,174.68,600,174.67,100,174.66,900,174.64,500,174.63,400,174.62,1100,174.61,900,174.6,200,174.59,500,174.73,100,174.74,2200,174.75,100,174.76,100,174.77,800,174.78,800,174.79,400,174.8,2000,174.81,1100,174.82,200
2026-02-05 09:32:44,174.735,174.73,1,174.72,1000,174.75,1400,174.75,174.72,174.72,1000,174.71,200,174.7,600,174.67,300,174.66,1100,174.64,500,174.63,400,174.62,1100,174.61,900,174.6,200,174.75,1400,174.76,1300,174.77,100,174.78,800,174.79,1400,174.8,2000,174.81,1100,174.82,200,174.83,1300,174.85,700
2026-02-05 09:32:45,174.64,174.64,1,174.61,1500,174.67,1400,174.67,174.61,174.61,1500,174.6,200,174.59,500,174.58,1100,174.56,200,174.55,1700,174.54,1000,174.53,200,174.52,100,174.51,1500,174.67,1400,174.68,300,174.69,1600,174.7,800,174.71,1500,174.72,200,174.73,100,174.74,2200,174.75,1599,174.76,1300
2026-02-05 09:32:46,174.72,174.71,1,174.7,600,174.74,600,174.74,174.7,174.7,600,174.69,500,174.68,800,174.67,900,174.66,300,174.65,1000,174.64,200,174.63,400,174.62,500,174.61,200,174.74,600,174.75,1999,174.76,1300,174.77,100,174.78,800,174.79,1400,174.8,2000,174.81,1100,174.82,200,174.83,1300
2026-02-05 09:32:47,174.76,174.75,1,174.74,700,174.78,1500,174.78,174.74,174.74,700,174.73,1400,174.72,600,174.71,1000,174.7,400,174.69,300,174.68,500,174.66,900,174.65,1000,174.64,200,174.78,1500,174.79,600,174.8,1900,174.81,1100,174.82,200,174.83,1300,174.85,700,174.86,1600,174.87,1000,174.88,1300
2026-02-05 09:32:48,174.74,174.77,1,174.72,1900,174.76,1700,174.76,174.72,174.72,1900,174.71,1000,174.7,400,174.69,300,174.68,500,174.66,900,174.65,1000,174.64,200,174.63,400,174.62,500,174.76,1700,174.77,200,174.79,100,174.8,2100,174.81,1100,174.82,200,174.83,1300,174.85,700,174.86,1600,174.87,1000
2026-02-05 09:32:49,174.725,174.73,1,174.7,2000,174.75,200,174.75,174.7,174.7,2000,174.69,300,174.68,500,174.66,900,174.65,1000,174.64,200,174.63,400,174.62,500,174.61,200,174.6,1100,174.75,200,174.76,1100,174.77,100,174.78,600,174.79,500,174.8,2100,174.81,1100,174.82,200,174.83,1300,174.85,700
2026-02-05 09:32:50,174.71,174.72,2,174.68,600,174.74,100,174.74,174.68,174.68,600,174.67,100,174.65,600,174.64,100,174.62,1100,174.61,200,174.6,1100,174.59,500,174.58,1100,174.56,200,174.74,100,174.75,800,174.76,600,174.77,100,174.78,400,174.79,1200,174.8,1900,174.81,1100,174.82,200,174.83,1300
2026-02-05 09:32:51,174.71,174.72,3,174.69,800,174.73,1400,174.73,174.69,174.69,800,174.68,1200,174.67,600,174.65,600,174.64,100,174.62,1100,174.61,200,174.6,1100,174.59,500,174.58,1100,174.73,1400,174.74,500,174.76,1000,174.77,800,174.78,800,174.79,500,174.8,600,174.81,1500,174.82,200,174.83,1300
2026-02-05 09:32:52,174.535,174.53,1,174.51,1500,174.56,500,174.56,174.51,174.51,1500,174.5,100,174.49,1400,174.48,1100,174.47,1000,174.46,900,174.45,1900,174.44,1200,174.42,600,174.41,999,174.56,500,174.57,200,174.58,700,174.6,400,174.61,300,174.62,600,174.63,400,174.65,1400,174.67,700,174.68,100
2026-02-05 09:32:53,174.565,174.57,1,174.55,100,174.58,100,174.58,174.55,174.55,100,174.54,1300,174.53,600,174.52,1600,174.51,100,174.5,600,174.49,1600,174.48,1100,174.47,1000,174.46,900,174.58,100,174.59,100,174.6,100,174.61,800,174.62,600,174.63,500,174.64,100,174.65,500,174.66,700,174.67,700
2026-02-05 09:32:54,174.56,174.58,3,174.54,1500,174.58,1900,174.58,174.54,174.54,1500,174.53,1100,174.52,1100,174.51,700,174.5,600,174.49,1600,174.48,1100,174.47,1000,174.46,900,174.45,1900,174.58,1900,174.59,100,174.6,100,174.61,800,174.62,600,174.63,500,174.64,100,174.65,500,174.66,700,174.67,700
2026-02-05 09:32:55,174.56,174.56,1,174.54,100,174.58,500,174.58,174.54,174.54,100,174.53,200,174.52,100,174.51,1100,174.5,600,174.49,1600,174.48,1100,174.47,1000,174.46,900,174.45,1900,174.58,500,174.59,1100,174.6,300,174.61,1000,174.62,300,174.63,900,174.64,600,174.65,900,174.66,700,174.67,700
2026-02-05 09:32:56,174.555,174.54,1,174.54,300,174.57,1100,174.57,174.54,174.54,300,174.53,200,174.52,100,174.5,1300,174.49,1600,174.48,1100,174.47,1000,174.46,900,174.45,1900,174.44,1200,174.57,1100,174.58,800,174.59,500,174.62,1300,174.63,900,174.64,600,174.65,900,174.66,700,174.67,700,174.68,100
2026-02-05 09:32:57,174.5,174.5,2,174.48,400,174.52,1300,174.52,174.48,174.48,400,174.47,700,174.46,200,174.45,1900,174.44,1200,174.42,600,174.41,999,174.4,600,174.39,700,174.38,200,174.52,1300,174.53,600,174.54,2000,174.56,100,174.57,1399,174.58,800,174.59,500,174.62,1300,174.63,900,174.64,600
2026-02-05 09:32:58,174.505,174.51,1,174.48,400,174.53,600,174.53,174.48,174.48,400,174.47,500,174.46,1400,174.45,1800,174.44,1200,174.42,600,174.41,999,174.4,600,174.39,700,174.38,200,174.53,600,174.54,1000,174.55,600,174.56,100,174.57,900,174.58,1200,174.59,500,174.62,1300,174.63,900,174.64,600
2026-02-05 09:32:59,174.445,174.45,4,174.42,200,174.47,1400,174.47,174.42,174.42,200,174.41,300,174.4,1300,174.39,1200,174.38,100,174.37,800,174.36,1300,174.35,100,174.34,1000,174.33,1400,174.47,1400,174.49,1200,174.5,600,174.51,1700,174.52,100,174.53,599,174.54,1000,174.55,600,174.56,100,174.57,900
2026-02-05 09:33:00,174.24,174.26,3,174.21,200,174.27,400,174.27,174.21,174.21,200,174.2,100,174.19,900,174.18,300,174.17,500,174.16,1200,174.15,700,174.14,500,174.13,100,174.12,700,174.27,400,174.28,100,174.29,100,174.3,1300,174.31,500,174.32,300,174.33,200,174.34,200,174.36,600,174.37,500
2026-02-05 09:33:01,174.335,174.3,1,174.31,300,174.36,200,174.36,174.31,174.31,300,174.28,200,174.27,400,174.26,1000,174.25,700,174.23,100,174.22,600,174.21,300,174.2,200,174.19,1000,174.36,200,174.37,1300,174.38,1400,174.39,900,174.4,100,174.41,900,174.42,100,174.43,1400,174.45,700,174.46,100
2026-02-05 09:33:02,174.255,174.26,2,174.23,400,174.28,900,174.28,174.23,174.23,400,174.22,500,174.21,300,174.2,200,174.19,1000,174.18,300,174.17,500,174.16,1200,174.15,700,174.14,500,174.28,900,174.29,400,174.3,1900,174.32,1300,174.33,200,174.34,100,174.35,200,174.36,1000,174.37,1300,174.38,1400
2026-02-05 09:33:03,174.34,174.33,2,174.31,300,174.37,1400,174.37,174.31,174.31,300,174.3,900,174.29,100,174.28,300,174.27,300,174.26,800,174.25,100,174.24,500,174.23,500,174.22,500,174.37,1400,174.38,400,174.39,1400,174.4,100,174.41,900,174.42,100,174.43,1400,174.45,700,174.46,100,174.47,1100
2026-02-05 09:33:04,174.18,174.15,1,174.15,200,174.21,1100,174.21,174.15,174.15,200,174.14,1500,174.13,100,174.12,900,174.11,400,174.1,900,174.09,500,174.08,700,174.07,400,174.06,400,174.21,1100,174.22,400,174.23,100,174.24,2000,174.25,100,174.26,100,174.27,200,174.28,1300,174.29,1300,174.3,500
2026-02-05 09:33:05,174.25,174.25,1,174.23,900,174.27,600,174.27,174.23,174.23,900,174.22,100,174.21,100,174.2,900,174.19,400,174.18,400,174.17,200,174.16,400,174.15,200,174.14,1500,174.27,600,174.28,900,174.29,1700,174.3,500,174.31,1100,174.32,1100,174.34,500,174.35,1300,174.36,200,174.37,900
2026-02-05 09:33:06,174.19,174.23,1,174.16,300,174.22,900,174.22,174.16,174.16,300,174.15,300,174.14,1500,174.13,100,174.12,900,174.11,400,174.1,900,174.09,500,174.08,700,174.07,400,174.22,900,174.23,800,174.24,500,174.25,900,174.26,1500,174.27,300,174.28,500,174.29,600,174.31,1300,174.32,1100
2026-02-05 09:33:07,174.065,174.07,1,174.04,200,174.09,800,174.09,174.04,174.04,200,174.03,500,174.02,600,174.0,900,173.99,300,173.98,500,173.97,500,173.96,300,173.95,600,173.94,700,174.09,800,174.11,1500,174.12,1400,174.13,700,174.14,1100,174.15,700,174.16,1000,174.17,400,174.18,600,174.19,400
2026-02-05 09:33:08,174.11,174.09,6,174.09,300,174.13,900,174.13,174.09,174.09,300,174.08,600,174.07,200,174.06,400,174.05,300,174.04,399,174.03,500,174.02,600,174.0,900,173.99,300,174.13,900,174.14,400,174.15,800,174.16,1600,174.17,400,174.18,600,174.19,400,174.2,400,174.21,1099,174.22,900
2026-02-05 09:33:09,174.06,174.06,5,174.04,399,174.08,1100,174.08,174.04,174.04,399,174.03,500,174.02,600,174.0,900,173.99,300,173.98,500,173.97,500,173.96,300,173.95,600,173.94,700,174.08,1100,174.09,1000,174.1,1100,174.11,1200,174.12,600,174.13,1100,174.14,800,174.15,800,174.16,1600,174.17,400
2026-02-05 09:33:10,174.05,174.09,3,174.04,300,174.06,100,174.06,174.04,174.04,300,174.03,100,174.02,300,174.01,700,174.0,1800,173.99,300,173.98,500,173.97,500,173.96,300,173.95,600,174.06,100,174.07,100,174.08,700,174.09,400,174.1,1100,174.11,900,174.12,300,174.13,1200,174.14,1200,174.15,800
2026-02-05 09:33:11,174.005,174.02,2,173.97,1200,174.04,900,174.04,173.97,173.97,1200,173.96,1000,173.95,500,173.94,1500,173.93,200,173.92,900,173.91,300,173.9,900,173.89,700,173.88,2200,174.04,900,174.05,200,174.06,200,174.08,700,174.09,400,174.1,1100,174.11,900,174.12,300,174.13,1200,174.14,1200
2026-02-05 09:33:12,173.985,173.94,1,173.96,900,174.01,1200,174.01,173.96,173.96,900,173.94,2100,173.93,200,173.92,900,173.91,300,173.9,900,173.89,700,173.88,2200,173.87,1200,173.86,1100,174.01,1200,174.02,1100,174.04,900,174.05,200,174.06,200,174.08,700,174.09,400,174.1,1100,174.11,900,174.12,300
2026-02-05 09:33:13,174.03,174.01,1,174.0,500,174.06,900,174.06,174.0,174.0,500,173.99,100,173.98,500,173.97,600,173.96,1200,173.93,1200,173.92,900,173.91,300,173.9,900,173.89,700,174.06,900,174.07,900,174.08,700,174.09,400,174.1,1100,174.11,900,174.12,300,174.13,1200,174.14,1200,174.15,800
2026-02-05 09:33:14,174.075,174.08,1,174.06,800,174.09,1000,174.09,174.06,174.06,800,174.05,1400,174.04,1100,174.03,800,174.01,900,173.98,500,173.97,600,173.96,1200,173.93,1200,173.92,900,174.09,1000,174.1,1100,174.11,900,174.12,300,174.13,1200,174.14,1200,174.15,800,174.16,1600,174.17,400,174.18,600
2026-02-05 09:33:15,173.975,173.99,1,173.96,1100,173.99,400,173.99,173.96,173.96,1100,173.93,900,173.92,900,173.91,300,173.9,900,173.89,700,173.88,2200,173.87,1200,173.86,1100,173.85,100,173.99,400,174.0,600,174.01,500,174.02,200,174.03,400,174.05,1100,174.06,1100,174.07,200,174.08,1300,174.09,500
2026-02-05 09:33:16,173.95,173.95,1,173.93,1300,173.97,1200,173.97,173.93,173.93,1300,173.92,900,173.91,300,173.9,900,173.89,700,173.88,2200,173.87,1200,173.86,1100,173.85,100,173.84,100,173.97,1200,173.98,500,173.99,900,174.0,1000,174.01,600,174.02,1400,174.03,400,174.05,1100,174.06,1100,174.07,200
2026-02-05 09:33:17,174.015,174.0,3,173.98,500,174.05,1200,174.05,173.98,173.98,500,173.97,1500,173.96,500,173.94,900,173.93,200,173.9,1700,173.89,700,173.88,2200,173.87,1200,173.86,1100,174.05,1200,174.06,1100,174.07,200,174.08,1300,174.09,500,174.1,1100,174.11,1100,174.12,400,174.13,1700,174.14,1200
2026-02-05 09:33:18,174.035,174.04,1,174.02,1600,174.05,600,174.05,174.02,174.02,1600,174.01,1300,174.0,400,173.98,500,173.96,200,173.95,400,173.93,900,173.9,1700,173.89,700,173.88,2200,174.05,600,174.06,700,174.07,1200,174.08,1300,174.09,500,174.1,1100,174.11,1100,174.12,400,174.13,1700,174.14,1200
2026-02-05 09:33:19,174.055,174.07,1,174.04,500,174.07,100,174.07,174.04,174.04,500,174.03,1200,174.02,1500,174.01,1300,174.0,400,173.98,500,173.96,200,173.95,400,173.93,900,173.9,1700,174.07,100,174.08,2300,174.09,500,174.1,1100,174.11,1100,174.12,400,174.13,1700,174.14,1200,174.15,800,174.16,1600
2026-02-05 09:33:20,174.24,174.24,1,174.21,100,174.27,1700,174.27,174.21,174.21,100,174.2,1300,174.18,100,174.17,200,174.16,400,174.15,1100,174.14,300,174.13,1300,174.12,1000,174.1,100,174.27,1700,174.28,500,174.29,600,174.31,1300,174.32,1100,174.34,500,174.35,1300,174.36,200,174.37,900,174.38,900
2026-02-05 09:33:21,174.235,174.23,1,174.22,100,174.25,1600,174.25,174.22,174.22,100,174.21,100,174.2,2200,174.18,100,174.17,200,174.16,400,174.15,1100,174.14,300,174.13,1300,174.12,1000,174.25,1600,174.27,1400,174.28,500,174.29,900,174.31,1300,174.32,1100,174.34,500,174.35,1300,174.36,200,174.37,900
2026-02-05 09:33:22,174.235,174.24,1,174.22,1000,174.25,700,174.25,174.22,174.22,1000,174.2,100,174.19,1200,174.18,800,174.17,200,174.16,400,174.15,1100,174.14,300,174.13,1300,174.12,1000,174.25,700,174.26,1500,174.27,700,174.28,900,174.29,1300,174.31,1300,174.32,1100,174.34,500,174.35,1300,174.36,200
2026-02-05 09:33:23,174.36,174.35,4,174.35,100,174.37,400,174.37,174.35,174.35,100,174.34,100,174.33,400,174.32,700,174.3,200,174.29,600,174.28,100,174.26,100,174.25,900,174.24,100,174.37,400,174.39,1000,174.4,700,174.41,1000,174.42,100,174.43,1400,174.45,700,174.46,100,174.47,1100,174.48,1000
2026-02-05 09:33:24,174.355,174.37,13,174.34,100,174.37,1400,174.37,174.34,174.34,100,174.33,300,174.32,3400,174.31,200,174.3,1300,174.29,600,174.28,100,174.26,100,174.25,900,174.24,100,174.37,1400,174.38,1400,174.39,1800,174.4,700,174.41,1000,174.42,100,174.43,1400,174.45,700,174.46,100,174.47,1100
2026-02-05 09:33:25,174.41,174.39,1,174.39,600,174.43,1400,174.43,174.39,174.39,600,174.38,300,174.37,600,174.36,200,174.35,400,174.34,1100,174.33,300,174.32,3400,174.31,200,174.3,1300,174.43,1400,174.45,700,174.46,100,174.47,1100,174.48,1000,174.49,1200,174.5,600,174.51,1700,174.52,100,174.53,599
2026-02-05 09:33:26,174.375,174.37,3,174.35,1100,174.4,600,174.4,174.35,174.35,1100,174.34,1100,174.33,300,174.32,3400,174.31,200,174.3,1300,174.29,600,174.28,100,174.26,100,174.25,900,174.4,600,174.41,700,174.42,100,174.43,700,174.44,1500,174.46,1100,174.47,1000,174.48,1000,174.49,1200,174.5,600
2026-02-05 09:33:27,174.385,174.4,1,174.36,1000,174.41,1400,174.41,174.36,174.36,1000,174.35,1100,174.34,100,174.33,700,174.32,1300,174.31,1000,174.3,100,174.29,600,174.28,100,174.27,100,174.41,1400,174.42,1000,174.43,700,174.44,1500,174.46,1100,174.47,1000,174.48,1000,174.49,1200,174.5,600,174.51,1700
2026-02-05 09:33:28,174.36,174.39,1,174.33,800,174.39,900,174.39,174.33,174.33,800,174.32,1200,174.31,1000,174.3,100,174.29,600,174.28,100,174.27,100,174.26,1600,174.25,100,174.24,600,174.39,900,174.4,500,174.41,1400,174.42,700,174.43,100,174.44,100,174.45,100,174.46,700,174.47,500,174.48,900
2026-02-05 09:33:29,174.34,174.32,3,174.32,1100,174.36,1200,174.36,174.32,174.32,1100,174.31,900,174.3,300,174.29,100,174.28,600,174.27,100,174.26,1700,174.25,100,174.24,600,174.23,100,174.36,1200,174.37,600,174.38,1100,174.39,1100,174.4,800,174.41,1400,174.42,700,174.43,100,174.44,100,174.45,100
2026-02-05 09:33:30,174.285,174.3,1,174.27,1600,174.3,900,174.3,174.27,174.27,1600,174.26,1600,174.25,100,174.24,600,174.23,100,174.22,1000,174.21,1100,174.2,100,174.19,1200,174.18,800,174.3,900,174.31,700,174.32,600,174.33,1500,174.34,1600,174.36,600,174.37,1300,174.38,600,174.39,1900,174.4,800
2026-02-05 09:33:31,174.485,174.49,1,174.48,200,174.49,1400,174.49,174.48,174.48,200,174.47,1200,174.46,1900,174.45,200,174.44,400,174.43,1600,174.42,200,174.4,1400,174.39,900,174.37,800,174.49,1400,174.5,1700,174.51,1700,174.52,100,174.53,599,174.54,1000,174.55,600,174.56,100,174.57,900,174.58,1200
2026-02-05 09:33:32,174.475,174.46,2,174.46,1300,174.49,700,174.49,174.46,174.46,1300,174.45,900,174.44,400,174.43,1600,174.42,200,174.4,1400,174.39,900,174.37,800,174.36,1400,174.35,800,174.49,700,174.5,1100,174.51,1000,174.52,1300,174.53,599,174.54,1000,174.55,600,174.56,100,174.57,900,174.58,1200
2026-02-05 09:33:33,174.475,174.48,1,174.45,600,174.5,800,174.5,174.45,174.45,600,174.43,1400,174.42,200,174.4,1400,174.39,900,174.37,800,174.36,1400,174.35,800,174.34,100,174.33,700,174.5,800,174.51,800,174.52,1800,174.53,599,174.54,1000,174.55,600,174.56,100,174.57,900,174.58,1200,174.59,500
2026-02-05 09:33:34,174.455,174.44,2,174.43,100,174.48,1300,174.48,174.43,174.43,100,174.41,2000,174.4,1400,174.39,900,174.37,800,174.36,1400,174.35,800,174.34,100,174.33,700,174.32,200,174.48,1300,174.49,100,174.5,1900,174.51,800,174.52,1800,174.53,599,174.54,1000,174.55,600,174.56,100,174.57,900
2026-02-05 09:33:35,174.355,174.28,5,174.34,1200,174.37,800,174.37,174.34,174.34,1200,174.33,700,174.32,700,174.31,1200,174.3,900,174.29,300,174.28,1500,174.27,1200,174.26,1600,174.25,100,174.37,800,174.38,1100,174.39,1000,174.4,1100,174.41,1100,174.42,200,174.43,1700,174.44,1200,174.45,1100,174.46,700
2026-02-05 09:33:36,174.41,174.43,5,174.38,1000,174.44,1100,174.44,174.38,174.38,1000,174.37,800,174.36,1100,174.35,1000,174.34,1399,174.33,700,174.32,700,174.31,1200,174.3,900,174.29,300,174.44,1100,174.45,1000,174.46,700,174.48,1299,174.49,100,174.5,1900,174.51,800,174.52,1800,174.53,599,174.54,1000
2026-02-05 09:33:37,174.37,174.37,5,174.35,100,174.39,1300,174.39,174.35,174.35,100,174.34,1399,174.33,700,174.32,700,174.31,1200,174.3,900,174.29,300,174.28,1500,174.27,1200,174.26,1600,174.39,1300,174.4,1200,174.41,1400,174.42,500,174.43,1299,174.44,1100,174.45,1000,174.46,700,174.48,1299,174.49,100
2026-02-05 09:33:38,174.365,174.34,6,174.34,1499,174.39,700,174.39,174.34,174.34,1499,174.33,700,174.32,700,174.31,1200,174.3,900,174.29,300,174.28,1500,174.27,1200,174.26,1600,174.25,100,174.39,700,174.4,1400,174.41,800,174.42,200,174.43,1300,174.44,1100,174.45,1000,174.46,700,174.48,1299,174.49,100
2026-02-05 09:33:39,174.325,174.34,1,174.31,400,174.34,900,174.34,174.31,174.31,400,174.3,1800,174.29,300,174.28,1500,174.27,1200,174.26,1600,174.25,100,174.24,600,174.23,100,174.22,1000,174.34,900,174.35,1500,174.36,600,174.37,400,174.38,900,174.39,699,174.4,1400,174.41,800,174.42,200,174.43,1300
2026-02-05 09:33:40,174.27,174.27,1,174.25,400,174.29,2100,174.29,174.25,174.25,400,174.24,800,174.23,100,174.22,1000,174.21,1100,174.2,100,174.19,1200,174.18,800,174.17,200,174.16,400,174.29,2100,174.3,600,174.31,600,174.32,1200,174.34,700,174.35,700,174.36,800,174.37,1000,174.38,1800,174.39,699
2026-02-05 09:33:41,174.215,174.21,1,174.2,100,174.23,1700,174.23,174.2,174.2,100,174.19,700,174.18,1200,174.17,200,174.16,400,174.15,1100,174.14,300,174.13,1300,174.12,1000,174.1,100,174.23,1700,174.24,1100,174.25,300,174.26,1000,174.27,600,174.28,500,174.29,300,174.3,900,174.31,1100,174.32,1200
2026-02-05 09:33:42,174.225,174.21,2,174.21,800,174.24,500,174.24,174.21,174.21,800,174.2,100,174.19,500,174.18,200,174.17,1100,174.14,600,174.13,1300,174.12,1000,174.1,100,174.09,200,174.24,500,174.26,1200,174.27,1000,174.28,200,174.29,700,174.3,900,174.31,1100,174.32,1200,174.34,700,174.35,700
2026-02-05 09:33:43,174.225,174.23,10,174.2,800,174.25,900,174.25,174.2,174.2,800,174.19,1100,174.18,1600,174.17,2100,174.14,600,174.13,1300,174.12,1000,174.1,100,174.09,200,174.08,1000,174.25,900,174.26,1100,174.27,1000,174.28,200,174.29,700,174.3,900,174.31,1100,174.32,1200,174.34,700,174.35,700
2026-02-05 09:33:44,174.195,174.24,1,174.17,2100,174.22,400,174.22,174.17,174.17,2100,174.14,600,174.13,1300,174.12,1000,174.1,100,174.09,200,174.08,1000,174.07,1800,174.06,100,174.05,1200,174.22,400,174.23,500,174.24,200,174.25,1100,174.26,1300,174.27,500,174.28,100,174.29,600,174.3,1100,174.31,1100
2026-02-05 09:33:45,174.14,174.14,1,174.12,1500,174.16,500,174.16,174.12,174.12,1500,174.1,100,174.09,200,174.08,1000,174.07,1800,174.06,100,174.05,1200,174.04,3500,174.03,1200,174.02,1500,174.16,500,174.17,600,174.18,400,174.19,800,174.2,600,174.21,100,174.22,300,174.23,900,174.24,200,174.25,1100
2026-02-05 09:33:46,174.17,174.17,1,174.15,100,174.19,1400,174.19,174.15,174.15,100,174.14,1800,174.13,100,174.12,1499,174.1,100,174.09,200,174.08,1000,174.07,1800,174.06,100,174.05,1200,174.19,1400,174.2,1100,174.21,100,174.22,300,174.23,900,174.24,200,174.25,1100,174.26,1300,174.27,500,174.28,100
2026-02-05 09:33:47,174.12,174.12,2,174.1,1000,174.14,100,174.14,174.1,174.1,1000,174.09,200,174.08,1000,174.07,1800,174.06,100,174.05,1200,174.04,3500,174.03,1200,174.02,1500,174.01,1300,174.14,100,174.15,900,174.16,1300,174.17,800,174.18,700,174.19,700,174.2,1200,174.21,1000,174.22,1200,174.23,900
2026-02-05 09:33:48,174.195,174.2,1,174.17,100,174.22,1500,174.22,174.17,174.17,100,174.16,700,174.15,1400,174.14,300,174.12,600,174.11,100,174.1,1100,174.09,200,174.08,1000,174.07,1800,174.22,1500,174.23,1300,174.24,100,174.25,1800,174.26,1300,174.27,500,174.28,100,174.29,600,174.3,1100,174.31,1100
2026-02-05 09:33:49,174.22,174.24,1,174.2,500,174.24,600,174.24,174.2,174.2,500,174.19,900,174.18,800,174.17,700,174.16,700,174.15,1400,174.14,300,174.12,600,174.11,100,174.1,1100,174.24,600,174.25,500,174.26,2800,174.27,500,174.28,100,174.29,600,174.3,1100,174.31,1100,174.32,1200,174.34,700
2026-02-05 09:33:50,174.245,174.26,2,174.23,900,174.26,1500,174.26,174.23,174.23,900,174.22,200,174.21,100,174.2,500,174.19,700,174.18,1000,174.17,700,174.16,700,174.15,1400,174.14,300,174.26,1500,174.27,500,174.28,100,174.29,600,174.3,1100,174.31,1100,174.32,1200,174.34,700,174.35,700,174.36,800
2026-02-05 09:33:51,174.24,174.24,1,174.22,700,174.26,2500,174.26,174.22,174.22,700,174.21,500,174.2,900,174.19,700,174.18,1000,174.17,700,174.16,700,174.15,1400,174.14,300,174.12,600,174.26,2500,174.27,500,174.28,100,174.29,600,174.3,1100,174.31,1100,174.32,1200,174.34,700,174.35,700,174.36,800
2026-02-05 09:33:52,174.19,174.18,2,174.18,100,174.2,600,174.2,174.18,174.18,100,174.17,900,174.16,700,174.15,1400,174.14,300,174.12,600,174.11,100,174.1,1100,174.09,200,174.08,1000,174.2,600,174.21,500,174.22,1800,174.23,400,174.24,200,174.25,600,174.26,2500,174.27,500,174.28,100,174.29,600
2026-02-05 09:33:53,174.25,174.25,5,174.23,1100,174.27,1900,174.27,174.23,174.23,1100,174.22,700,174.21,200,174.2,700,174.19,600,174.18,100,174.17,1100,174.16,700,174.15,1400,174.14,300,174.27,1900,174.28,100,174.29,600,174.3,1100,174.31,1100,174.32,1200,174.34,700,174.35,700,174.36,800,174.37,1000
2026-02-05 09:33:54,174.12,174.12,1,174.1,500,174.14,1700,174.14,174.1,174.1,500,174.09,100,174.07,1800,174.06,100,174.05,1200,174.04,3500,174.03,1200,174.02,1500,174.01,1300,174.0,400,174.14,1700,174.15,600,174.16,1200,174.17,100,174.18,400,174.19,200,174.2,100,174.21,700,174.23,100,174.24,1000
2026-02-05 09:33:55,174.125,174.12,2,174.1,2900,174.15,1100,174.15,174.1,174.1,2900,174.09,100,174.07,1800,174.06,100,174.05,1200,174.04,3500,174.03,1200,174.02,1500,174.01,1300,174.0,400,174.15,1100,174.16,1600,174.17,300,174.18,900,174.19,600,174.2,100,174.21,700,174.23,100,174.24,1000,174.25,400
2026-02-05 09:33:56,174.15,174.17,2,174.13,600,174.17,1000,174.17,174.13,174.13,600,174.12,800,174.11,800,174.1,2899,174.09,100,174.07,1800,174.06,100,174.05,1200,174.04,3500,174.03,1200,174.17,1000,174.18,1700,174.19,600,174.2,100,174.21,700,174.23,100,174.24,1000,174.25,400,174.26,900,174.27,2000
2026-02-05 09:33:57,174.11,174.1,54,174.09,600,174.13,100,174.13,174.09,174.09,600,174.08,1000,174.07,1800,174.06,100,174.05,1200,174.04,3500,174.03,1200,174.02,1500,174.01,1300,174.0,400,174.13,100,174.14,500,174.15,200,174.17,200,174.18,1800,174.19,600,174.2,100,174.21,700,174.23,100,174.24,1000
2026-02-05 09:33:58,174.115,174.1,1,174.1,100,174.13,600,174.13,174.1,174.1,100,174.08,500,174.06,1200,174.05,1200,174.04,3500,174.03,1200,174.02,1500,174.01,1300,174.0,400,173.98,500,174.13,600,174.14,500,174.15,200,174.17,200,174.18,1800,174.19,600,174.2,100,174.21,700,174.23,100,174.24,1000
2026-02-05 09:33:59,174.055,174.06,1,174.04,3700,174.07,1600,174.07,174.04,174.04,3700,174.03,1200,174.02,1500,174.01,1300,174.0,400,173.98,500,173.96,200,173.95,400,173.93,900,173.9,1700,174.07,1600,174.08,100,174.09,100,174.1,800,174.11,600,174.12,1400,174.13,1000,174.14,900,174.15,200,174.17,200
2026-02-05 09:34:00,173.99,173.99,1,173.97,800,174.01,1100,174.01,173.97,173.97,800,173.96,1300,173.95,400,173.93,900,173.9,1700,173.89,700,173.88,2200,173.87,1200,173.86,1100,173.85,100,174.01,1100,174.02,1900,174.03,100,174.04,1300,174.05,600,174.07,800,174.08,700,174.09,1000,174.1,1500,174.11,1100
2026-02-05 09:34:01,173.91,173.91,1,173.9,100,173.92,700,173.92,173.9,173.9,100,173.89,800,173.88,2500,173.87,1200,173.86,1100,173.85,100,173.84,100,173.83,1000,173.82,400,173.81,1500,173.92,700,173.93,1400,173.94,100,173.95,100,173.96,1400,173.97,700,173.98,1100,173.99,400,174.0,900,174.01,1399
2026-02-05 09:34:02,173.95,173.92,2,173.93,400,173.97,700,173.97,173.93,173.93,400,173.92,1400,173.91,700,173.9,899,173.89,800,173.88,2500,173.87,1200,173.86,1100,173.85,100,173.84,100,173.97,700,173.98,400,173.99,700,174.0,1200,174.01,1399,174.02,1900,174.03,100,174.04,1300,174.05,600,174.07,800
2026-02-05 09:34:03,173.93,173.9,5,173.91,1600,173.95,200,173.95,173.91,173.91,1600,173.9,1400,173.89,800,173.88,2500,173.87,1200,173.86,1100,173.85,100,173.84,100,173.83,1000,173.82,400,173.95,200,173.96,1700,173.97,1400,173.98,100,173.99,100,174.0,1300,174.01,1399,174.02,1900,174.03,100,174.04,1300
2026-02-05 09:34:04,173.875,173.88,1,173.85,1200,173.9,1100,173.9,173.85,173.85,1200,173.84,100,173.83,1000,173.82,400,173.81,1500,173.8,800,173.78,100,173.77,500,173.76,100,173.75,800,173.9,1100,173.91,400,173.92,1000,173.93,500,173.94,400,173.95,800,173.96,1700,173.97,1400,173.98,100,173.99,100
2026-02-05 09:34:05,173.905,173.86,2,173.88,900,173.93,1400,173.93,173.88,173.88,900,173.87,700,173.86,900,173.85,1300,173.84,100,173.83,1000,173.82,400,173.81,1500,173.8,800,173.78,100,173.93,1400,173.94,1100,173.95,1000,173.96,1700,173.97,1400,173.98,100,173.99,100,174.0,1300,174.01,1399,174.02,1900
2026-02-05 09:34:06,173.965,173.95,20,173.95,700,173.98,1800,173.98,173.95,173.95,700,173.94,1400,173.93,1000,173.92,1000,173.91,100,173.9,900,173.89,1300,173.88,600,173.87,700,173.86,900,173.98,1800,173.99,100,174.0,1300,174.01,1399,174.02,1900,174.03,100,174.04,1300,174.05,600,174.07,800,174.08,700
2026-02-05 09:34:07,174.09,174.06,2,174.06,1800,174.12,700,174.12,174.06,174.06,1800,174.04,800,174.03,100,174.02,800,174.01,800,174.0,1800,173.99,1200,173.97,1700,173.96,1500,173.95,100,174.12,700,174.13,1400,174.14,300,174.15,900,174.16,800,174.17,900,174.18,900,174.19,1100,174.2,100,174.21,700
2026-02-05 09:34:08,174.195,174.2,1,174.18,100,174.21,1000,174.21,174.18,174.18,100,174.17,400,174.16,100,174.15,800,174.14,600,174.13,100,174.12,500,174.11,300,174.1,600,174.09,100,174.21,1000,174.22,1000,174.23,100,174.24,1000,174.25,400,174.26,900,174.27,2000,174.28,100,174.29,600,174.3,1100
2026-02-05 09:34:09,174.295,174.23,6,174.27,2500,174.32,1600,174.32,174.27,174.27,2500,174.25,1500,174.24,100,174.23,200,174.21,500,174.2,400,174.19,1200,174.18,600,174.17,400,174.16,100,174.32,1600,174.34,700,174.35,700,174.36,800,174.37,1000,174.38,1800,174.39,699,174.4,1400,174.41,800,174.42,200
2026-02-05 09:34:10,174.37,174.37,2,174.35,300,174.39,700,174.39,174.35,174.35,300,174.34,1500,174.33,100,174.32,1000,174.31,500,174.3,1400,174.29,1000,174.27,900,174.26,500,174.25,100,174.39,700,174.4,1000,174.41,2100,174.42,1100,174.43,1300,174.44,1100,174.45,1000,174.46,700,174.48,1299,174.49,100
2026-02-05 09:34:11,174.425,174.42,2,174.4,1100,174.45,1600,174.45,174.4,174.4,1100,174.39,800,174.38,100,174.37,400,174.36,300,174.35,800,174.34,900,174.33,100,174.32,1000,174.31,500,174.45,1600,174.46,1500,174.47,1200,174.48,1799,174.49,100,174.5,1900,174.51,800,174.52,1800,174.53,599,174.54,1000
2026-02-05 09:34:12,174.49,174.49,5,174.48,200,174.5,2700,174.5,174.48,174.48,200,174.47,500,174.45,1200,174.44,1100,174.43,800,174.42,1100,174.41,1000,174.4,900,174.39,1000,174.37,500,174.5,2700,174.51,800,174.52,1800,174.53,599,174.54,1000,174.55,600,174.56,100,174.57,900,174.58,1200,174.59,500
2026-02-05 09:34:13,174.575,174.55,5,174.55,100,174.6,200,174.6,174.55,174.55,100,174.54,600,174.53,800,174.52,1800,174.51,700,174.49,1000,174.48,100,174.46,1000,174.45,1200,174.44,1100,174.6,200,174.61,600,174.62,200,174.63,600,174.64,1100,174.65,900,174.66,700,174.67,700,174.68,100,174.69,1000
2026-02-05 09:34:14,174.575,174.55,10,174.55,500,174.6,1500,174.6,174.55,174.55,500,174.54,300,174.53,1000,174.52,1800,174.51,700,174.49,1000,174.48,100,174.46,1000,174.45,1200,174.44,1100,174.6,1500,174.61,1100,174.62,200,174.63,600,174.64,1100,174.65,900,174.66,700,174.67,700,174.68,100,174.69,1000
2026-02-05 09:34:15,174.605,174.61,3,174.58,600,174.63,1100,174.63,174.58,174.58,600,174.57,600,174.56,800,174.55,500,174.54,300,174.53,1000,174.52,1800,174.51,700,174.49,1000,174.48,100,174.63,1100,174.64,1700,174.65,900,174.66,700,174.67,700,174.68,100,174.69,1000,174.7,900,174.71,100,174.72,500
2026-02-05 09:34:16,174.61,174.61,5,174.59,1300,174.63,900,174.63,174.59,174.59,1300,174.58,600,174.57,800,174.56,2000,174.55,500,174.54,300,174.53,1000,174.52,1800,174.51,700,174.49,1000,174.63,900,174.64,1700,174.65,900,174.66,700,174.67,700,174.68,100,174.69,1000,174.7,900,174.71,100,174.72,500
2026-02-05 09:34:17,174.66,174.66,1,174.65,800,174.67,400,174.67,174.65,174.65,800,174.64,1400,174.63,400,174.62,500,174.61,1300,174.6,600,174.59,700,174.58,1100,174.57,1200,174.56,2000,174.67,400,174.68,800,174.69,1500,174.7,900,174.71,100,174.72,500,174.73,1300,174.74,500,174.76,1000,174.77,800
2026-02-05 09:34:18,174.815,174.84,1,174.8,1200,174.83,200,174.83,174.8,174.8,1200,174.79,300,174.78,500,174.77,1000,174.76,400,174.75,100,174.74,900,174.73,500,174.72,300,174.71,600,174.83,200,174.84,300,174.85,300,174.86,300,174.87,500,174.88,100,174.89,300,174.9,900,174.91,400,174.92,100
2026-02-05 09:34:19,174.85,174.84,11,174.83,1000,174.87,300,174.87,174.83,174.83,1000,174.82,1100,174.81,900,174.8,500,174.79,1500,174.78,500,174.77,1000,174.76,400,174.75,100,174.74,900,174.87,300,174.88,300,174.89,300,174.9,900,174.91,400,174.92,100,174.93,600,174.94,699,174.95,500,174.96,2100
2026-02-05 09:34:20,174.93,174.91,1,174.91,1100,174.95,1300,174.95,174.91,174.91,1100,174.9,1100,174.89,600,174.88,1000,174.87,400,174.86,1300,174.85,1200,174.84,100,174.83,1600,174.82,1100,174.95,1300,174.96,2100,174.97,600,174.98,1300,174.99,1400,175.0,500,175.01,300,175.02,1000,175.03,400,175.05,700
2026-02-05 09:34:21,174.93,174.91,2,174.91,1400,174.95,1300,174.95,174.91,174.91,1400,174.9,1400,174.89,400,174.88,600,174.87,1000,174.86,1200,174.85,1200,174.84,100,174.83,1600,174.82,1100,174.95,1300,174.96,2100,174.97,600,174.98,1300,174.99,1400,175.0,500,175.01,300,175.02,1000,175.03,400,175.05,700
2026-02-05 09:34:22,174.755,174.78,5,174.74,800,174.77,200,174.77,174.74,174.74,800,174.73,500,174.72,300,174.71,600,174.7,800,174.69,900,174.68,600,174.67,500,174.66,500,174.65,999,174.77,200,174.78,700,174.79,800,174.8,200,174.81,200,174.82,400,174.83,100,174.84,1100,174.85,200,174.86,700
2026-02-05 09:34:23,174.8,174.8,1,174.78,1100,174.82,1000,174.82,174.78,174.78,1100,174.77,1200,174.76,700,174.75,1100,174.74,1300,174.73,500,174.72,300,174.71,600,174.7,800,174.69,900,174.82,1000,174.84,300,174.85,500,174.86,1400,174.87,400,174.89,700,174.9,500,174.91,900,174.92,100,174.93,800
2026-02-05 09:34:24,174.845,174.85,1,174.83,1100,174.86,700,174.86,174.83,174.83,1100,174.82,400,174.81,700,174.8,700,174.79,400,174.78,1100,174.77,1100,174.76,1200,174.75,1100,174.74,1300,174.86,700,174.87,600,174.88,200,174.89,700,174.9,500,174.91,900,174.92,100,174.93,800,174.94,1200,174.95,1400
2026-02-05 09:34:25,174.875,174.86,2,174.85,700,174.9,600,174.9,174.85,174.85,700,174.84,700,174.83,1300,174.82,600,174.81,1400,174.8,700,174.79,400,174.78,1100,174.77,1100,174.76,1200,174.9,600,174.91,800,174.92,600,174.93,1500,174.94,600,174.95,1200,174.96,2100,174.97,600,174.98,1300,174.99,1400
2026-02-05 09:34:26,174.76,174.75,3,174.74,600,174.78,800,174.78,174.74,174.74,600,174.73,1000,174.72,300,174.71,600,174.7,800,174.69,900,174.68,600,174.67,500,174.66,500,174.65,999,174.78,800,174.79,100,174.8,700,174.81,500,174.83,700,174.84,800,174.85,1100,174.86,800,174.87,600,174.88,200
2026-02-05 09:34:27,174.695,174.7,1,174.68,2100,174.71,700,174.71,174.68,174.68,2100,174.67,500,174.66,700,174.65,999,174.64,1400,174.63,400,174.62,500,174.61,1300,174.6,600,174.59,700,174.71,700,174.72,100,174.74,300,174.75,700,174.76,700,174.78,200,174.79,700,174.8,1000,174.81,200,174.82,300
2026-02-05 09:34:28,174.65,174.64,5,174.63,600,174.67,1600,174.67,174.63,174.63,600,174.62,400,174.61,1400,174.6,600,174.59,700,174.58,1100,174.57,1200,174.56,2000,174.55,500,174.54,300,174.67,1600,174.68,1100,174.69,1100,174.7,1400,174.71,1200,174.72,400,174.74,300,174.75,700,174.76,700,174.78,200
2026-02-05 09:34:29,174.45,174.43,1,174.43,1400,174.47,100,174.47,174.43,174.43,1400,174.42,1200,174.41,1000,174.4,900,174.39,1000,174.37,500,174.36,1200,174.35,800,174.34,900,174.33,100,174.47,100,174.48,100,174.49,800,174.5,1500,174.51,1200,174.52,700,174.53,1700,174.54,100,174.55,100,174.56,800
2026-02-05 09:34:30,174.415,174.42,4,174.39,1100,174.44,1300,174.44,174.39,174.39,1100,174.38,100,174.37,1000,174.36,1200,174.35,800,174.34,900,174.33,100,174.32,1000,174.31,500,174.3,1400,174.44,1300,174.45,600,174.46,1400,174.47,1100,174.48,200,174.49,1800,174.5,1500,174.51,1200,174.52,700,174.53,1700
2026-02-05 09:34:31,174.46,174.46,2,174.44,1900,174.48,1100,174.48,174.44,174.44,1900,174.43,400,174.42,1000,174.4,500,174.39,100,174.38,500,174.37,800,174.36,1200,174.35,800,174.34,900,174.48,1100,174.49,1800,174.5,1500,174.51,1200,174.52,700,174.53,1700,174.54,100,174.55,100,174.56,800,174.57,600
2026-02-05 09:34:32,174.55,174.6,2,174.53,2000,174.57,500,174.57,174.53,174.53,2000,174.52,1100,174.51,600,174.5,700,174.49,500,174.48,900,174.47,100,174.46,500,174.45,400,174.44,1999,174.57,500,174.58,100,174.59,800,174.6,900,174.62,100,174.63,600,174.64,1000,174.65,500,174.66,200,174.67,1799
2026-02-05 09:34:33,174.565,174.53,1,174.54,1300,174.59,300,174.59,174.54,174.54,1300,174.53,600,174.52,1200,174.51,1500,174.5,800,174.49,500,174.48,900,174.47,100,174.46,500,174.45,400,174.59,300,174.6,1700,174.62,100,174.63,600,174.64,1000,174.65,500,174.66,200,174.67,1799,174.68,1100,174.69,1100
2026-02-05 09:34:34,174.695,174.7,1,174.68,1100,174.71,1500,174.71,174.68,174.68,1100,174.67,700,174.65,3400,174.64,4100,174.63,1200,174.61,1100,174.6,100,174.59,100,174.58,1800,174.56,1100,174.71,1500,174.72,400,174.74,300,174.75,700,174.76,700,174.78,200,174.79,700,174.8,1000,174.81,200,174.82,300
2026-02-05 09:34:35,174.91,174.91,1,174.9,800,174.92,900,174.92,174.9,174.9,800,174.89,600,174.88,300,174.87,1000,174.86,700,174.85,100,174.84,1000,174.83,1100,174.82,400,174.81,100,174.92,900,174.93,1200,174.94,200,174.95,100,174.96,100,174.98,2000,174.99,1400,175.0,500,175.01,300,175.02,1000
2026-02-05 09:34:36,174.945,174.95,2,174.93,1100,174.96,900,174.96,174.93,174.93,1100,174.92,600,174.91,100,174.9,700,174.89,300,174.87,1100,174.86,1200,174.85,100,174.84,1000,174.83,1100,174.96,900,174.97,600,174.98,200,174.99,2500,175.0,500,175.01,300,175.02,1000,175.03,400,175.05,700,175.06,1300
2026-02-05 09:34:37,174.945,174.94,1,174.93,700,174.96,1600,174.96,174.93,174.93,700,174.92,1300,174.91,400,174.9,1500,174.89,300,174.87,1100,174.86,1200,174.85,100,174.84,1000,174.83,1100,174.96,1600,174.97,500,174.98,200,174.99,2500,175.0,500,175.01,300,175.02,1000,175.03,400,175.05,700,175.06,1300
2026-02-05 09:34:38,174.945,174.95,1,174.92,600,174.97,800,174.97,174.92,174.92,600,174.91,500,174.9,1300,174.89,300,174.87,1100,174.86,1200,174.85,100,174.84,1000,174.83,1100,174.82,400,174.97,800,174.98,1600,174.99,2500,175.0,500,175.01,300,175.02,1000,175.03,400,175.05,700,175.06,1300,175.08,300
2026-02-05 09:34:39,175.07,175.08,1,175.06,300,175.08,700,175.08,175.06,175.06,300,175.05,100,175.04,900,175.03,800,175.02,1200,175.01,1000,175.0,200,174.99,1100,174.98,1000,174.97,400,175.08,700,175.09,400,175.1,5500,175.11,1900,175.12,900,175.13,300,175.14,600,175.15,700,175.16,1700,175.17,900
2026-02-05 09:34:40,175.085,175.08,1,175.07,1100,175.1,4000,175.1,175.07,175.07,1100,175.06,300,175.05,700,175.04,1800,175.03,500,175.02,200,175.01,1000,175.0,200,174.99,1100,174.98,1000,175.1,4000,175.11,1900,175.12,900,175.13,300,175.14,600,175.15,700,175.16,1700,175.17,900,175.18,1500,175.19,700
2026-02-05 09:34:41,175.13,175.13,3,175.12,400,175.14,1300,175.14,175.12,175.12,400,175.11,600,175.1,200,175.09,1300,175.08,500,175.07,900,175.06,1100,175.05,100,175.04,1300,175.03,500,175.14,1300,175.15,1000,175.16,1700,175.17,900,175.18,1500,175.19,700,175.2,700,175.21,300,175.22,1400,175.23,100
2026-02-05 09:34:42,175.08,175.09,1,175.06,1200,175.1,1300,175.1,175.06,175.06,1200,175.05,1500,175.04,1300,175.03,500,175.02,200,175.01,1000,175.0,200,174.99,1100,174.98,1000,174.97,400,175.1,1300,175.11,400,175.12,700,175.13,400,175.14,1600,175.15,400,175.16,200,175.17,900,175.18,1500,175.19,700
2026-02-05 09:34:43,175.17,175.2,4,175.15,800,175.19,300,175.19,175.15,175.15,800,175.14,600,175.13,100,175.12,100,175.11,1100,175.1,1000,175.09,2300,175.08,200,175.07,1300,175.06,1200,175.19,300,175.2,1200,175.21,300,175.22,1400,175.23,100,175.24,800,175.25,700,175.27,600,175.28,900,175.29,700
2026-02-05 09:34:44,175.125,175.13,2,175.1,1300,175.15,100,175.15,175.1,175.1,1300,175.09,200,175.08,300,175.07,1800,175.06,1200,175.05,1500,175.04,1300,175.03,500,175.02,200,175.01,1000,175.15,100,175.16,1200,175.17,1900,175.18,700,175.19,600,175.2,1200,175.21,300,175.22,1400,175.23,100,175.24,800
2026-02-05 09:34:45,175.165,175.17,1,175.14,2800,175.19,500,175.19,175.14,175.14,2800,175.13,3400,175.12,1300,175.11,200,175.1,1200,175.09,800,175.08,600,175.07,2000,175.06,1200,175.05,1500,175.19,500,175.2,2100,175.21,300,175.22,1400,175.23,100,175.24,800,175.25,700,175.27,600,175.28,900,175.29,700
2026-02-05 09:34:46,175.175,175.16,1,175.16,100,175.19,2200,175.19,175.16,175.16,100,175.14,2800,175.13,3400,175.12,1300,175.11,200,175.1,1200,175.09,800,175.08,600,175.07,2000,175.06,1200,175.19,2200,175.2,500,175.21,200,175.22,600,175.23,1200,175.24,800,175.25,700,175.27,600,175.28,900,175.29,700
2026-02-05 09:34:47,175.16,175.16,37,175.13,3500,175.19,400,175.19,175.13,175.13,3500,175.12,1300,175.11,200,175.1,1200,175.09,800,175.08,600,175.07,2000,175.06,1200,175.05,1500,175.04,1300,175.19,400,175.2,100,175.21,1600,175.22,800,175.23,1100,175.24,800,175.25,700,175.27,600,175.28,900,175.29,700
2026-02-05 09:34:48,175.135,175.11,1,175.11,700,175.16,1100,175.16,175.11,175.11,700,175.1,1100,175.09,200,175.08,300,175.07,1900,175.06,1200,175.05,1500,175.04,1300,175.03,500,175.02,200,175.16,1100,175.17,300,175.18,1400,175.19,1400,175.2,100,175.21,1600,175.22,800,175.23,1100,175.24,800,175.25,700
2026-02-05 09:34:49,175.2,175.18,3,175.18,200,175.22,1200,175.22,175.18,175.18,200,175.17,400,175.16,100,175.15,700,175.14,800,175.13,600,175.12,1100,175.11,700,175.1,1100,175.09,200,175.22,1200,175.23,1100,175.24,800,175.25,700,175.27,600,175.28,900,175.29,700,175.3,900,175.31,600,175.33,600
2026-02-05 09:34:50,175.21,175.23,3,175.19,1500,175.23,1600,175.23,175.19,175.19,1500,175.18,800,175.17,900,175.16,300,175.15,700,175.14,800,175.13,600,175.12,1100,175.11,700,175.1,1100,175.23,1600,175.24,800,175.25,700,175.27,600,175.28,900,175.29,700,175.3,900,175.31,600,175.33,600,175.34,500
2026-02-05 09:34:51,175.25,175.25,3,175.23,1100,175.27,900,175.27,175.23,175.23,1100,175.22,100,175.21,600,175.19,900,175.18,600,175.17,1400,175.16,1400,175.15,500,175.14,1000,175.13,1500,175.27,900,175.28,900,175.29,700,175.3,900,175.31,600,175.33,600,175.34,500,175.35,700,175.36,1800,175.37,300
2026-02-05 09:34:52,175.28,175.26,1,175.26,500,175.3,2300,175.3,175.26,175.26,500,175.25,300,175.24,300,175.23,600,175.22,1000,175.21,600,175.2,1000,175.19,900,175.18,600,175.17,1400,175.3,2300,175.31,600,175.33,600,175.34,500,175.35,700,175.36,1800,175.37,300,175.38,1000,175.39,1200,175.4,500
2026-02-05 09:34:53,175.25,175.27,1,175.23,1100,175.27,200,175.27,175.23,175.23,1100,175.22,1000,175.21,600,175.2,1000,175.19,900,175.18,600,175.17,1400,175.16,1400,175.15,500,175.14,1000,175.27,200,175.28,100,175.29,100,175.3,900,175.31,1200,175.33,600,175.34,500,175.35,700,175.36,1800,175.37,300
2026-02-05 09:34:54,175.185,175.18,1,175.17,100,175.2,900,175.2,175.17,175.17,100,175.16,1000,175.15,500,175.14,1000,175.13,1500,175.12,1100,175.11,700,175.1,1100,175.09,200,175.08,300,175.2,900,175.21,800,175.22,100,175.23,1300,175.24,100,175.25,1900,175.26,600,175.27,200,175.28,100,175.29,100
2026-02-05 09:34:55,175.225,175.22,3,175.2,300,175.25,1800,175.25,175.2,175.2,300,175.19,700,175.18,1400,175.17,1000,175.16,1000,175.15,300,175.14,13900,175.13,1500,175.12,1100,175.11,700,175.25,1800,175.26,600,175.27,200,175.28,100,175.29,100,175.3,900,175.31,1200,175.33,600,175.34,500,175.35,700
2026-02-05 09:34:56,175.215,175.22,1,175.2,600,175.23,900,175.23,175.2,175.2,600,175.19,800,175.18,1400,175.17,1000,175.16,1000,175.15,300,175.14,13900,175.13,1500,175.12,1100,175.11,700,175.23,900,175.24,200,175.25,1900,175.26,600,175.27,200,175.28,100,175.29,100,175.3,900,175.31,1200,175.33,600
2026-02-05 09:34:57,175.075,175.06,1,175.06,1300,175.09,900,175.09,175.06,175.06,1300,175.05,1300,175.04,1300,175.03,500,175.02,200,175.01,1000,175.0,200,174.99,1100,174.98,1000,174.97,400,175.09,900,175.1,300,175.11,200,175.12,600,175.13,500,175.14,900,175.15,800,175.16,200,175.17,200,175.18,100
2026-02-05 09:34:58,175.105,175.11,4,175.09,1400,175.12,1400,175.12,175.09,175.09,1400,175.08,100,175.07,1800,175.06,400,175.05,1500,175.04,300,175.03,1900,175.02,200,175.01,1000,175.0,200,175.12,1400,175.13,900,175.14,800,175.15,200,175.17,500,175.18,100,175.19,500,175.2,600,175.21,100,175.22,500
2026-02-05 09:34:59,175.24,175.24,1,175.23,400,175.25,100,175.25,175.23,175.23,400,175.22,400,175.21,1100,175.2,300,175.19,900,175.18,600,175.17,600,175.16,1200,175.15,900,175.14,500,175.25,100,175.26,4300,175.27,200,175.28,100,175.29,100,175.3,900,175.31,1200,175.33,600,175.34,500,175.35,700
2026-02-05 09:35:00,175.34,175.31,2,175.32,100,175.36,1000,175.36,175.32,175.32,100,175.31,1600,175.3,100,175.29,500,175.28,1100,175.27,1700,175.26,600,175.25,800,175.24,700,175.23,900,175.36,1000,175.37,500,175.38,1000,175.39,1200,175.4,500,175.41,1900,175.42,1000,175.43,700,175.44,200,175.45,1400
2026-02-05 09:35:01,175.325,175.33,1,175.3,1100,175.35,1200,175.35,175.3,175.3,1100,175.29,200,175.28,100,175.27,200,175.26,600,175.25,1600,175.24,700,175.23,900,175.22,1100,175.21,2100,175.35,1200,175.36,400,175.37,1600,175.38,1000,175.39,1200,175.4,500,175.41,1900,175.42,1000,175.43,700,175.44,200
2026-02-05 09:35:02,175.375,175.38,1,175.36,800,175.39,2100,175.39,175.36,175.36,800,175.35,800,175.34,100,175.33,900,175.32,500,175.31,1100,175.3,1800,175.29,200,175.28,100,175.27,200,175.39,2100,175.4,500,175.41,1900,175.42,1000,175.43,700,175.44,200,175.45,1400,175.46,300,175.47,1600,175.48,1100
2026-02-05 09:35:03,175.465,175.46,1,175.45,400,175.48,1100,175.48,175.45,175.45,400,175.44,1400,175.42,1000,175.41,2100,175.39,900,175.38,900,175.37,900,175.36,100,175.35,100,175.34,2900,175.48,1100,175.49,900,175.5,500,175.51,300,175.52,400,,,,,,,,,,
2026-02-05 09:35:04,175.44,175.4,1,175.43,100,175.45,100,175.45,175.43,175.43,100,175.41,1000,175.39,800,175.38,1200,175.37,1000,175.36,100,175.35,100,175.34,2900,175.33,500,175.32,400,175.45,100,175.46,1200,175.47,500,175.48,1400,175.49,900,175.5,500,175.51,300,175.52,400,,,,
2026-02-05 09:35:05,175.545,175.51,1,175.53,900,175.56,800,175.56,175.53,175.53,900,175.52,600,175.51,600,175.5,2600,175.49,600,175.48,600,175.47,800,175.46,800,175.45,700,175.44,700,175.56,800,,,,,,,,,,,,,,,,,,
2026-02-05 09:35:06,175.555,175.55,2,175.54,100,175.57,1200,175.57,175.54,175.54,100,175.53,900,175.52,1200,175.51,700,175.5,2600,175.49,600,175.48,600,175.47,800,175.46,800,175.45,700,175.57,1200,175.58,600,175.59,400,,,,,,,,,,,,,,
2026-02-05 09:35:07,175.6,175.6,1,175.58,900,175.62,700,175.62,175.58,175.58,900,175.56,500,175.55,700,175.54,1000,175.53,900,175.52,1200,175.51,700,175.5,2600,175.49,600,175.48,600,175.62,700,175.63,1300,,,,,,,,,,,,,,,,
2026-02-05 09:35:08,175.555,175.56,1,175.54,1100,175.57,600,175.57,175.54,175.54,1100,175.53,900,175.52,1200,175.51,700,175.5,2600,175.49,600,175.48,600,175.47,800,175.46,800,175.45,700,175.57,600,175.58,600,175.59,600,175.6,2100,175.61,700,175.62,1700,175.63,2300,,,,,,
2026-02-05 09:35:09,175.62,175.61,10,175.61,300,175.63,2400,175.63,175.61,175.61,300,175.6,800,175.59,1400,175.57,1000,175.56,500,175.55,400,175.54,1000,175.53,600,175.52,900,175.51,500,175.63,2400,,,,,,,,,,,,,,,,,,
2026-02-05 09:35:10,175.69,175.7,1,175.68,500,175.7,900,175.7,175.68,175.68,500,175.67,100,175.65,300,175.64,700,175.63,700,175.62,1700,175.61,800,175.6,800,175.59,1400,175.57,1000,175.7,900,175.71,1100,175.72,700,175.73,500,,,,,,,,,,,,
2026-02-05 09:35:11,175.66,175.66,1,175.64,1100,175.68,1300,175.68,175.64,175.64,1100,175.63,900,175.62,1700,175.61,800,175.6,800,175.59,1400,175.57,1000,175.56,500,175.55,400,175.54,1000,175.68,1300,175.69,1300,175.7,2400,175.71,1100,175.72,700,175.73,500,,,,,,,,
2026-02-05 09:35:12,175.58,175.61,1,175.56,700,175.6,1200,175.6,175.55,175.56,700,175.55,700,175.54,1000,175.53,600,175.52,900,175.51,500,175.5,600,175.49,800,175.48,1000,175.47,1100,175.6,1200,175.61,700,175.62,200,175.63,800,175.64,700,175.65,1200,175.67,1200,175.68,1800,175.69,1300,175.7,2400
2026-02-05 09:35:13,175.6,175.61,1,175.59,700,175.61,500,175.61,175.59,175.59,700,175.58,600,175.57,600,175.56,500,175.55,1000,175.54,1000,175.53,600,175.52,900,175.51,500,175.5,600,175.61,500,175.62,400,175.63,1000,175.64,1100,175.65,1200,175.67,1200,175.68,1800,175.69,1300,175.7,2400,175.71,1100
2026-02-05 09:35:14,175.57,175.57,1,175.56,100,175.58,900,175.58,175.56,175.56,100,175.55,1000,175.53,900,175.52,900,175.51,500,175.5,600,175.49,800,175.48,1000,175.47,1100,175.46,1000,175.58,900,175.59,700,175.6,200,175.61,1000,175.62,500,175.63,1200,175.64,1100,175.65,1200,175.67,1200,175.68,1800
2026-02-05 09:35:15,175.575,175.57,1,175.56,1100,175.59,1400,175.59,175.56,175.56,1100,175.55,1100,175.54,700,175.53,1000,175.52,1200,175.51,1000,175.5,600,175.49,800,175.48,1000,175.47,1100,175.59,1400,175.6,600,175.61,1000,175.62,500,175.63,1200,175.64,1100,175.65,1200,175.67,1200,175.68,1800,175.69,1300
2026-02-05 09:35:16,175.645,175.63,3,175.63,1000,175.66,1100,175.66,175.63,175.63,1000,175.62,200,175.61,200,175.6,200,175.59,400,175.58,200,175.57,600,175.56,1399,175.55,1100,175.54,700,175.66,1100,175.67,300,175.68,800,175.69,500,175.7,2000,175.71,1100,175.72,700,175.73,500,,,,
2026-02-05 09:35:17,175.575,175.56,10,175.56,1300,175.59,400,175.59,175.56,175.56,1300,175.55,1100,175.54,700,175.53,1000,175.52,1200,175.51,1000,175.5,600,175.49,800,175.48,1000,175.47,1100,175.59,400,175.6,1200,175.61,900,175.62,1200,175.63,500,175.65,400,175.66,1199,175.67,300,175.68,800,175.69,500
2026-02-05 09:35:18,175.505,175.53,12,175.49,3400,175.52,100,175.52,175.49,175.49,3400,175.48,1000,175.47,1100,175.46,1000,175.45,1400,175.44,700,175.43,1200,175.42,800,175.41,1000,175.4,1000,175.52,100,175.53,200,175.54,800,175.55,1300,175.56,600,175.57,600,175.58,1100,175.59,400,175.6,1200,175.61,900
2026-02-05 09:35:19,175.46,175.47,3,175.44,1000,175.48,1000,175.48,175.44,175.44,1000,175.43,100,175.42,1200,175.41,1000,175.4,1000,175.39,800,175.38,1200,175.37,1000,175.36,100,175.35,100,175.48,1000,175.49,600,175.5,1200,175.51,600,175.52,800,175.53,1600,175.54,800,175.55,1300,175.56,600,175.57,600
2026-02-05 09:35:20,175.305,175.3,1,175.29,100,175.32,600,175.32,175.29,175.29,100,175.28,1200,175.27,200,175.26,600,175.25,1600,175.24,700,175.23,900,175.22,1100,175.21,2100,175.2,300,175.32,600,175.33,600,175.34,1200,175.35,600,175.36,1300,175.37,500,175.38,1100,175.39,600,175.4,100,175.41,500
2026-02-05 09:35:21,175.375,175.39,10,175.36,1500,175.39,1200,175.39,175.36,175.36,1500,175.35,100,175.34,100,175.33,500,175.32,600,175.31,700,175.3,1100,175.29,500,175.28,900,175.27,1800,175.39,1200,175.4,100,175.41,500,175.42,700,175.43,1400,175.44,300,175.45,400,175.46,300,175.47,1700,175.48,1000
2026-02-05 09:35:22,175.475,175.47,4,175.45,400,175.5,1300,175.5,175.45,175.45,400,175.44,1200,175.43,800,175.42,700,175.41,1300,175.4,600,175.39,600,175.38,500,175.37,200,175.36,1400,175.5,1300,175.51,700,175.52,200,175.53,600,175.54,1100,175.55,1100,175.56,600,175.57,600,175.58,1100,175.59,400
2026-02-05 09:35:23,175.395,175.41,3,175.38,1200,175.41,100,175.41,175.38,175.38,1200,175.37,500,175.36,600,175.35,500,175.34,100,175.33,500,175.32,600,175.31,700,175.3,1100,175.29,500,175.41,100,175.42,200,175.43,1500,175.44,1100,175.45,700,175.46,600,175.47,500,175.48,700,175.49,1300,175.5,500
2026-02-05 09:35:24,175.23,175.23,3,175.21,400,175.25,500,175.25,175.21,175.21,400,175.2,1800,175.19,100,175.18,1200,175.17,600,175.16,600,175.15,1300,175.14,500,175.13,1100,175.12,700,175.25,500,175.26,1000,175.27,1900,175.28,300,175.3,1700,175.31,600,175.32,500,175.33,100,175.34,800,175.35,400
2026-02-05 09:35:25,175.235,175.21,1,175.21,1200,175.26,1300,175.26,175.21,175.21,1200,175.2,100,175.19,1400,175.18,800,175.17,1400,175.16,600,175.15,1300,175.14,500,175.13,1100,175.12,700,175.26,1300,175.27,1900,175.28,300,175.3,1700,175.31,600,175.32,500,175.33,100,175.34,800,175.35,400,175.36,600
2026-02-05 09:35:26,175.075,175.07,1,175.06,600,175.09,700,175.09,175.06,175.06,600,175.05,1800,175.04,300,175.03,1900,175.02,200,175.01,1000,175.0,200,174.99,1100,174.98,1000,174.97,400,175.09,700,175.1,500,175.11,600,175.12,700,175.13,800,175.14,1100,175.15,600,175.16,100,175.17,1700,175.18,1200
2026-02-05 09:35:27,175.0,175.02,1,174.98,1500,175.02,500,175.02,174.98,174.98,1500,174.97,400,174.96,300,174.95,1300,174.94,1400,174.93,800,174.92,1100,174.91,500,174.9,1300,174.89,300,175.02,500,175.03,1000,175.04,900,175.05,1600,175.06,500,175.07,1900,175.08,100,175.09,1200,175.1,100,175.11,400
2026-02-05 09:35:28,174.91,174.91,1,174.9,1700,174.92,300,174.92,174.9,174.9,1700,174.89,300,174.87,1100,174.86,1200,174.85,100,174.84,1000,174.83,1100,174.82,400,174.81,100,174.8,200,174.92,300,174.93,500,174.94,1000,174.95,400,174.96,1200,174.97,2600,174.98,1400,174.99,1300,175.0,500,175.01,900
2026-02-05 09:35:29,174.875,174.89,1,174.86,3800,174.89,500,174.89,174.86,174.86,3800,174.85,100,174.84,1000,174.83,1100,174.82,400,174.81,100,174.8,200,174.79,800,174.78,1100,174.77,4000,174.89,500,174.9,700,174.91,900,174.92,1400,174.93,2500,174.94,900,174.95,1500,174.96,1500,174.97,2600,174.98,1400
2026-02-05 09:35:30,174.78,174.78,2,174.76,1100,174.8,1100,174.8,174.76,174.76,1100,174.75,600,174.74,200,174.73,2000,174.72,500,174.71,100,174.7,4000,174.69,100,174.68,1100,174.67,3400,174.8,1100,174.81,500,174.83,1100,174.84,1700,174.85,600,174.87,1500,174.88,800,174.89,600,174.9,900,174.91,1400
2026-02-05 09:35:31,174.88,174.89,1,174.86,1000,174.9,1100,174.91,174.89,174.86,1000,174.85,1800,174.84,400,174.83,1000,174.82,600,174.81,100,174.8,100,174.79,1800,174.78,700,174.77,800,174.9,1100,174.91,1600,174.92,1100,174.93,2500,174.94,900,174.95,1500,174.96,1500,174.97,2600,174.98,1400,174.99,1300
2026-02-05 09:35:32,174.99,175.0,1,174.98,100,175.0,800,175.0,174.98,174.98,100,174.96,800,174.94,1200,174.93,500,174.92,1000,174.91,1500,174.89,600,174.88,2100,174.87,1100,174.86,1300,175.0,800,175.01,900,175.02,800,175.03,1100,175.04,2000,175.05,300,175.06,1200,175.07,1900,175.08,100,175.09,1200
2026-02-05 09:35:33,175.02,175.02,2,175.0,1400,175.04,1000,175.04,175.0,175.0,1400,174.99,1000,174.98,600,174.97,400,174.96,100,174.95,800,174.94,1200,174.93,500,174.92,1000,174.91,1500,175.04,1000,175.05,1100,175.06,1300,175.07,1900,175.08,100,175.09,1200,175.1,100,175.11,400,175.12,700,175.13,400
2026-02-05 09:35:34,175.025,175.02,1,175.0,1200,175.05,1800,175.05,175.0,175.0,1200,174.99,800,174.98,700,174.97,1100,174.96,700,174.95,800,174.94,1200,174.93,500,174.92,1000,174.91,1500,175.05,1800,175.06,800,175.07,1900,175.08,100,175.09,1200,175.1,100,175.11,400,175.12,700,175.13,400,175.14,500
2026-02-05 09:35:35,175.015,175.0,1,175.0,500,175.03,1300,175.03,175.0,175.0,500,174.99,200,174.97,600,174.96,1000,174.95,800,174.94,500,174.93,400,174.92,1000,174.91,1500,174.89,600,175.03,1300,175.04,100,175.05,1200,175.06,2000,175.07,1900,175.08,100,175.09,1200,175.1,100,175.11,400,175.12,700
2026-02-05 09:35:36,174.965,174.98,1,174.94,400,174.99,500,174.99,174.94,174.94,400,174.93,400,174.92,1000,174.91,1500,174.89,600,174.88,2100,174.87,1100,174.86,1300,174.85,100,174.84,700,174.99,500,175.0,900,175.01,600,175.02,400,175.03,1300,175.04,500,175.05,800,175.06,1100,175.07,2700,175.08,100
2026-02-05 09:35:37,175.05,175.04,3,175.04,200,175.06,300,175.06,175.04,175.04,200,175.03,800,175.02,700,175.01,100,175.0,800,174.99,600,174.98,700,174.97,1600,174.96,700,174.95,100,175.06,300,175.07,700,175.08,900,175.09,100,175.1,900,175.11,400,175.12,700,175.13,400,175.14,500,175.15,1000
2026-02-05 09:35:38,175.065,175.06,2,175.05,1200,175.08,1100,175.08,175.05,175.05,1200,175.04,1100,175.03,700,175.02,1000,175.01,500,175.0,800,174.99,600,174.98,700,174.97,1600,174.96,700,175.08,1100,175.09,100,175.1,900,175.11,400,175.12,700,175.13,400,175.14,500,175.15,1000,175.16,100,175.17,1700
2026-02-05 09:35:39,175.14,175.14,1,175.12,1200,175.16,1100,175.16,175.12,175.12,1100,175.11,900,175.1,1400,175.09,1400,175.08,400,175.07,600,175.06,400,175.05,1100,175.04,1100,175.03,700,175.16,1100,175.17,400,175.19,600,175.2,700,175.21,3600,175.22,700,175.23,1000,175.24,1300,175.26,1300,175.27,1900
2026-02-05 09:35:40,175.15,175.15,1,175.14,300,175.16,100,175.16,175.14,175.14,300,175.13,200,175.12,1599,175.11,900,175.1,1400,175.09,1400,175.08,400,175.07,600,175.06,400,175.05,1100,175.16,100,175.17,600,175.18,900,175.19,800,175.2,1100,175.21,3600,175.22,500,175.23,1500,175.24,1300,175.26,1300
2026-02-05 09:35:41,175.22,175.21,2,175.2,900,175.24,900,175.24,175.2,175.2,900,175.19,100,175.18,1000,175.17,1300,175.16,100,175.15,1200,175.14,500,175.13,100,175.12,1700,175.11,900,175.24,900,175.25,600,175.26,300,175.27,400,175.28,100,175.29,500,175.3,1800,175.31,600,175.32,500,175.33,100
2026-02-05 09:35:42,175.065,175.08,1,175.05,1600,175.08,700,175.08,175.05,175.05,1600,175.04,1100,175.03,700,175.02,1000,175.01,500,175.0,800,174.99,600,174.98,700,174.97,1600,174.96,700,175.08,700,175.09,1000,175.1,100,175.12,600,175.13,300,175.14,1400,175.15,500,175.16,600,175.17,200,175.18,100
2026-02-05 09:35:43,175.135,175.13,8,175.12,1900,175.15,400,175.15,175.12,175.12,1900,175.11,700,175.1,1700,175.09,700,175.08,900,175.07,600,175.06,100,175.05,1400,175.04,1100,175.03,700,175.15,400,175.16,1100,175.17,600,175.19,600,175.2,700,175.21,200,175.22,800,175.23,500,175.24,900,175.25,800
2026-02-05 09:35:44,175.135,175.03,1,175.12,100,175.15,700,175.15,175.12,175.12,100,175.11,200,175.1,300,175.09,600,175.08,600,175.07,100,175.06,700,175.05,100,175.04,100,175.03,700,175.15,700,175.16,500,175.17,500,175.19,600,175.2,700,175.21,200,175.22,800,175.23,500,175.24,900,175.25,800
2026-02-05 09:35:45,175.085,175.09,5,175.07,200,175.1,600,175.1,175.07,175.07,200,175.06,400,175.05,500,175.04,100,175.03,700,175.01,400,175.0,2200,174.99,600,174.98,700,174.97,1600,175.1,600,175.11,600,175.12,1000,175.14,2400,175.15,600,175.16,300,175.17,500,175.19,600,175.2,700,175.21,200
2026-02-05 09:35:46,175.015,175.01,2,175.01,1000,175.02,200,175.02,175.01,175.01,1000,175.0,2300,174.99,600,174.98,700,174.97,1600,174.96,700,174.95,100,174.94,900,174.93,400,174.92,1000,175.02,200,175.03,1100,175.04,1000,175.05,700,175.06,500,175.07,500,175.08,1000,175.09,1700,175.1,1400,175.11,1100
2026-02-05 09:35:47,174.99,174.99,1,174.98,1300,175.0,2100,175.0,174.98,174.98,1300,174.97,500,174.96,200,174.95,1000,174.94,1100,174.93,400,174.92,1000,174.91,1500,174.89,600,174.88,2100,175.0,2100,175.01,600,175.02,900,175.03,500,175.04,500,175.05,300,175.06,2100,175.07,500,175.08,1000,175.09,1700
2026-02-05 09:35:48,175.125,175.12,2,175.11,800,175.14,500,175.14,175.11,175.11,800,175.1,700,175.09,900,175.08,700,175.07,700,175.06,600,175.05,200,175.04,200,175.03,1100,175.01,100,175.14,500,175.15,1100,175.16,1200,175.17,500,175.19,600,175.2,700,175.21,200,175.22,800,175.23,500,175.24,900
2026-02-05 09:35:49,175.12,175.12,1,175.11,600,175.13,800,175.13,175.11,175.11,600,175.1,1200,175.09,1000,175.08,700,175.07,700,175.06,600,175.05,200,175.04,200,175.03,1100,175.01,100,175.13,800,175.14,1100,175.15,100,175.16,1900,175.17,500,175.19,600,175.2,700,175.21,200,175.22,800,175.23,500
2026-02-05 09:35:50,175.06,175.06,2,175.04,500,175.08,1100,175.08,175.04,175.04,500,175.03,800,175.02,1100,175.01,100,175.0,500,174.99,1200,174.97,900,174.96,200,174.95,1000,174.94,1100,175.08,1100,175.09,700,175.1,600,175.11,500,175.12,1900,175.13,100,175.14,1500,175.15,100,175.16,1900,175.17,500
2026-02-05 09:35:51,175.135,175.15,1,175.12,800,175.15,600,175.15,175.12,175.12,800,175.11,100,175.1,500,175.09,500,175.08,1000,175.07,500,175.06,1000,175.05,100,175.04,400,175.03,1100,175.15,600,175.16,700,175.17,600,175.18,700,175.19,800,175.2,1400,175.21,200,175.22,800,175.23,500,175.24,900
2026-02-05 09:35:52,175.11,175.13,2,175.09,1400,175.13,500,175.13,175.09,175.09,1400,175.08,1400,175.07,500,175.06,1000,175.05,100,175.04,400,175.03,1100,175.02,1000,175.01,100,175.0,500,175.13,500,175.14,500,175.15,600,175.16,1700,175.17,600,175.18,700,175.19,800,175.2,1400,175.21,200,175.22,800
2026-02-05 09:35:53,175.18,175.18,3,175.16,800,175.2,1600,175.2,175.16,175.16,800,175.15,1100,175.14,600,175.13,900,175.12,1100,175.11,100,175.1,100,175.09,1700,175.08,1400,175.07,500,175.2,1600,175.21,200,175.22,800,175.23,500,175.24,900,175.25,800,175.26,600,175.27,800,175.28,100,175.29,500
