sim_time,mid_price,last_price,last_size,best_bid_price,best_bid_size,best_ask_price,best_ask_size,close_price_buy,close_price_sell,bid1_price,bid1_size,bid2_price,bid2_size,bid3_price,bid3_size,bid4_price,bid4_size,bid5_price,bid5_size,bid6_price,bid6_size,bid7_price,bid7_size,bid8_price,bid8_size,bid9_price,bid9_size,bid10_price,bid10_size,ask1_price,ask1_size,ask2_price,ask2_size,ask3_price,ask3_size,ask4_price,ask4_size,ask5_price,ask5_size,ask6_price,ask6_size,ask7_price,ask7_size,ask8_price,ask8_size,ask9_price,ask9_size,ask10_price,ask10_size
2026-02-05 09:30:17,,0.0,0,0.0,0,0.0,0,0.0,0.0,,,,,,,,,,,,,,,,,,,,,,,,,,,,,,,,,,,,,,,,
2026-02-05 09:30:18,,0.0,0,0.0,0,0.0,0,0.0,0.0,,,,,,,,,,,,,,,,,,,,,,,,,,,,,,,,,,,,,,,,
2026-02-05 09:30:20,,0.0,0,0.0,0,0.0,0,0.0,0.0,,,,,,,,,,,,,,,,,,,,,,,,,,,,,,,,,,,,,,,,
2026-02-05 09:30:21,,0.0,0,0.0,0,0.0,0,0.0,0.0,,,,,,,,,,,,,,,,,,,,,,,,,,,,,,,,,,,,,,,,
2026-02-05 09:30:22,158.23,158.54,1,157.58,100,158.88,400,158.88,157.58,157.58,100,157.49,100,,,,,,,,,,,,,,,,,158.88,400,,,,,,,,,,,,,,,,,,
2026-02-05 09:30:22,158.23,158.54,1,157.58,100,158.88,400,158.88,157.58,157.58,100,157.49,100,,,,,,,,,,,,,,,,,158.88,400,,,,,,,,,,,,,,,,,,
2026-02-05 09:30:24,158.23,158.54,1,157.58,100,158.88,400,158.88,157.58,157.58,100,157.49,100,,,,,,,,,,,,,,,,,158.88,400,,,,,,,,,,,,,,,,,,
2026-02-05 09:30:25,158.23,158.54,1,157.58,100,158.88,400,158.88,157.58,157.58,100,157.49,100,,,,,,,,,,,,,,,,,158.88,400,,,,,,,,,,,,,,,,,,
2026-02-05 09:30:26,158.23,158.54,1,157.58,100,158.88,400,158.88,157.58,157.58,100,157.49,100,,,,,,,,,,,,,,,,,158.88,400,,,,,,,,,,,,,,,,,,
2026-02-05 09:30:27,158.24,158.54,1,157.6,100,158.88,400,158.88,157.6,157.6,100,157.49,100,,,,,,,,,,,,,,,,,158.88,400,,,,,,,,,,,,,,,,,,
2026-02-05 09:30:28,158.24,158.54,1,157.6,100,158.88,400,158.88,157.6,157.6,100,157.49,100,,,,,,,,,,,,,,,,,158.88,400,,,,,,,,,,,,,,,,,,
2026-02-05 09:30:29,158.24,158.54,1,157.6,100,158.88,400,158.88,157.6,157.6,100,157.49,100,,,,,,,,,,,,,,,,,158.88,400,,,,,,,,,,,,,,,,,,
2026-02-05 09:30:30,158.24,158.54,1,157.6,100,158.88,400,158.88,157.6,157.6,100,157.49,100,,,,,,,,,,,,,,,,,158.88,400,,,,,,,,,,,,,,,,,,
2026-02-05 09:30:31,158.24,158.54,1,157.6,100,158.88,400,158.88,157.6,157.6,100,157.49,100,,,,,,,,,,,,,,,,,158.88,400,,,,,,,,,,,,,,,,,,
2026-02-05 09:30:32,158.24,158.54,1,157.6,100,158.88,400,158.88,157.6,157.6,100,157.49,100,,,,,,,,,,,,,,,,,158.88,400,,,,,,,,,,,,,,,,,,
2026-02-05 09:30:33,158.24,158.54,1,157.6,100,158.88,400,158.88,157.6,157.6,100,157.49,100,,,,,,,,,,,,,,,,,158.88,400,,,,,,,,,,,,,,,,,,
2026-02-05 09:30:34,158.235,158.5,1,157.59,100,158.88,400,158.88,157.59,157.59,100,157.49,100,,,,,,,,,,,,,,,,,158.88,400,,,,,,,,,,,,,,,,,,
2026-02-05 09:30:35,158.235,158.5,1,157.59,100,158.88,400,158.88,157.59,157.59,100,157.49,100,,,,,,,,,,,,,,,,,158.88,400,,,,,,,,,,,,,,,,,,
2026-02-05 09:30:36,158.235,158.5,1,157.59,100,158.88,400,158.88,157.59,157.59,100,157.49,100,,,,,,,,,,,,,,,,,158.88,400,,,,,,,,,,,,,,,,,,
2026-02-05 09:30:37,158.235,158.5,1,157.59,100,158.88,400,158.88,157.59,157.59,100,157.49,100,,,,,,,,,,,,,,,,,158.88,400,,,,,,,,,,,,,,,,,,
2026-02-05 09:30:38,158.235,158.5,1,157.59,100,158.88,400,158.88,157.59,157.59,100,157.49,100,,,,,,,,,,,,,,,,,158.88,400,,,,,,,,,,,,,,,,,,
2026-02-05 09:30:39,158.235,158.5,1,157.59,100,158.88,400,158.88,157.59,157.59,100,157.49,100,,,,,,,,,,,,,,,,,158.88,400,,,,,,,,,,,,,,,,,,
2026-02-05 09:30:40,158.235,158.5,1,157.59,100,158.88,400,158.88,157.59,157.59,100,157.49,100,,,,,,,,,,,,,,,,,158.88,400,,,,,,,,,,,,,,,,,,
2026-02-05 09:30:41,158.235,158.5,1,157.59,100,158.88,400,158.88,157.59,157.59,100,157.49,100,,,,,,,,,,,,,,,,,158.88,400,,,,,,,,,,,,,,,,,,
2026-02-05 09:30:41,158.235,158.5,1,157.59,100,158.88,400,158.88,157.59,157.59,100,157.49,100,,,,,,,,,,,,,,,,,158.88,400,,,,,,,,,,,,,,,,,,
2026-02-05 09:30:43,158.235,158.5,1,157.59,100,158.88,400,158.88,157.59,157.59,100,157.49,100,,,,,,,,,,,,,,,,,158.88,400,,,,,,,,,,,,,,,,,,
2026-02-05 09:30:44,158.235,158.5,1,157.59,100,158.88,400,158.88,157.59,157.59,100,157.49,100,,,,,,,,,,,,,,,,,158.88,400,,,,,,,,,,,,,,,,,,
2026-02-05 09:30:45,158.235,158.5,1,157.59,100,158.88,400,158.88,157.59,157.59,100,157.49,100,,,,,,,,,,,,,,,,,158.88,400,,,,,,,,,,,,,,,,,,
2026-02-05 09:30:46,158.235,158.5,1,157.59,100,158.88,400,158.88,157.59,157.59,100,157.49,100,,,,,,,,,,,,,,,,,158.88,400,,,,,,,,,,,,,,,,,,
2026-02-05 09:30:47,158.235,158.5,1,157.59,100,158.88,400,158.88,157.59,157.59,100,157.49,100,,,,,,,,,,,,,,,,,158.88,400,,,,,,,,,,,,,,,,,,
2026-02-05 09:30:48,158.235,158.5,1,157.59,100,158.88,400,158.88,157.59,157.59,100,157.49,100,,,,,,,,,,,,,,,,,158.88,400,,,,,,,,,,,,,,,,,,
2026-02-05 09:30:48,158.235,158.5,1,157.59,100,158.88,400,158.88,157.59,157.59,100,157.49,100,,,,,,,,,,,,,,,,,158.88,400,,,,,,,,,,,,,,,,,,
2026-02-05 09:30:50,158.235,158.5,1,157.59,100,158.88,400,158.88,157.59,157.59,100,157.49,100,,,,,,,,,,,,,,,,,158.88,400,,,,,,,,,,,,,,,,,,
2026-02-05 09:30:51,158.235,158.5,1,157.59,100,158.88,400,158.88,157.59,157.59,100,157.49,100,,,,,,,,,,,,,,,,,158.88,400,,,,,,,,,,,,,,,,,,
2026-02-05 09:30:52,158.235,158.5,1,157.59,100,158.88,400,158.88,157.59,157.59,100,157.49,100,,,,,,,,,,,,,,,,,158.88,400,,,,,,,,,,,,,,,,,,
2026-02-05 09:30:53,158.235,158.5,1,157.59,100,158.88,400,158.88,157.59,157.59,100,157.49,100,,,,,,,,,,,,,,,,,158.88,400,,,,,,,,,,,,,,,,,,
2026-02-05 09:30:54,158.235,158.5,1,157.59,100,158.88,400,158.88,157.59,157.59,100,157.49,100,,,,,,,,,,,,,,,,,158.88,400,,,,,,,,,,,,,,,,,,
2026-02-05 09:30:55,158.235,158.5,1,157.59,100,158.88,400,158.88,157.59,157.59,100,157.49,100,,,,,,,,,,,,,,,,,158.88,400,,,,,,,,,,,,,,,,,,
2026-02-05 09:30:56,158.235,158.5,1,157.59,100,158.88,400,158.88,157.59,157.59,100,157.49,100,,,,,,,,,,,,,,,,,158.88,400,,,,,,,,,,,,,,,,,,
2026-02-05 09:30:57,158.235,158.5,1,157.59,100,158.88,400,158.88,157.59,157.59,100,157.49,100,,,,,,,,,,,,,,,,,158.88,400,,,,,,,,,,,,,,,,,,
2026-02-05 09:30:58,158.235,158.5,1,157.59,100,158.88,400,158.88,157.59,157.59,100,157.49,100,,,,,,,,,,,,,,,,,158.88,400,,,,,,,,,,,,,,,,,,
2026-02-05 09:30:59,158.235,158.5,1,157.59,100,158.88,400,158.88,157.59,157.59,100,157.49,100,,,,,,,,,,,,,,,,,158.88,400,,,,,,,,,,,,,,,,,,
2026-02-05 09:31:00,158.235,158.5,1,157.59,100,158.88,400,158.88,157.59,157.59,100,157.49,100,,,,,,,,,,,,,,,,,158.88,400,,,,,,,,,,,,,,,,,,
2026-02-05 09:31:01,158.235,158.5,1,157.59,100,158.88,400,158.88,157.59,157.59,100,157.49,100,,,,,,,,,,,,,,,,,158.88,400,,,,,,,,,,,,,,,,,,
2026-02-05 09:31:02,158.425,158.5,1,157.98,300,158.87,100,158.87,157.98,157.98,300,157.59,100,157.49,100,,,,,,,,,,,,,,,158.87,100,158.88,400,,,,,,,,,,,,,,,,
2026-02-05 09:31:03,158.425,158.5,1,157.98,300,158.87,100,158.87,157.98,157.98,300,157.59,100,157.49,100,,,,,,,,,,,,,,,158.87,100,158.88,400,,,,,,,,,,,,,,,,
2026-02-05 09:31:04,158.425,158.5,1,157.98,300,158.87,100,158.87,157.98,157.98,300,157.59,100,157.49,100,,,,,,,,,,,,,,,158.87,100,158.88,400,,,,,,,,,,,,,,,,
2026-02-05 09:31:05,158.425,158.43,2,157.98,300,158.87,100,158.87,157.98,157.98,300,157.59,100,157.49,100,,,,,,,,,,,,,,,158.87,100,158.88,400,,,,,,,,,,,,,,,,
2026-02-05 09:31:06,158.375,158.43,1,157.98,300,158.77,100,158.77,157.98,157.98,300,157.59,100,157.49,100,,,,,,,,,,,,,,,158.77,100,158.78,100,158.87,100,158.88,400,,,,,,,,,,,,
2026-02-05 09:31:07,158.51,158.51,1,158.15,300,158.87,200,158.87,158.15,158.15,300,158.06,100,157.98,300,157.59,100,157.49,100,,,,,,,,,,,158.87,200,158.88,400,,,,,,,,,,,,,,,,
2026-02-05 09:31:08,158.51,158.51,1,158.15,300,158.87,200,158.87,158.15,158.15,300,158.06,100,157.98,300,157.59,100,157.49,100,,,,,,,,,,,158.87,200,158.88,400,,,,,,,,,,,,,,,,
2026-02-05 09:31:09,158.51,158.51,1,158.15,300,158.87,200,158.87,158.15,158.15,300,158.06,100,157.98,300,157.59,100,157.49,100,,,,,,,,,,,158.87,200,158.88,400,,,,,,,,,,,,,,,,
2026-02-05 09:31:10,158.51,158.51,1,158.15,300,158.87,200,158.87,158.15,158.15,300,158.06,100,157.98,300,157.59,100,157.49,100,,,,,,,,,,,158.87,200,158.88,400,,,,,,,,,,,,,,,,
2026-02-05 09:31:11,158.41,158.51,1,157.95,400,158.87,200,158.87,157.95,157.95,400,157.59,100,157.49,100,,,,,,,,,,,,,,,158.87,200,158.88,400,,,,,,,,,,,,,,,,
2026-02-05 09:31:12,158.41,158.51,1,157.95,400,158.87,200,158.87,157.95,157.95,400,157.59,100,157.49,100,,,,,,,,,,,,,,,158.87,200,158.88,400,,,,,,,,,,,,,,,,
2026-02-05 09:31:13,158.41,158.41,2,157.95,400,158.87,200,158.87,157.95,157.95,400,157.59,100,157.49,100,,,,,,,,,,,,,,,158.87,200,158.88,400,,,,,,,,,,,,,,,,
2026-02-05 09:31:14,158.41,158.41,2,157.95,400,158.87,200,158.87,157.95,157.95,400,157.59,100,157.49,100,,,,,,,,,,,,,,,158.87,200,158.88,400,,,,,,,,,,,,,,,,
2026-02-05 09:31:15,158.41,158.41,2,157.95,400,158.87,200,158.87,157.95,157.95,400,157.59,100,157.49,100,,,,,,,,,,,,,,,158.87,200,158.88,400,,,,,,,,,,,,,,,,
2026-02-05 09:31:16,158.41,158.41,2,157.95,400,158.87,200,158.87,157.95,157.95,400,157.59,100,157.49,100,,,,,,,,,,,,,,,158.87,200,158.88,400,,,,,,,,,,,,,,,,
2026-02-05 09:31:17,158.41,158.41,2,157.95,400,158.87,200,158.87,157.95,157.95,400,157.59,100,157.49,100,,,,,,,,,,,,,,,158.87,200,158.88,400,,,,,,,,,,,,,,,,
2026-02-05 09:31:18,158.41,158.41,2,157.95,400,158.87,200,158.87,157.95,157.95,400,157.59,100,157.49,100,,,,,,,,,,,,,,,158.87,200,158.88,400,,,,,,,,,,,,,,,,
2026-02-05 09:31:19,158.41,158.41,2,157.95,400,158.87,200,158.87,157.95,157.95,400,157.59,100,157.49,100,,,,,,,,,,,,,,,158.87,200,158.88,400,,,,,,,,,,,,,,,,
2026-02-05 09:31:20,158.41,158.41,2,157.95,400,158.87,200,158.87,157.95,157.95,400,157.59,100,157.49,100,,,,,,,,,,,,,,,158.87,200,158.88,400,,,,,,,,,,,,,,,,
2026-02-05 09:31:21,158.41,158.41,2,157.95,400,158.87,200,158.87,157.95,157.95,400,157.59,100,157.49,100,,,,,,,,,,,,,,,158.87,200,158.88,400,,,,,,,,,,,,,,,,
2026-02-05 09:31:22,158.41,158.41,2,157.95,400,158.87,200,158.87,157.95,157.95,400,157.59,100,157.49,100,,,,,,,,,,,,,,,158.87,200,158.88,400,,,,,,,,,,,,,,,,
2026-02-05 09:31:23,158.41,158.41,2,157.95,400,158.87,200,158.87,157.95,157.95,400,157.59,100,157.49,100,,,,,,,,,,,,,,,158.87,200,158.88,400,,,,,,,,,,,,,,,,
2026-02-05 09:31:24,158.41,158.41,2,157.95,400,158.87,200,158.87,157.95,157.95,400,157.59,100,157.49,100,,,,,,,,,,,,,,,158.87,200,158.88,400,,,,,,,,,,,,,,,,
2026-02-05 09:31:25,158.41,158.41,2,157.95,400,158.87,200,158.87,157.95,157.95,400,157.59,100,157.49,100,,,,,,,,,,,,,,,158.87,200,158.88,400,,,,,,,,,,,,,,,,
2026-02-05 09:31:26,158.41,158.41,2,157.95,400,158.87,200,158.87,157.95,157.95,400,157.59,100,157.49,100,,,,,,,,,,,,,,,158.87,200,158.88,400,,,,,,,,,,,,,,,,
2026-02-05 09:31:27,158.41,158.41,2,157.95,400,158.87,200,158.87,157.95,157.95,400,157.59,100,157.49,100,,,,,,,,,,,,,,,158.87,200,158.88,400,,,,,,,,,,,,,,,,
2026-02-05 09:31:28,158.41,158.41,2,157.95,400,158.87,200,158.87,157.95,157.95,400,157.59,100,157.49,100,,,,,,,,,,,,,,,158.87,200,158.88,400,,,,,,,,,,,,,,,,
2026-02-05 09:31:29,158.41,158.41,2,157.95,400,158.87,200,158.87,157.95,157.95,400,157.59,100,157.49,100,,,,,,,,,,,,,,,158.87,200,158.88,400,,,,,,,,,,,,,,,,
2026-02-05 09:31:30,158.41,158.41,2,157.95,400,158.87,200,158.87,157.95,157.95,400,157.59,100,157.49,100,,,,,,,,,,,,,,,158.87,200,158.88,400,,,,,,,,,,,,,,,,
2026-02-05 09:31:31,158.41,158.41,2,157.95,400,158.87,200,158.87,157.95,157.95,400,157.59,100,157.49,100,,,,,,,,,,,,,,,158.87,200,158.88,400,,,,,,,,,,,,,,,,
2026-02-05 09:31:32,158.41,158.41,2,157.95,400,158.87,200,158.87,157.95,157.95,400,157.59,100,157.49,100,,,,,,,,,,,,,,,158.87,200,158.88,400,,,,,,,,,,,,,,,,
2026-02-05 09:31:33,158.41,158.41,2,157.95,400,158.87,200,158.87,157.95,157.95,400,157.59,100,157.49,100,,,,,,,,,,,,,,,158.87,200,158.88,400,,,,,,,,,,,,,,,,
2026-02-05 09:31:34,158.41,158.41,2,157.95,400,158.87,200,158.87,157.95,157.95,400,157.59,100,157.49,100,,,,,,,,,,,,,,,158.87,200,158.88,400,,,,,,,,,,,,,,,,
2026-02-05 09:31:35,158.41,158.41,2,157.95,400,158.87,200,158.87,157.95,157.95,400,157.59,100,157.49,100,,,,,,,,,,,,,,,158.87,200,158.88,400,,,,,,,,,,,,,,,,
2026-02-05 09:31:36,158.41,158.41,2,157.95,400,158.87,200,158.87,157.95,157.95,400,157.59,100,157.49,100,,,,,,,,,,,,,,,158.87,200,158.88,400,,,,,,,,,,,,,,,,
2026-02-05 09:31:37,158.41,158.41,2,157.95,400,158.87,200,158.87,157.95,157.95,400,157.59,100,157.49,100,,,,,,,,,,,,,,,158.87,200,158.88,400,,,,,,,,,,,,,,,,
2026-02-05 09:31:38,158.41,158.41,2,157.95,400,158.87,200,158.87,157.95,157.95,400,157.59,100,157.49,100,,,,,,,,,,,,,,,158.87,200,158.88,400,,,,,,,,,,,,,,,,
2026-02-05 09:31:39,158.41,158.41,2,157.95,400,158.87,200,158.87,157.95,157.95,400,157.59,100,157.49,100,,,,,,,,,,,,,,,158.87,200,158.88,400,,,,,,,,,,,,,,,,
2026-02-05 09:31:40,158.41,158.41,2,157.95,400,158.87,200,158.87,157.95,157.95,400,157.59,100,157.49,100,,,,,,,,,,,,,,,158.87,200,158.88,400,,,,,,,,,,,,,,,,
2026-02-05 09:31:41,158.495,158.41,2,158.12,300,158.87,200,158.87,158.12,158.12,300,157.66,100,157.59,100,157.49,100,,,,,,,,,,,,,158.87,200,158.88,400,,,,,,,,,,,,,,,,
2026-02-05 09:31:42,158.495,158.41,2,158.12,400,158.87,200,158.87,158.12,158.12,400,157.66,100,157.59,100,157.49,100,,,,,,,,,,,,,158.87,200,158.88,400,,,,,,,,,,,,,,,,
2026-02-05 09:31:43,158.495,158.41,2,158.12,400,158.87,200,158.87,158.12,158.12,400,157.66,100,157.59,100,157.49,100,,,,,,,,,,,,,158.87,200,158.88,400,,,,,,,,,,,,,,,,
2026-02-05 09:31:44,158.495,158.41,2,158.12,300,158.87,200,158.87,158.12,158.12,300,157.66,100,157.59,100,157.49,100,,,,,,,,,,,,,158.87,200,158.88,400,,,,,,,,,,,,,,,,
2026-02-05 09:31:45,158.495,158.41,2,158.12,300,158.87,200,158.87,158.12,158.12,300,157.66,100,157.59,100,157.49,100,,,,,,,,,,,,,158.87,200,158.88,400,,,,,,,,,,,,,,,,
2026-02-05 09:31:46,158.495,158.41,2,158.12,300,158.87,200,158.87,158.12,158.12,300,157.66,100,157.59,100,157.49,100,,,,,,,,,,,,,158.87,200,158.88,400,,,,,,,,,,,,,,,,
2026-02-05 09:31:47,158.495,158.41,2,158.12,300,158.87,200,158.87,158.12,158.12,300,157.66,100,157.59,100,157.49,100,,,,,,,,,,,,,158.87,200,158.88,400,,,,,,,,,,,,,,,,
2026-02-05 09:31:48,158.495,158.41,2,158.12,300,158.87,200,158.87,158.12,158.12,300,157.66,100,157.59,100,157.49,100,,,,,,,,,,,,,158.87,200,158.88,400,,,,,,,,,,,,,,,,
2026-02-05 09:31:49,158.495,158.41,2,158.12,300,158.87,200,158.87,158.12,158.12,300,157.66,100,157.59,100,157.49,100,,,,,,,,,,,,,158.87,200,158.88,400,,,,,,,,,,,,,,,,
2026-02-05 09:31:50,158.495,158.41,2,158.12,300,158.87,200,158.87,158.12,158.12,300,157.66,100,157.59,100,157.49,100,,,,,,,,,,,,,158.87,200,158.88,400,,,,,,,,,,,,,,,,
2026-02-05 09:31:51,158.495,158.41,2,158.12,300,158.87,200,158.87,158.12,158.12,300,157.66,100,157.59,100,157.49,100,,,,,,,,,,,,,158.87,200,158.88,400,,,,,,,,,,,,,,,,
2026-02-05 09:31:52,158.565,158.41,2,158.26,300,158.87,200,158.87,158.26,158.26,300,157.77,400,157.66,100,157.59,100,157.49,100,,,,,,,,,,,158.87,200,158.88,400,,,,,,,,,,,,,,,,
2026-02-05 09:31:53,158.565,158.41,2,158.26,300,158.87,200,158.87,158.26,158.26,300,157.77,400,157.66,100,157.59,100,157.49,100,,,,,,,,,,,158.87,200,158.88,400,,,,,,,,,,,,,,,,
2026-02-05 09:31:54,158.565,158.41,2,158.26,300,158.87,200,158.87,158.26,158.26,300,157.77,400,157.66,100,157.59,100,157.49,100,,,,,,,,,,,158.87,200,158.88,400,,,,,,,,,,,,,,,,
2026-02-05 09:31:55,158.565,158.41,2,158.26,300,158.87,200,158.87,158.26,158.26,300,157.77,400,157.66,100,157.59,100,157.49,100,,,,,,,,,,,158.87,200,158.88,400,,,,,,,,,,,,,,,,
2026-02-05 09:31:56,158.565,158.41,2,158.26,300,158.87,200,158.87,158.26,158.26,300,157.77,400,157.66,100,157.59,100,157.49,100,,,,,,,,,,,158.87,200,158.88,400,,,,,,,,,,,,,,,,
2026-02-05 09:31:57,158.565,158.41,2,158.26,300,158.87,200,158.87,158.26,158.26,300,157.77,400,157.66,100,157.59,100,157.49,100,,,,,,,,,,,158.87,200,158.88,400,,,,,,,,,,,,,,,,
2026-02-05 09:31:58,158.565,158.41,2,158.26,300,158.87,200,158.87,158.26,158.26,300,157.77,400,157.66,100,157.59,100,157.49,100,,,,,,,,,,,158.87,200,158.88,400,,,,,,,,,,,,,,,,
2026-02-05 09:31:59,158.565,158.41,2,158.26,300,158.87,200,158.87,158.26,158.26,300,157.77,400,157.66,100,157.59,100,157.49,100,,,,,,,,,,,158.87,200,158.88,400,,,,,,,,,,,,,,,,
2026-02-05 09:32:00,158.565,158.41,2,158.26,300,158.87,200,158.87,158.26,158.26,300,157.77,400,157.66,100,157.59,100,157.49,100,,,,,,,,,,,158.87,200,158.88,400,,,,,,,,,,,,,,,,
2026-02-05 09:32:01,158.565,158.41,2,158.26,300,158.87,200,158.87,158.26,158.26,300,157.77,400,157.66,100,157.59,100,157.49,100,,,,,,,,,,,158.87,200,158.88,400,,,,,,,,,,,,,,,,
2026-02-05 09:32:02,158.565,158.41,2,158.26,300,158.87,200,158.87,158.26,158.26,300,157.77,400,157.66,100,157.59,100,157.49,100,,,,,,,,,,,158.87,200,158.88,400,,,,,,,,,,,,,,,,
2026-02-05 09:32:03,158.565,158.41,2,158.26,300,158.87,200,158.87,158.26,158.26,300,157.77,400,157.66,100,157.59,100,157.49,100,,,,,,,,,,,158.87,200,158.88,400,,,,,,,,,,,,,,,,
2026-02-05 09:32:04,158.565,158.41,2,158.26,300,158.87,200,158.87,158.26,158.26,300,157.77,400,157.66,100,157.59,100,157.49,100,,,,,,,,,,,158.87,200,158.88,400,,,,,,,,,,,,,,,,
2026-02-05 09:32:05,158.565,158.41,2,158.26,300,158.87,200,158.87,158.26,158.26,300,157.77,400,157.66,100,157.59,100,157.49,100,,,,,,,,,,,158.87,200,158.88,400,,,,,,,,,,,,,,,,
2026-02-05 09:32:06,158.565,158.41,2,158.26,300,158.87,200,158.87,158.26,158.26,300,157.77,400,157.66,100,157.59,100,157.49,100,,,,,,,,,,,158.87,200,158.88,400,,,,,,,,,,,,,,,,
2026-02-05 09:32:07,158.565,158.41,2,158.26,300,158.87,200,158.87,158.26,158.26,300,157.77,400,157.66,100,157.59,100,157.49,100,,,,,,,,,,,158.87,200,158.88,400,,,,,,,,,,,,,,,,
2026-02-05 09:32:08,158.565,158.41,2,158.26,300,158.87,200,158.87,158.26,158.26,300,157.77,400,157.66,100,157.59,100,157.49,100,,,,,,,,,,,158.87,200,158.88,400,,,,,,,,,,,,,,,,
2026-02-05 09:32:09,158.565,158.41,2,158.26,300,158.87,200,158.87,158.26,158.26,300,157.77,400,157.66,100,157.59,100,157.49,100,,,,,,,,,,,158.87,200,158.88,400,,,,,,,,,,,,,,,,
2026-02-05 09:32:10,158.565,158.41,2,158.26,300,158.87,200,158.87,158.26,158.26,300,157.77,400,157.66,100,157.59,100,157.49,100,,,,,,,,,,,158.87,200,158.88,400,,,,,,,,,,,,,,,,
2026-02-05 09:32:11,158.565,158.41,2,158.26,300,158.87,200,158.87,158.26,158.26,300,157.77,400,157.66,100,157.59,100,157.49,100,,,,,,,,,,,158.87,200,158.88,400,,,,,,,,,,,,,,,,
2026-02-05 09:32:12,158.565,158.41,2,158.26,300,158.87,200,158.87,158.26,158.26,300,157.77,400,157.66,100,157.59,100,157.49,100,,,,,,,,,,,158.87,200,158.88,400,,,,,,,,,,,,,,,,
2026-02-05 09:32:13,158.565,158.41,2,158.26,300,158.87,200,158.87,158.26,158.26,300,157.77,400,157.66,100,157.59,100,157.49,100,,,,,,,,,,,158.87,200,158.88,400,,,,,,,,,,,,,,,,
2026-02-05 09:32:14,158.565,158.41,2,158.26,300,158.87,200,158.87,158.26,158.26,300,157.77,400,157.66,100,157.59,100,157.49,100,,,,,,,,,,,158.87,200,158.88,400,,,,,,,,,,,,,,,,
2026-02-05 09:32:15,158.565,158.57,1,158.26,400,158.87,200,158.87,158.26,158.26,400,157.77,400,157.66,100,157.59,100,157.49,100,,,,,,,,,,,158.87,200,158.88,400,,,,,,,,,,,,,,,,
2026-02-05 09:32:16,158.565,158.57,1,158.26,400,158.87,200,158.87,158.26,158.26,400,157.77,400,157.66,100,157.59,100,157.49,100,,,,,,,,,,,158.87,200,158.88,400,,,,,,,,,,,,,,,,
2026-02-05 09:32:17,158.565,158.57,1,158.26,400,158.87,200,158.87,158.26,158.26,400,157.77,400,157.66,100,157.59,100,157.49,100,,,,,,,,,,,158.87,200,158.88,400,,,,,,,,,,,,,,,,
2026-02-05 09:32:18,158.565,158.57,1,158.26,400,158.87,200,158.87,158.26,158.26,400,157.77,400,157.66,100,157.59,100,157.49,100,,,,,,,,,,,158.87,200,158.88,400,,,,,,,,,,,,,,,,
2026-02-05 09:32:19,158.715,158.57,1,158.56,4900,158.87,200,158.87,158.56,158.56,4900,158.26,400,157.77,400,157.66,100,157.59,100,157.49,100,,,,,,,,,158.87,200,158.88,400,,,,,,,,,,,,,,,,
2026-02-05 09:32:20,158.715,158.57,1,158.56,4900,158.87,200,158.87,158.56,158.56,4900,158.26,400,157.77,400,157.66,100,157.59,100,157.49,100,,,,,,,,,158.87,200,158.88,400,,,,,,,,,,,,,,,,
2026-02-05 09:32:21,158.635,158.57,1,158.4,100,158.87,200,158.87,158.4,158.4,100,158.26,400,157.77,400,157.66,100,157.59,100,157.49,100,,,,,,,,,158.87,200,158.88,400,,,,,,,,,,,,,,,,
2026-02-05 09:32:22,158.635,158.57,1,158.4,100,158.87,200,158.87,158.4,158.4,100,158.26,400,157.77,400,157.66,100,157.59,100,157.49,100,,,,,,,,,158.87,200,158.88,400,,,,,,,,,,,,,,,,
2026-02-05 09:32:23,158.635,158.57,1,158.4,100,158.87,200,158.87,158.4,158.4,100,158.26,400,157.77,400,157.66,100,157.59,100,157.49,100,,,,,,,,,158.87,200,158.88,400,,,,,,,,,,,,,,,,
2026-02-05 09:32:24,158.635,158.57,1,158.4,100,158.87,200,158.87,158.4,158.4,100,158.26,400,157.77,400,157.66,100,157.59,100,157.49,100,,,,,,,,,158.87,200,158.88,400,,,,,,,,,,,,,,,,
2026-02-05 09:32:25,158.635,158.57,1,158.4,100,158.87,200,158.87,158.4,158.4,100,158.26,400,157.77,400,157.66,100,157.59,100,157.49,100,,,,,,,,,158.87,200,158.88,400,,,,,,,,,,,,,,,,
2026-02-05 09:32:26,158.635,158.57,1,158.4,100,158.87,200,158.87,158.4,158.4,100,158.26,400,157.77,400,157.66,100,157.59,100,157.49,100,,,,,,,,,158.87,200,158.88,400,,,,,,,,,,,,,,,,
2026-02-05 09:32:27,158.635,158.57,1,158.4,100,158.87,200,158.87,158.4,158.4,100,158.26,400,157.77,400,157.66,100,157.59,100,157.49,100,,,,,,,,,158.87,200,158.88,400,,,,,,,,,,,,,,,,
2026-02-05 09:32:28,158.635,158.57,1,158.4,100,158.87,200,158.87,158.4,158.4,100,158.26,400,157.77,400,157.66,100,157.59,100,157.49,100,,,,,,,,,158.87,200,158.88,400,,,,,,,,,,,,,,,,
2026-02-05 09:32:29,158.635,158.57,1,158.4,100,158.87,200,158.87,158.4,158.4,100,158.26,400,157.77,400,157.66,100,157.59,100,157.49,100,,,,,,,,,158.87,200,158.88,400,,,,,,,,,,,,,,,,
2026-02-05 09:32:30,158.635,158.57,1,158.4,100,158.87,200,158.87,158.4,158.4,100,158.26,400,157.77,400,157.66,100,157.59,100,157.49,100,,,,,,,,,158.87,200,158.88,400,,,,,,,,,,,,,,,,
2026-02-05 09:32:31,158.635,158.57,1,158.4,100,158.87,200,158.87,158.4,158.4,100,158.26,400,157.77,400,157.66,100,157.59,100,157.49,100,,,,,,,,,158.87,200,158.88,400,,,,,,,,,,,,,,,,
2026-02-05 09:32:32,158.635,158.57,1,158.4,100,158.87,200,158.87,158.4,158.4,100,158.26,400,157.77,400,157.66,100,157.59,100,157.49,100,,,,,,,,,158.87,200,158.88,400,,,,,,,,,,,,,,,,
2026-02-05 09:32:33,158.635,158.57,1,158.4,100,158.87,200,158.87,158.4,158.4,100,158.26,400,157.77,400,157.66,100,157.59,100,157.49,100,,,,,,,,,158.87,200,158.88,400,,,,,,,,,,,,,,,,
2026-02-05 09:32:34,158.635,158.57,1,158.4,100,158.87,200,158.87,158.4,158.4,100,158.26,400,157.77,400,157.66,100,157.59,100,157.49,100,,,,,,,,,158.87,200,158.88,400,,,,,,,,,,,,,,,,
2026-02-05 09:32:35,158.635,158.57,1,158.4,100,158.87,200,158.87,158.4,158.4,100,158.26,400,157.77,400,157.66,100,157.59,100,157.49,100,,,,,,,,,158.87,200,158.88,400,,,,,,,,,,,,,,,,
2026-02-05 09:32:36,158.635,158.57,1,158.4,100,158.87,200,158.87,158.4,158.4,100,158.26,400,157.77,400,157.66,100,157.59,100,157.49,100,,,,,,,,,158.87,200,158.88,400,,,,,,,,,,,,,,,,
2026-02-05 09:32:37,158.635,158.57,1,158.4,100,158.87,200,158.87,158.4,158.4,100,158.26,400,157.77,400,157.66,100,157.59,100,157.49,100,,,,,,,,,158.87,200,158.88,400,,,,,,,,,,,,,,,,
2026-02-05 09:32:38,158.635,158.57,1,158.4,100,158.87,200,158.87,158.4,158.4,100,158.26,400,157.77,400,157.66,100,157.59,100,157.49,100,,,,,,,,,158.87,200,158.88,400,,,,,,,,,,,,,,,,
2026-02-05 09:32:39,158.635,158.57,1,158.4,100,158.87,200,158.87,158.4,158.4,100,158.26,400,157.77,400,157.66,100,157.59,100,157.49,100,,,,,,,,,158.87,200,158.88,400,,,,,,,,,,,,,,,,
2026-02-05 09:32:40,158.635,158.57,1,158.4,100,158.87,200,158.87,158.4,158.4,100,158.26,400,157.77,400,157.66,100,157.59,100,157.49,100,,,,,,,,,158.87,200,158.88,400,,,,,,,,,,,,,,,,
2026-02-05 09:32:41,158.645,158.57,1,158.42,400,158.87,200,158.87,158.42,158.42,400,158.4,100,158.26,400,157.77,400,157.66,100,157.59,100,157.49,100,,,,,,,158.87,200,158.88,400,,,,,,,,,,,,,,,,
2026-02-05 09:32:42,158.74,158.73,2,158.68,100,158.8,300,158.8,158.68,158.68,100,158.65,100,158.64,100,158.6,100,158.42,400,158.4,100,158.26,400,157.77,400,157.66,100,157.59,100,158.8,300,158.81,100,158.87,200,158.88,400,,,,,,,,,,,,
2026-02-05 09:32:43,158.575,158.63,1,158.42,800,158.73,100,158.73,158.42,158.42,800,158.4,100,158.26,400,157.77,400,157.66,100,157.59,100,157.49,100,,,,,,,158.73,100,158.85,4100,158.86,500,158.87,200,158.88,400,,,,,,,,,,
2026-02-05 09:32:44,158.57,158.57,1,158.42,800,158.72,100,158.72,158.42,158.42,800,158.4,100,158.26,400,157.77,400,157.66,100,157.59,100,157.49,100,,,,,,,158.72,100,158.73,100,158.85,4100,158.86,500,158.87,200,158.88,400,,,,,,,,
2026-02-05 09:32:45,158.57,158.57,1,158.42,800,158.72,500,158.72,158.42,158.42,800,158.4,100,158.26,400,157.77,400,157.66,100,157.59,100,157.49,100,,,,,,,158.72,500,158.73,100,158.85,4100,158.86,500,158.87,200,158.88,400,,,,,,,,
2026-02-05 09:32:46,158.64,158.73,1,158.46,100,158.82,800,158.82,158.46,158.46,100,158.43,100,158.42,800,158.4,100,158.26,400,157.77,400,157.66,100,157.59,100,157.49,100,,,158.82,800,158.85,4100,158.86,500,158.87,200,158.88,400,,,,,,,,,,
2026-02-05 09:32:47,158.64,158.73,1,158.47,100,158.81,100,158.81,158.47,158.47,100,158.46,100,158.43,100,158.42,800,158.4,100,158.26,400,157.77,400,157.66,100,157.59,100,157.49,100,158.81,100,158.82,800,158.85,4100,158.86,500,158.87,200,158.88,400,,,,,,,,
2026-02-05 09:32:48,158.685,158.69,1,158.57,400,158.8,100,158.8,158.57,158.57,400,158.48,100,158.47,400,158.46,100,158.43,100,158.42,800,158.4,100,158.26,400,157.77,400,157.66,100,158.8,100,158.81,200,158.82,800,158.85,4100,158.86,500,158.87,200,158.88,400,,,,,,
2026-02-05 09:32:49,158.685,158.69,2,158.57,400,158.8,100,158.8,158.57,158.57,400,158.48,100,158.47,400,158.46,100,158.43,100,158.42,800,158.4,100,158.26,400,157.77,400,157.66,100,158.8,100,158.81,200,158.82,800,158.85,4100,158.86,500,158.87,200,158.88,400,,,,,,
2026-02-05 09:32:50,158.64,158.64,3,158.53,100,158.75,700,158.75,158.53,158.53,100,158.48,100,158.47,400,158.46,100,158.43,100,158.42,800,158.4,100,158.26,400,157.77,400,157.66,100,158.75,700,158.8,300,158.81,200,158.82,800,158.85,4100,158.86,500,158.87,200,158.88,400,,,,
2026-02-05 09:32:51,158.455,158.46,3,158.3,100,158.61,400,158.61,158.3,158.3,100,158.26,400,157.77,400,157.66,100,157.59,100,157.49,100,,,,,,,,,158.61,400,158.62,400,158.63,200,158.64,300,158.74,600,158.75,700,158.8,300,158.81,200,158.82,800,158.85,4100
2026-02-05 09:32:52,158.455,158.46,3,158.3,100,158.61,600,158.61,158.3,158.3,100,158.26,400,157.77,400,157.66,100,157.59,100,157.49,100,,,,,,,,,158.61,600,158.62,400,158.63,200,158.64,300,158.74,600,158.75,700,158.8,300,158.81,200,158.82,800,158.85,4100
2026-02-05 09:32:53,158.455,158.46,3,158.3,100,158.61,600,158.61,158.3,158.3,100,158.26,400,157.77,400,157.66,100,157.59,100,157.49,100,,,,,,,,,158.61,600,158.62,400,158.63,200,158.64,300,158.74,600,158.75,700,158.8,300,158.81,200,158.82,800,158.85,4100
2026-02-05 09:32:54,158.455,158.46,3,158.3,100,158.61,600,158.61,158.3,158.3,100,158.26,400,157.77,400,157.66,100,157.59,100,157.49,100,,,,,,,,,158.61,600,158.62,400,158.63,200,158.64,300,158.74,600,158.75,700,158.8,300,158.81,200,158.82,800,158.85,4100
2026-02-05 09:32:55,158.455,158.46,3,158.3,100,158.61,600,158.61,158.3,158.3,100,158.26,400,157.77,400,157.66,100,157.59,100,157.49,100,,,,,,,,,158.61,600,158.62,400,158.63,200,158.64,300,158.74,600,158.75,700,158.8,300,158.81,200,158.82,800,158.85,4100
2026-02-05 09:32:56,158.455,158.46,1,158.3,200,158.61,600,158.61,158.3,158.3,200,158.26,400,157.77,400,157.66,100,157.59,100,157.49,100,,,,,,,,,158.61,600,158.62,400,158.63,200,158.64,300,158.74,600,158.75,700,158.8,300,158.81,200,158.82,800,158.85,4100
2026-02-05 09:32:57,158.46,158.39,1,158.31,100,158.61,600,158.61,158.31,158.31,100,158.3,300,158.26,400,157.77,400,157.66,100,157.59,100,157.49,100,,,,,,,158.61,600,158.62,400,158.63,200,158.64,300,158.74,600,158.75,700,158.8,300,158.81,200,158.82,800,158.85,4100
2026-02-05 09:32:58,158.46,158.39,1,158.31,400,158.61,600,158.61,158.31,158.31,400,158.3,300,158.26,400,157.77,400,157.66,100,157.59,100,157.49,100,,,,,,,158.61,600,158.62,400,158.63,200,158.64,300,158.74,600,158.75,700,158.8,300,158.81,200,158.82,800,158.85,4100
2026-02-05 09:32:59,158.465,158.47,2,158.33,500,158.6,1000,158.6,158.33,158.33,500,158.29,100,158.27,500,158.26,600,157.77,400,157.66,100,157.59,100,157.49,100,,,,,158.6,1000,158.61,1100,158.62,400,158.63,200,158.64,300,158.74,600,158.75,700,158.8,300,158.81,200,158.82,800
2026-02-05 09:33:00,158.47,158.47,1,158.34,100,158.6,1000,158.6,158.34,158.34,100,158.33,500,158.29,100,158.27,500,158.26,600,157.77,400,157.66,100,157.59,100,157.49,100,,,158.6,1000,158.61,1100,158.62,400,158.63,200,158.64,300,158.74,600,158.75,700,158.8,300,158.81,200,158.82,800
2026-02-05 09:33:01,158.47,158.47,2,158.34,100,158.6,1000,158.6,158.34,158.34,100,158.33,500,158.29,100,158.27,500,158.26,600,157.77,400,157.66,100,157.59,100,157.49,100,,,158.6,1000,158.61,1100,158.62,400,158.63,200,158.64,300,158.74,600,158.75,700,158.8,300,158.81,200,158.82,800
2026-02-05 09:33:02,158.485,158.5,1,158.34,100,158.63,400,158.63,158.34,158.34,100,158.33,500,158.29,100,158.27,500,158.26,600,157.77,400,157.66,100,157.59,100,157.49,100,,,158.63,400,158.64,100,158.65,100,158.66,100,158.67,100,158.7,200,158.74,600,158.75,700,158.8,300,158.81,200
2026-02-05 09:33:03,158.62,158.51,1,158.51,500,158.73,100,158.73,158.51,158.51,500,158.43,200,158.42,400,158.38,200,158.37,300,158.36,400,158.35,200,158.33,500,158.29,100,158.27,500,158.73,100,158.74,600,158.75,700,158.8,300,158.81,200,158.82,800,158.85,4100,158.86,500,158.87,200,158.88,400
2026-02-05 09:33:04,158.615,158.51,1,158.5,100,158.73,100,158.73,158.5,158.5,100,158.43,200,158.42,400,158.38,200,158.37,300,158.36,400,158.35,200,158.33,500,158.29,100,158.27,500,158.73,100,158.74,600,158.75,700,158.8,300,158.81,200,158.82,800,158.85,4100,158.86,500,158.87,200,158.88,400
2026-02-05 09:33:05,158.615,158.62,1,158.5,100,158.73,100,158.73,158.5,158.5,100,158.43,200,158.42,400,158.38,200,158.37,300,158.36,400,158.35,200,158.33,500,158.29,100,158.27,500,158.73,100,158.74,600,158.75,700,158.8,300,158.81,200,158.82,800,158.85,4100,158.86,500,158.87,200,158.88,400
2026-02-05 09:33:06,158.69,158.72,1,158.57,500,158.81,200,158.81,158.57,158.57,500,158.51,100,158.5,100,158.43,200,158.42,400,158.38,200,158.37,300,158.36,400,158.35,200,158.33,500,158.81,200,158.82,800,158.85,4100,158.86,500,158.87,200,158.88,400,,,,,,,,
2026-02-05 09:33:07,158.66,158.66,3,158.51,100,158.81,200,158.81,158.51,158.51,100,158.5,100,158.43,200,158.42,400,158.38,200,158.37,300,158.36,400,158.35,200,158.33,500,158.29,100,158.81,200,158.82,800,158.85,4100,158.86,500,158.87,200,158.88,400,,,,,,,,
2026-02-05 09:33:08,158.645,158.65,4,158.5,200,158.79,500,158.79,158.5,158.5,200,158.43,200,158.42,400,158.38,200,158.37,300,158.36,400,158.35,200,158.33,500,158.29,100,158.27,500,158.79,500,158.81,300,158.82,800,158.85,4100,158.86,500,158.87,200,158.88,400,,,,,,
2026-02-05 09:33:09,158.645,158.5,1,158.5,200,158.79,500,158.79,158.5,158.5,200,158.43,200,158.42,400,158.38,200,158.37,300,158.36,400,158.35,200,158.33,500,158.29,100,158.27,500,158.79,500,158.81,300,158.82,800,158.85,4100,158.86,500,158.87,200,158.88,400,,,,,,
2026-02-05 09:33:10,158.64,158.64,1,158.5,200,158.78,100,158.78,158.5,158.5,200,158.43,200,158.42,400,158.38,200,158.37,300,158.36,400,158.35,200,158.33,500,158.29,100,158.27,500,158.78,100,158.79,500,158.81,300,158.82,800,158.85,4100,158.86,500,158.87,200,158.88,400,,,,
2026-02-05 09:33:11,158.64,158.67,1,158.5,100,158.78,100,158.78,158.5,158.5,100,158.43,200,158.42,400,158.38,200,158.37,300,158.36,400,158.35,200,158.33,500,158.29,100,158.27,500,158.78,100,158.79,500,158.81,300,158.82,800,158.85,4100,158.86,500,158.87,200,158.88,400,,,,
2026-02-05 09:33:12,158.645,158.7,1,158.51,500,158.78,100,158.78,158.51,158.51,500,158.5,100,158.43,200,158.42,400,158.38,200,158.37,300,158.36,400,158.35,200,158.33,500,158.29,100,158.78,100,158.79,500,158.81,300,158.82,800,158.85,4100,158.86,500,158.87,200,158.88,400,,,,
2026-02-05 09:33:13,158.65,158.65,1,158.52,100,158.78,100,158.78,158.52,158.52,100,158.51,500,158.5,100,158.43,200,158.42,400,158.38,200,158.37,300,158.36,400,158.35,200,158.33,500,158.78,100,158.79,500,158.81,300,158.82,800,158.85,4100,158.86,500,158.87,200,158.88,400,,,,
2026-02-05 09:33:14,158.65,158.65,1,158.52,100,158.78,100,158.78,158.52,158.52,100,158.51,600,158.5,100,158.43,200,158.42,400,158.38,200,158.37,300,158.36,400,158.35,200,158.33,500,158.78,100,158.79,500,158.81,300,158.82,800,158.85,4100,158.86,500,158.87,200,158.88,400,,,,
2026-02-05 09:33:15,158.65,158.65,1,158.52,200,158.78,100,158.78,158.52,158.52,200,158.51,700,158.5,100,158.43,200,158.42,400,158.38,200,158.37,300,158.36,400,158.35,200,158.33,500,158.78,100,158.79,500,158.81,300,158.82,800,158.85,4100,158.86,500,158.87,200,158.88,400,,,,
2026-02-05 09:33:16,158.645,158.65,1,158.51,800,158.78,100,158.78,158.51,158.51,800,158.5,100,158.43,200,158.42,400,158.38,200,158.37,300,158.36,400,158.35,200,158.33,500,158.29,100,158.78,100,158.79,500,158.81,300,158.82,800,158.85,4100,158.86,500,158.87,200,158.88,400,,,,
2026-02-05 09:33:17,158.65,158.65,1,158.52,600,158.78,100,158.78,158.52,158.52,600,158.51,900,158.5,100,158.43,200,158.42,400,158.38,200,158.37,300,158.36,400,158.35,200,158.33,500,158.78,100,158.79,500,158.81,300,158.82,800,158.85,4100,158.86,500,158.87,200,158.88,400,,,,
2026-02-05 09:33:18,158.65,158.65,1,158.52,500,158.78,200,158.78,158.52,158.52,500,158.51,900,158.5,100,158.43,200,158.42,400,158.38,200,158.37,300,158.36,400,158.35,200,158.33,500,158.78,200,158.79,500,158.81,300,158.82,800,158.85,4100,158.86,500,158.87,200,158.88,400,,,,
2026-02-05 09:33:19,158.65,158.65,1,158.52,200,158.78,200,158.78,158.52,158.52,200,158.51,900,158.5,100,158.43,200,158.42,400,158.38,200,158.37,300,158.36,400,158.35,200,158.33,500,158.78,200,158.79,500,158.81,300,158.82,800,158.85,4100,158.86,500,158.87,200,158.88,400,,,,
2026-02-05 09:33:20,158.65,158.65,1,158.52,100,158.78,200,158.78,158.52,158.52,100,158.51,900,158.5,100,158.43,200,158.42,400,158.38,200,158.37,300,158.36,400,158.35,200,158.33,500,158.78,200,158.79,500,158.81,300,158.82,800,158.85,4100,158.86,500,158.87,200,158.88,400,,,,
2026-02-05 09:33:21,158.65,158.65,1,158.52,100,158.78,200,158.78,158.52,158.52,100,158.51,900,158.5,100,158.43,200,158.42,400,158.38,200,158.37,300,158.36,400,158.35,200,158.33,500,158.78,200,158.79,500,158.81,300,158.82,800,158.85,4100,158.86,500,158.87,200,158.88,400,,,,
2026-02-05 09:33:22,158.65,158.65,1,158.52,200,158.78,200,158.78,158.52,158.52,200,158.51,900,158.5,100,158.43,200,158.42,400,158.38,200,158.37,300,158.36,400,158.35,200,158.33,500,158.78,200,158.79,500,158.81,300,158.82,800,158.85,4100,158.86,500,158.87,200,158.88,400,,,,
2026-02-05 09:33:23,158.65,158.65,1,158.52,100,158.78,300,158.78,158.52,158.52,100,158.51,900,158.5,100,158.43,200,158.42,400,158.38,200,158.37,300,158.36,400,158.35,200,158.33,500,158.78,300,158.79,500,158.81,300,158.82,800,158.85,4100,158.86,500,158.87,200,158.88,400,,,,
2026-02-05 09:33:24,158.645,158.65,1,158.52,400,158.77,100,158.77,158.52,158.52,400,158.51,900,158.5,100,158.43,200,158.42,400,158.38,200,158.37,300,158.36,400,158.35,200,158.33,500,158.77,100,158.78,300,158.79,500,158.81,300,158.82,800,158.85,4100,158.86,500,158.87,200,158.88,400,,
2026-02-05 09:33:25,158.65,158.64,1,158.53,200,158.77,500,158.77,158.53,158.53,200,158.52,400,158.51,900,158.5,100,158.43,200,158.42,400,158.38,200,158.37,300,158.36,400,158.35,200,158.77,500,158.78,300,158.79,500,158.81,300,158.82,800,158.85,4100,158.86,500,158.87,200,158.88,400,,
2026-02-05 09:33:26,158.64,158.65,1,158.53,200,158.75,100,158.75,158.53,158.53,200,158.52,400,158.51,900,158.5,100,158.43,200,158.42,400,158.38,200,158.37,300,158.36,400,158.35,200,158.75,100,158.78,500,158.79,500,158.81,300,158.82,800,158.85,4100,158.86,500,158.87,200,158.88,400,,
2026-02-05 09:33:27,158.73,158.78,1,158.71,100,158.75,200,158.76,158.67,158.71,100,158.66,200,158.65,300,158.64,400,158.63,300,158.62,100,158.61,200,158.6,300,158.58,300,158.54,600,158.75,200,158.79,500,158.81,300,158.82,800,158.85,4100,158.86,500,158.87,200,158.88,400,,,,
2026-02-05 09:33:28,158.755,158.85,1,158.67,800,158.84,200,158.84,158.67,158.67,800,158.66,200,158.65,300,158.64,400,158.63,300,158.62,100,158.61,200,158.6,300,158.58,300,158.54,600,158.84,200,158.85,4100,158.86,500,158.87,200,158.88,400,,,,,,,,,,
2026-02-05 09:33:29,158.75,158.85,1,158.66,200,158.84,200,158.84,158.66,158.66,200,158.65,300,158.64,400,158.63,300,158.62,100,158.61,200,158.6,300,158.58,300,158.54,600,158.53,100,158.84,200,158.85,4100,158.86,500,158.87,200,158.88,400,,,,,,,,,,
2026-02-05 09:33:30,158.74,158.64,1,158.64,600,158.84,400,158.84,158.64,158.64,600,158.63,300,158.62,100,158.61,200,158.6,300,158.58,300,158.54,600,158.53,100,158.52,600,158.51,900,158.84,400,158.85,4100,158.86,500,158.87,200,158.88,400,,,,,,,,,,
2026-02-05 09:33:31,158.74,158.74,1,158.64,900,158.84,600,158.84,158.64,158.64,900,158.63,300,158.62,100,158.61,200,158.6,300,158.58,300,158.54,600,158.53,100,158.52,600,158.51,900,158.84,600,158.85,4100,158.86,500,158.87,200,158.88,400,,,,,,,,,,
2026-02-05 09:33:32,158.74,158.74,3,158.64,900,158.84,600,158.84,158.64,158.64,900,158.63,300,158.62,100,158.61,200,158.6,300,158.58,300,158.54,600,158.53,100,158.52,600,158.51,900,158.84,600,158.85,4100,158.86,500,158.87,200,158.88,400,,,,,,,,,,
2026-02-05 09:33:33,158.745,158.74,3,158.65,100,158.84,900,158.84,158.65,158.65,100,158.64,900,158.63,300,158.62,100,158.61,200,158.6,300,158.58,300,158.54,600,158.53,100,158.52,600,158.84,900,158.85,4100,158.86,500,158.87,200,158.88,400,,,,,,,,,,
2026-02-05 09:33:34,158.74,158.65,1,158.64,900,158.84,900,158.84,158.64,158.64,900,158.63,300,158.62,100,158.61,200,158.6,300,158.58,300,158.54,600,158.53,100,158.52,600,158.51,900,158.84,900,158.85,4100,158.86,500,158.87,200,158.88,400,,,,,,,,,,
2026-02-05 09:33:35,158.745,158.75,1,158.65,400,158.84,900,158.84,158.65,158.65,400,158.64,900,158.63,300,158.62,100,158.61,200,158.6,300,158.58,300,158.54,600,158.53,100,158.52,600,158.84,900,158.85,4100,158.86,500,158.87,200,158.88,400,,,,,,,,,,
2026-02-05 09:33:36,158.745,158.75,1,158.65,400,158.84,900,158.84,158.65,158.65,400,158.64,900,158.63,300,158.62,100,158.61,200,158.6,300,158.58,300,158.54,600,158.53,100,158.52,600,158.84,900,158.85,4100,158.86,500,158.87,200,158.88,400,,,,,,,,,,
2026-02-05 09:33:37,158.75,158.74,5,158.66,300,158.84,1100,158.84,158.66,158.66,300,158.65,1000,158.64,900,158.63,300,158.62,100,158.61,200,158.6,300,158.58,300,158.54,600,158.53,100,158.84,1100,158.85,4100,158.86,500,158.87,200,158.88,400,,,,,,,,,,
2026-02-05 09:33:38,158.745,158.67,2,158.66,500,158.83,400,158.83,158.66,158.66,500,158.65,1000,158.64,900,158.63,300,158.62,100,158.61,200,158.6,300,158.58,300,158.54,600,158.53,100,158.83,400,158.84,1100,158.85,4100,158.86,500,158.87,200,158.88,400,,,,,,,,
2026-02-05 09:33:39,158.75,158.67,2,158.66,500,158.84,1100,158.84,158.66,158.66,500,158.65,1000,158.64,900,158.63,300,158.62,100,158.61,200,158.6,300,158.58,300,158.54,600,158.53,100,158.84,1100,158.85,4100,158.86,500,158.87,200,158.88,400,,,,,,,,,,
2026-02-05 09:33:40,158.755,158.83,1,158.67,200,158.84,1100,158.84,158.67,158.67,200,158.66,600,158.65,1000,158.64,900,158.63,300,158.62,100,158.61,200,158.6,300,158.58,300,158.54,600,158.84,1100,158.85,4100,158.86,500,158.87,200,158.88,400,,,,,,,,,,
2026-02-05 09:33:41,158.755,158.74,1,158.67,200,158.84,1100,158.84,158.67,158.67,200,158.66,600,158.65,1000,158.64,900,158.63,300,158.62,100,158.61,200,158.6,300,158.58,300,158.54,600,158.84,1100,158.85,4100,158.86,500,158.87,200,158.88,400,,,,,,,,,,
2026-02-05 09:33:42,158.79,158.84,2,158.73,100,158.85,4100,158.85,158.73,158.73,100,158.71,100,158.67,300,158.66,600,158.65,1000,158.64,900,158.63,300,158.62,100,158.61,200,158.6,300,158.85,4100,158.86,500,158.87,200,158.88,400,,,,,,,,,,,,
2026-02-05 09:33:43,158.785,158.79,1,158.72,500,158.85,4100,158.85,158.72,158.72,500,158.71,100,158.67,300,158.66,600,158.65,1000,158.64,900,158.63,300,158.62,100,158.61,200,158.6,300,158.85,4100,158.86,500,158.87,200,158.88,400,,,,,,,,,,,,
2026-02-05 09:33:44,158.78,158.79,1,158.72,600,158.84,500,158.84,158.72,158.72,600,158.71,100,158.67,300,158.66,600,158.65,1000,158.64,900,158.63,300,158.62,100,158.61,200,158.6,300,158.84,500,158.85,4100,158.86,500,158.87,200,158.88,400,,,,,,,,,,
2026-02-05 09:33:45,158.74,158.71,2,158.65,1000,158.83,500,158.83,158.65,158.65,1000,158.64,900,158.63,300,158.62,100,158.61,200,158.6,300,158.58,300,158.54,600,158.53,100,158.52,600,158.83,500,158.84,500,158.85,4100,158.86,500,158.87,200,158.88,400,,,,,,,,
2026-02-05 09:33:46,158.61,158.64,1,158.52,700,158.7,100,158.7,158.52,158.52,700,158.51,900,158.5,100,158.43,200,158.42,400,158.38,200,158.37,300,158.36,400,158.35,200,158.33,500,158.7,100,158.77,400,158.83,500,158.84,500,158.85,4100,158.86,500,158.87,200,158.88,400,,,,
2026-02-05 09:33:47,158.53,158.51,1,158.42,400,158.64,600,158.64,158.42,158.42,400,158.38,200,158.37,300,158.36,400,158.35,200,158.33,500,158.29,100,158.27,500,158.26,600,157.77,400,158.64,600,158.65,400,158.66,800,158.67,100,158.69,100,158.74,100,158.77,400,158.83,500,158.84,500,158.85,4100
2026-02-05 09:33:48,158.545,158.57,1,158.43,300,158.66,100,158.66,158.43,158.43,300,158.42,400,158.38,200,158.37,300,158.36,400,158.35,200,158.33,500,158.29,100,158.27,500,158.26,600,158.66,100,158.68,900,158.69,100,158.74,100,158.77,400,158.83,500,158.84,500,158.85,4100,158.86,500,158.87,200
2026-02-05 09:33:49,158.54,158.57,1,158.43,300,158.65,100,158.65,158.43,158.43,300,158.42,400,158.38,200,158.37,300,158.36,400,158.35,200,158.33,500,158.29,100,158.27,500,158.26,600,158.65,100,158.67,100,158.68,900,158.69,100,158.74,100,158.77,400,158.83,500,158.84,500,158.85,4100,158.86,500
2026-02-05 09:33:50,158.73,158.63,2,158.64,400,158.82,100,158.82,158.64,158.64,400,158.63,200,158.6,100,158.59,700,158.52,100,158.51,100,158.5,300,158.44,100,158.43,300,158.42,400,158.82,100,158.83,500,158.84,500,158.85,4100,158.86,500,158.87,200,158.88,400,,,,,,
2026-02-05 09:33:51,158.725,158.63,2,158.63,200,158.82,100,158.82,158.63,158.63,200,158.6,100,158.59,700,158.52,100,158.51,100,158.5,300,158.44,100,158.43,300,158.42,400,158.38,200,158.82,100,158.83,500,158.84,500,158.85,4100,158.86,500,158.87,200,158.88,400,,,,,,
2026-02-05 09:33:52,158.73,158.63,2,158.63,200,158.83,400,158.83,158.63,158.63,200,158.6,100,158.59,700,158.52,100,158.51,100,158.5,300,158.44,100,158.43,300,158.42,400,158.38,200,158.83,400,158.84,500,158.85,4100,158.86,500,158.87,200,158.88,400,,,,,,,,
2026-02-05 09:33:53,158.725,158.73,6,158.63,300,158.82,100,158.82,158.63,158.63,300,158.6,100,158.59,700,158.52,100,158.51,100,158.5,300,158.44,100,158.43,300,158.42,400,158.38,200,158.82,100,158.83,500,158.84,500,158.85,4100,158.86,500,158.87,200,158.88,400,,,,,,
2026-02-05 09:33:54,158.725,158.73,6,158.63,300,158.82,100,158.82,158.63,158.63,300,158.6,100,158.59,700,158.52,100,158.51,100,158.5,300,158.44,100,158.43,300,158.42,400,158.38,200,158.82,100,158.83,500,158.84,500,158.85,4100,158.86,500,158.87,200,158.88,400,,,,,,
2026-02-05 09:33:55,158.73,158.79,1,158.64,200,158.82,100,158.82,158.64,158.64,200,158.63,700,158.6,100,158.59,700,158.52,100,158.51,100,158.5,300,158.44,100,158.43,300,158.42,400,158.82,100,158.83,900,158.84,500,158.85,4100,158.86,500,158.87,200,158.88,400,,,,,,
2026-02-05 09:33:56,158.73,158.79,1,158.64,200,158.82,100,158.82,158.64,158.64,200,158.63,700,158.6,100,158.59,700,158.52,100,158.51,100,158.5,300,158.44,100,158.43,300,158.42,400,158.82,100,158.83,900,158.84,500,158.85,4100,158.86,500,158.87,200,158.88,400,,,,,,
2026-02-05 09:33:57,158.78,158.82,1,158.73,300,158.83,900,158.83,158.73,158.73,300,158.72,500,158.71,100,158.7,100,158.69,200,158.68,700,158.64,600,158.63,700,158.6,100,158.59,700,158.83,900,158.84,500,158.85,4100,158.86,500,158.87,200,158.88,400,,,,,,,,
2026-02-05 09:33:58,158.785,158.79,2,158.73,400,158.84,500,158.84,158.73,158.73,400,158.72,200,158.7,400,158.69,500,158.68,700,158.64,600,158.63,700,158.6,100,158.59,700,158.52,100,158.84,500,158.85,4100,158.86,500,158.87,200,158.88,400,,,,,,,,,,
2026-02-05 09:33:59,158.785,158.79,2,158.73,400,158.84,500,158.84,158.73,158.73,400,158.72,200,158.7,400,158.69,500,158.68,700,158.64,600,158.63,700,158.6,100,158.59,700,158.52,100,158.84,500,158.85,4100,158.86,500,158.87,200,158.88,400,,,,,,,,,,
2026-02-05 09:34:00,158.785,158.73,1,158.73,400,158.84,500,158.84,158.73,158.73,400,158.72,200,158.7,400,158.69,500,158.68,700,158.64,600,158.63,700,158.6,100,158.59,700,158.52,100,158.84,500,158.85,4100,158.86,500,158.87,200,158.88,400,,,,,,,,,,
2026-02-05 09:34:01,158.72,158.7,1,158.64,500,158.8,500,158.8,158.64,158.64,500,158.63,700,158.6,100,158.59,700,158.52,100,158.51,100,158.5,300,158.44,100,158.43,300,158.42,400,158.8,500,158.82,700,158.84,600,158.85,2800,158.86,500,158.87,200,158.88,400,,,,,,
2026-02-05 09:34:02,158.73,158.7,1,158.65,200,158.81,400,158.81,158.65,158.65,200,158.64,500,158.63,700,158.6,100,158.59,700,158.52,100,158.51,100,158.5,300,158.44,100,158.43,300,158.81,400,158.82,800,158.84,600,158.85,2800,158.86,500,158.87,200,158.88,400,,,,,,
2026-02-05 09:34:03,158.715,158.76,1,158.64,700,158.79,400,158.79,158.64,158.64,700,158.63,700,158.6,100,158.59,700,158.52,100,158.51,100,158.5,300,158.44,100,158.43,300,158.42,400,158.79,400,158.81,400,158.82,800,158.84,600,158.85,2800,158.86,500,158.87,200,158.88,400,,,,
2026-02-05 09:34:04,158.595,158.63,1,158.41,200,158.78,1200,158.78,158.41,158.41,200,158.38,200,158.37,300,158.36,400,158.35,200,158.33,500,158.29,100,158.27,500,158.26,600,157.77,400,158.78,1200,158.79,600,158.81,500,158.82,800,158.84,600,158.85,2800,158.86,500,158.87,200,158.88,400,,
2026-02-05 09:34:05,158.595,158.63,1,158.41,300,158.78,1200,158.78,158.41,158.41,300,158.38,200,158.37,300,158.36,400,158.35,200,158.33,500,158.29,100,158.27,500,158.26,600,157.77,400,158.78,1200,158.79,600,158.81,500,158.82,800,158.84,600,158.85,2800,158.86,500,158.87,200,158.88,400,,
2026-02-05 09:34:06,158.595,158.63,1,158.41,400,158.78,1200,158.78,158.41,158.41,400,158.38,200,158.37,300,158.36,400,158.35,200,158.33,500,158.29,100,158.27,500,158.26,600,157.77,400,158.78,1200,158.79,600,158.81,500,158.82,800,158.84,600,158.85,2800,158.86,500,158.87,200,158.88,400,,
2026-02-05 09:34:07,158.595,158.63,1,158.41,200,158.78,1300,158.78,158.41,158.41,200,158.38,200,158.37,300,158.36,400,158.35,200,158.33,500,158.29,100,158.27,500,158.26,600,157.77,400,158.78,1300,158.79,600,158.81,500,158.82,800,158.84,600,158.85,2800,158.86,500,158.87,200,158.88,400,,
2026-02-05 09:34:08,158.64,158.59,1,158.5,300,158.78,1400,158.78,158.5,158.5,300,158.49,400,158.41,200,158.38,200,158.37,300,158.36,400,158.35,200,158.33,500,158.29,100,158.27,500,158.78,1400,158.79,600,158.81,500,158.82,800,158.84,600,158.85,2800,158.86,500,158.87,200,158.88,400,,
2026-02-05 09:34:09,158.645,158.59,1,158.51,300,158.78,1500,158.78,158.51,158.51,300,158.5,300,158.49,400,158.41,200,158.38,200,158.37,300,158.36,400,158.35,200,158.33,500,158.29,100,158.78,1500,158.79,600,158.81,500,158.82,800,158.84,600,158.85,2800,158.86,500,158.87,200,158.88,400,,
2026-02-05 09:34:10,158.61,158.51,1,158.53,500,158.69,300,158.69,158.53,158.53,500,158.49,100,158.4,400,158.39,300,158.38,200,158.37,300,158.36,400,158.35,200,158.33,500,158.29,100,158.69,300,158.73,100,158.74,100,158.75,100,158.76,900,158.77,300,158.78,1500,158.79,600,158.81,500,158.82,800
2026-02-05 09:34:11,158.615,158.54,1,158.54,100,158.69,500,158.69,158.54,158.54,100,158.53,500,158.49,100,158.4,400,158.39,300,158.38,200,158.37,300,158.36,400,158.35,200,158.33,500,158.69,500,158.73,100,158.74,100,158.75,100,158.76,900,158.77,300,158.78,1500,158.79,600,158.81,500,158.82,800
2026-02-05 09:34:12,158.615,158.62,1,158.54,300,158.69,500,158.69,158.54,158.54,300,158.53,500,158.49,100,158.4,400,158.39,300,158.38,200,158.37,300,158.36,400,158.35,200,158.33,500,158.69,500,158.73,100,158.74,100,158.75,100,158.76,900,158.77,300,158.78,1500,158.79,600,158.81,500,158.82,800
2026-02-05 09:34:13,158.61,158.62,1,158.54,300,158.68,100,158.68,158.54,158.54,300,158.53,500,158.49,100,158.4,400,158.39,300,158.38,200,158.37,300,158.36,400,158.35,200,158.33,500,158.68,100,158.69,800,158.73,100,158.74,100,158.75,100,158.76,900,158.77,300,158.78,1500,158.79,600,158.81,500
2026-02-05 09:34:14,158.52,158.52,6,158.38,200,158.66,400,158.66,158.38,158.38,200,158.37,300,158.36,400,158.35,200,158.33,500,158.29,100,158.27,500,158.26,600,157.77,400,157.66,100,158.66,400,158.67,200,158.68,100,158.69,800,158.73,100,158.74,100,158.75,100,158.76,900,158.77,300,158.78,1500
2026-02-05 09:34:15,158.52,158.52,6,158.38,200,158.66,400,158.66,158.38,158.38,200,158.37,300,158.36,400,158.35,200,158.33,500,158.29,100,158.27,500,158.26,600,157.77,400,157.66,100,158.66,400,158.67,200,158.68,100,158.69,800,158.73,100,158.74,100,158.75,100,158.76,900,158.77,300,158.78,1500
2026-02-05 09:34:16,158.41,158.38,2,158.35,400,158.47,500,158.47,158.35,158.35,400,158.32,300,158.27,100,158.26,1100,157.77,400,157.66,100,157.59,100,157.49,100,,,,,158.47,500,158.48,700,158.5,900,158.52,100,158.53,600,158.54,100,158.61,500,158.66,500,158.67,200,158.68,100
2026-02-05 09:34:17,158.425,158.43,1,158.35,400,158.5,900,158.5,158.35,158.35,400,158.32,300,158.27,100,158.26,1100,157.77,400,157.66,100,157.59,100,157.49,100,,,,,158.5,900,158.52,100,158.53,600,158.54,100,158.61,500,158.66,500,158.67,200,158.68,100,158.69,800,158.73,100
2026-02-05 09:34:18,158.43,158.43,1,158.35,400,158.51,200,158.51,158.35,158.35,400,158.32,300,158.27,100,158.26,1100,157.77,400,157.66,100,157.59,100,157.49,100,,,,,158.51,200,158.52,100,158.53,600,158.54,100,158.61,500,158.66,500,158.67,200,158.68,100,158.69,800,158.73,100
2026-02-05 09:34:19,158.385,158.35,1,158.27,100,158.5,900,158.5,158.27,158.27,100,158.26,1100,157.77,400,157.66,100,157.59,100,157.49,100,,,,,,,,,158.5,900,158.51,500,158.52,100,158.53,600,158.54,100,158.61,500,158.66,500,158.67,200,158.68,100,158.69,800
2026-02-05 09:34:20,158.42,158.35,1,158.34,100,158.5,1300,158.5,158.34,158.34,100,158.27,300,158.26,1100,157.77,400,157.66,100,157.59,100,157.49,100,,,,,,,158.5,1300,158.51,500,158.52,100,158.53,600,158.54,100,158.61,500,158.66,500,158.67,200,158.68,100,158.69,800
2026-02-05 09:34:21,158.42,158.38,2,158.35,100,158.49,500,158.49,158.35,158.35,100,158.34,100,158.27,300,158.26,1100,157.77,400,157.66,100,157.59,100,157.49,100,,,,,158.49,500,158.5,1400,158.51,500,158.52,100,158.53,600,158.54,100,158.61,500,158.66,500,158.67,200,158.68,100
2026-02-05 09:34:22,158.425,158.42,1,158.35,300,158.5,1300,158.5,158.35,158.35,300,158.34,100,158.27,300,158.26,1100,157.77,400,157.66,100,157.59,100,157.49,100,,,,,158.5,1300,158.51,500,158.52,100,158.53,600,158.54,100,158.61,500,158.66,500,158.67,200,158.68,100,158.69,800
2026-02-05 09:34:23,158.425,158.43,2,158.35,300,158.5,1300,158.5,158.35,158.35,300,158.34,100,158.27,300,158.26,1100,157.77,400,157.66,100,157.59,100,157.49,100,,,,,158.5,1300,158.51,500,158.52,100,158.53,600,158.54,100,158.61,500,158.66,500,158.67,200,158.68,100,158.69,800
2026-02-05 09:34:24,158.425,158.43,2,158.35,300,158.5,1300,158.5,158.35,158.35,300,158.34,100,158.27,300,158.26,1100,157.77,400,157.66,100,157.59,100,157.49,100,,,,,158.5,1300,158.51,500,158.52,100,158.53,600,158.54,100,158.61,500,158.66,500,158.67,200,158.68,100,158.69,800
2026-02-05 09:34:25,158.425,158.6,1,158.35,300,158.5,100,158.5,158.35,158.35,300,158.34,100,158.27,300,158.26,1100,157.77,400,157.66,100,157.59,100,157.49,100,,,,,158.5,100,158.51,500,158.52,100,158.53,600,158.54,100,158.61,500,158.66,500,158.67,200,158.68,100,158.69,800
2026-02-05 09:34:26,158.425,158.48,3,158.35,300,158.5,100,158.5,158.35,158.35,300,158.34,100,158.27,300,158.26,1100,157.77,400,157.66,100,157.59,100,157.49,100,,,,,158.5,100,158.51,500,158.52,100,158.53,600,158.54,100,158.61,500,158.66,500,158.67,200,158.68,100,158.69,800
2026-02-05 09:34:27,158.42,158.5,1,158.35,300,158.49,200,158.49,158.35,158.35,300,158.34,100,158.27,300,158.26,1100,157.77,400,157.66,100,157.59,100,157.49,100,,,,,158.49,200,158.5,100,158.51,500,158.52,100,158.53,600,158.54,100,158.61,500,158.66,500,158.67,200,158.68,100
2026-02-05 09:34:28,158.42,158.5,1,158.35,300,158.49,900,158.49,158.35,158.35,300,158.34,100,158.27,300,158.26,1100,157.77,400,157.66,100,157.59,100,157.49,100,,,,,158.49,900,158.5,100,158.51,500,158.52,100,158.53,600,158.54,100,158.61,500,158.66,500,158.67,200,158.68,100
2026-02-05 09:34:29,158.42,158.5,1,158.35,300,158.49,1000,158.49,158.35,158.35,300,158.34,100,158.27,300,158.26,1100,157.77,400,157.66,100,157.59,100,157.49,100,,,,,158.49,1000,158.5,100,158.51,500,158.52,100,158.53,600,158.54,100,158.61,500,158.66,500,158.67,200,158.68,100
2026-02-05 09:34:30,158.42,158.5,1,158.35,300,158.49,1000,158.49,158.35,158.35,300,158.34,100,158.27,300,158.26,1100,157.77,400,157.66,100,157.59,100,157.49,100,,,,,158.49,1000,158.5,100,158.51,500,158.52,100,158.53,600,158.54,100,158.61,500,158.66,500,158.67,200,158.68,100
2026-02-05 09:34:31,158.42,158.38,1,158.35,300,158.49,1000,158.49,158.35,158.35,300,158.34,100,158.27,300,158.26,1100,157.77,400,157.66,100,157.59,100,157.49,100,,,,,158.49,1000,158.5,100,158.51,500,158.52,100,158.53,600,158.54,100,158.61,500,158.66,500,158.67,200,158.68,100
2026-02-05 09:34:32,158.415,158.41,1,158.35,300,158.48,400,158.48,158.35,158.35,300,158.34,100,158.27,300,158.26,1100,157.77,400,157.66,100,157.59,100,157.49,100,,,,,158.48,400,158.49,1000,158.5,100,158.51,500,158.52,100,158.53,600,158.54,100,158.61,500,158.66,500,158.67,200
2026-02-05 09:34:33,158.335,158.35,3,158.27,200,158.4,500,158.4,158.27,158.27,200,158.26,1100,157.77,400,157.66,100,157.59,100,157.49,100,,,,,,,,,158.4,500,158.41,300,158.46,300,158.47,200,158.48,1300,158.49,1000,158.5,100,158.51,500,158.52,100,158.53,600
2026-02-05 09:34:34,158.335,158.3,1,158.26,1400,158.41,800,158.41,158.26,158.26,1400,157.77,400,157.66,100,157.59,100,157.49,100,,,,,,,,,,,158.41,800,158.46,300,158.47,200,158.48,1300,158.49,1000,158.5,100,158.51,500,158.52,100,158.53,600,158.54,100
2026-02-05 09:34:35,158.31,158.31,1,158.26,300,158.36,900,158.36,158.26,158.26,300,158.24,100,157.77,400,157.66,100,157.59,100,157.49,100,,,,,,,,,158.36,900,158.4,300,158.41,800,158.46,300,158.47,200,158.48,1300,158.49,1000,158.5,100,158.51,500,158.52,100
2026-02-05 09:34:36,158.305,158.31,1,158.26,100,158.35,400,158.35,158.26,158.26,100,158.24,100,157.77,400,157.66,100,157.59,100,157.49,100,,,,,,,,,158.35,400,158.36,900,158.4,300,158.41,800,158.46,300,158.47,200,158.48,1300,158.49,1000,158.5,100,158.51,500
2026-02-05 09:34:37,158.305,158.29,1,158.26,100,158.35,400,158.35,158.26,158.26,100,158.24,100,157.77,400,157.66,100,157.59,100,157.49,100,,,,,,,,,158.35,400,158.36,900,158.4,300,158.41,800,158.46,300,158.47,200,158.48,1300,158.49,1000,158.5,100,158.51,500
2026-02-05 09:34:38,158.305,158.29,1,158.26,200,158.35,800,158.35,158.26,158.26,200,158.24,100,157.77,400,157.66,100,157.59,100,157.49,100,,,,,,,,,158.35,800,158.36,900,158.4,300,158.41,800,158.46,300,158.47,200,158.48,1300,158.49,1000,158.5,100,158.51,500
2026-02-05 09:34:39,158.285,158.29,1,158.24,100,158.33,500,158.33,158.24,158.24,100,157.77,400,157.66,100,157.59,100,157.49,100,,,,,,,,,,,158.33,500,158.34,600,158.35,1000,158.36,900,158.4,300,158.41,800,158.46,300,158.47,200,158.48,1300,158.49,1000
2026-02-05 09:34:40,158.285,158.33,2,158.24,100,158.33,700,158.33,158.24,158.24,100,157.77,400,157.66,100,157.59,100,157.49,100,,,,,,,,,,,158.33,700,158.34,600,158.35,1000,158.36,900,158.4,300,158.41,800,158.46,300,158.47,200,158.48,1300,158.49,1000
2026-02-05 09:34:41,158.295,158.24,8,158.24,100,158.35,1300,158.35,158.24,158.24,100,157.77,400,157.66,100,157.59,100,157.49,100,,,,,,,,,,,158.35,1300,158.36,900,158.4,300,158.41,800,158.46,300,158.47,200,158.48,1300,158.49,1000,158.5,100,158.51,500
2026-02-05 09:34:42,158.295,158.58,1,158.24,100,158.35,1300,158.35,158.24,158.24,100,157.77,400,157.66,100,157.59,100,157.49,100,,,,,,,,,,,158.35,1300,158.36,900,158.4,300,158.41,800,158.46,300,158.47,200,158.48,1300,158.49,1000,158.5,100,158.51,500
2026-02-05 09:34:43,158.295,158.58,1,158.24,100,158.35,1300,158.35,158.24,158.24,100,157.77,400,157.66,100,157.59,100,157.49,100,,,,,,,,,,,158.35,1300,158.36,900,158.4,300,158.41,800,158.46,300,158.47,200,158.48,1300,158.49,1000,158.5,100,158.51,500
2026-02-05 09:34:44,158.31,158.31,2,158.25,600,158.37,800,158.37,158.25,158.25,600,158.24,800,157.77,400,157.66,100,157.59,100,157.49,100,,,,,,,,,158.37,800,158.4,300,158.41,800,158.46,300,158.47,200,158.48,1300,158.49,1000,158.5,100,158.51,500,158.52,100
2026-02-05 09:34:45,158.255,158.25,2,158.2,300,158.31,600,158.31,158.2,158.2,300,157.77,400,157.66,100,157.59,100,157.49,100,,,,,,,,,,,158.31,600,158.35,300,158.37,900,158.4,300,158.41,800,158.46,300,158.47,200,158.48,1300,158.49,1000,158.5,100
2026-02-05 09:34:46,158.255,158.25,2,158.2,500,158.31,600,158.31,158.2,158.2,500,157.77,400,157.66,100,157.59,100,157.49,100,,,,,,,,,,,158.31,600,158.35,300,158.37,900,158.4,300,158.41,800,158.46,300,158.47,200,158.48,1300,158.49,1000,158.5,100
2026-02-05 09:34:47,158.255,158.25,2,158.2,500,158.31,600,158.31,158.2,158.2,500,157.77,400,157.66,100,157.59,100,157.49,100,,,,,,,,,,,158.31,600,158.35,300,158.37,900,158.4,300,158.41,800,158.46,300,158.47,200,158.48,1300,158.49,1000,158.5,100
2026-02-05 09:34:48,158.275,158.25,2,158.2,500,158.35,400,158.35,158.2,158.2,500,157.77,400,157.66,100,157.59,100,157.49,100,,,,,,,,,,,158.35,400,158.37,900,158.4,300,158.41,800,158.46,300,158.47,200,158.48,1300,158.49,1000,158.5,100,158.51,500
2026-02-05 09:34:49,158.27,158.27,1,158.2,500,158.34,600,158.34,158.2,158.2,500,157.77,400,157.66,100,157.59,100,157.49,100,,,,,,,,,,,158.34,600,158.35,400,158.37,900,158.4,300,158.41,800,158.46,300,158.47,200,158.48,1300,158.49,1000,158.5,100
2026-02-05 09:34:50,158.275,158.27,1,158.21,200,158.34,600,158.34,158.21,158.21,200,158.2,500,157.77,400,157.66,100,157.59,100,157.49,100,,,,,,,,,158.34,600,158.35,400,158.37,900,158.4,300,158.41,800,158.46,300,158.47,200,158.48,1300,158.49,1000,158.5,100
2026-02-05 09:34:51,158.275,158.28,2,158.21,200,158.34,600,158.34,158.21,158.21,200,158.2,500,157.77,400,157.66,100,157.59,100,157.49,100,,,,,,,,,158.34,600,158.35,400,158.37,900,158.4,300,158.41,800,158.46,300,158.47,200,158.48,1300,158.49,1000,158.5,100
2026-02-05 09:34:52,158.275,158.25,1,158.21,200,158.34,700,158.34,158.21,158.21,200,158.2,500,157.77,400,157.66,100,157.59,100,157.49,100,,,,,,,,,158.34,700,158.35,400,158.37,900,158.4,300,158.41,800,158.46,300,158.47,200,158.48,1300,158.49,1000,158.5,100
2026-02-05 09:34:53,158.275,158.25,1,158.21,200,158.34,700,158.34,158.21,158.21,200,158.2,500,157.77,400,157.66,100,157.59,100,157.49,100,,,,,,,,,158.34,700,158.35,400,158.37,900,158.4,300,158.41,800,158.46,300,158.47,200,158.48,1300,158.49,1000,158.5,100
2026-02-05 09:34:54,158.28,158.27,1,158.22,300,158.34,800,158.34,158.22,158.22,300,158.21,200,158.2,500,157.77,400,157.66,100,157.59,100,157.49,100,,,,,,,158.34,800,158.35,400,158.37,900,158.4,300,158.41,800,158.46,300,158.47,200,158.48,1300,158.49,1000,158.5,100
2026-02-05 09:34:55,158.275,158.27,1,158.22,300,158.33,100,158.33,158.22,158.22,300,158.21,200,158.2,500,157.77,400,157.66,100,157.59,100,157.49,100,,,,,,,158.33,100,158.34,800,158.35,400,158.37,900,158.4,300,158.41,800,158.46,300,158.47,200,158.48,1300,158.49,1000
2026-02-05 09:34:56,158.27,158.29,2,158.22,300,158.32,400,158.32,158.22,158.22,300,158.21,200,158.2,500,157.77,400,157.66,100,157.59,100,157.49,100,,,,,,,158.32,400,158.33,900,158.34,800,158.35,400,158.37,900,158.4,300,158.41,800,158.46,300,158.47,200,158.48,1300
2026-02-05 09:34:57,158.27,158.29,2,158.22,300,158.32,800,158.32,158.22,158.22,300,158.21,200,158.2,500,157.77,400,157.66,100,157.59,100,157.49,100,,,,,,,158.32,800,158.33,900,158.34,800,158.35,400,158.37,900,158.4,300,158.41,800,158.46,300,158.47,200,158.48,1300
2026-02-05 09:34:58,158.28,158.28,1,158.23,700,158.33,1000,158.33,158.23,158.23,700,158.22,100,158.2,700,157.77,400,157.66,100,157.59,100,157.49,100,,,,,,,158.33,1000,158.34,800,158.35,400,158.37,900,158.4,300,158.41,800,158.46,300,158.47,200,158.48,1300,158.49,1000
2026-02-05 09:34:59,158.28,158.28,1,158.23,700,158.33,1000,158.33,158.23,158.23,700,158.22,100,158.2,700,157.77,400,157.66,100,157.59,100,157.49,100,,,,,,,158.33,1000,158.34,800,158.35,400,158.37,900,158.4,300,158.41,800,158.46,300,158.47,200,158.48,1300,158.49,1000
2026-02-05 09:35:00,158.29,158.28,1,158.25,100,158.33,1000,158.33,158.25,158.25,100,158.23,700,158.22,100,158.2,700,157.77,400,157.66,100,157.59,100,157.49,100,,,,,158.33,1000,158.34,800,158.35,400,158.37,900,158.4,300,158.41,800,158.46,300,158.47,200,158.48,1300,158.49,1000
2026-02-05 09:35:01,158.28,158.29,1,158.25,800,158.31,600,158.31,158.25,158.25,800,158.24,600,158.23,800,158.22,100,158.2,700,157.77,400,157.66,100,157.59,100,157.49,100,,,158.31,600,158.32,100,158.33,1100,158.34,800,158.35,400,158.37,900,158.4,300,158.41,800,158.46,300,158.47,200
2026-02-05 09:35:02,158.29,158.29,1,158.25,800,158.33,1300,158.33,158.25,158.25,800,158.24,600,158.23,800,158.22,100,158.2,700,157.77,400,157.66,100,157.59,100,157.49,100,,,158.33,1300,158.34,800,158.35,400,158.37,900,158.4,300,158.41,800,158.46,300,158.47,200,158.48,1300,158.49,1000
2026-02-05 09:35:03,158.37,158.34,4,158.28,300,158.46,600,158.46,158.28,158.28,300,158.25,100,158.24,1000,158.23,800,158.22,100,158.2,700,157.77,400,157.66,100,157.59,100,157.49,100,158.46,600,158.47,200,158.48,1300,158.49,1000,158.5,100,158.51,500,158.52,100,158.53,600,158.54,100,158.61,500
2026-02-05 09:35:04,158.265,158.33,1,158.21,400,158.32,400,158.32,158.21,158.21,400,158.2,700,157.77,400,157.66,100,157.59,100,157.49,100,,,,,,,,,158.32,400,158.43,100,158.44,500,158.46,600,158.47,200,158.48,1300,158.49,1000,158.5,100,158.51,500,158.52,100
2026-02-05 09:35:05,158.255,158.33,1,158.2,700,158.31,100,158.31,158.2,158.2,700,157.77,400,157.66,100,157.59,100,157.49,100,,,,,,,,,,,158.31,100,158.32,400,158.43,100,158.44,500,158.46,600,158.47,200,158.48,1300,158.49,1000,158.5,100,158.51,500
2026-02-05 09:35:06,158.23,158.33,1,158.2,700,158.26,400,158.26,158.2,158.2,700,157.77,400,157.66,100,157.59,100,157.49,100,,,,,,,,,,,158.26,400,158.31,100,158.32,400,158.43,100,158.44,500,158.46,600,158.47,200,158.48,1300,158.49,1000,158.5,100
2026-02-05 09:35:07,158.23,158.23,4,158.2,700,158.26,400,158.26,158.2,158.2,700,157.77,400,157.66,100,157.59,100,157.49,100,,,,,,,,,,,158.26,400,158.31,100,158.32,400,158.43,100,158.44,500,158.46,600,158.47,200,158.48,1300,158.49,1000,158.5,100
2026-02-05 09:35:08,158.23,158.23,4,158.2,700,158.26,400,158.26,158.2,158.2,700,157.77,400,157.66,100,157.59,100,157.49,100,,,,,,,,,,,158.26,400,158.31,100,158.32,400,158.43,100,158.44,500,158.46,600,158.47,200,158.48,1300,158.49,1000,158.5,100
2026-02-05 09:35:09,158.23,158.23,1,158.2,700,158.26,400,158.26,158.2,158.2,700,157.77,400,157.66,100,157.59,100,157.49,100,,,,,,,,,,,158.26,400,158.31,100,158.32,400,158.43,100,158.44,500,158.46,600,158.47,200,158.48,1300,158.49,1000,158.5,100
2026-02-05 09:35:10,158.23,158.23,1,158.2,700,158.26,400,158.26,158.2,158.2,700,157.77,400,157.66,100,157.59,100,157.49,100,,,,,,,,,,,158.26,400,158.31,100,158.32,400,158.43,100,158.44,500,158.46,600,158.47,200,158.48,1300,158.49,1000,158.5,100
2026-02-05 09:35:11,158.225,158.2,1,158.19,300,158.26,1000,158.26,158.19,158.19,300,157.77,400,157.66,100,157.59,100,157.49,100,,,,,,,,,,,158.26,1000,158.31,100,158.32,400,158.43,100,158.44,500,158.46,600,158.47,200,158.48,1300,158.49,1000,158.5,100
2026-02-05 09:35:12,158.225,158.2,1,158.19,300,158.26,1000,158.26,158.19,158.19,300,157.77,400,157.66,100,157.59,100,157.49,100,,,,,,,,,,,158.26,1000,158.31,100,158.32,400,158.43,100,158.44,500,158.46,600,158.47,200,158.48,1300,158.49,1000,158.5,100
2026-02-05 09:35:13,158.225,158.2,1,158.19,300,158.26,1000,158.26,158.19,158.19,300,157.77,400,157.66,100,157.59,100,157.49,100,,,,,,,,,,,158.26,1000,158.31,100,158.32,400,158.43,100,158.44,500,158.46,600,158.47,200,158.48,1300,158.49,1000,158.5,100
2026-02-05 09:35:14,158.255,158.26,1,158.2,200,158.31,200,158.31,158.2,158.2,200,158.19,300,157.77,400,157.66,100,157.59,100,157.49,100,,,,,,,,,158.31,200,158.32,400,158.43,100,158.44,500,158.46,600,158.47,200,158.48,1300,158.49,1000,158.5,100,158.51,500
2026-02-05 09:35:15,158.255,158.26,1,158.2,200,158.31,200,158.31,158.2,158.2,200,158.19,300,157.77,400,157.66,100,157.59,100,157.49,100,,,,,,,,,158.31,200,158.32,400,158.43,100,158.44,500,158.46,600,158.47,200,158.48,1300,158.49,1000,158.5,100,158.51,500
2026-02-05 09:35:16,158.255,158.27,4,158.2,200,158.31,200,158.31,158.2,158.2,200,158.19,300,157.77,400,157.66,100,157.59,100,157.49,100,,,,,,,,,158.31,200,158.32,400,158.43,100,158.44,500,158.46,600,158.47,200,158.48,1300,158.49,1000,158.5,100,158.51,500
2026-02-05 09:35:17,158.255,158.26,1,158.2,100,158.31,1400,158.31,158.2,158.2,100,158.19,400,157.77,400,157.66,100,157.59,100,157.49,100,,,,,,,,,158.31,1400,158.32,400,158.43,100,158.44,500,158.46,600,158.47,200,158.48,1300,158.49,1000,158.5,100,158.51,500
2026-02-05 09:35:18,158.25,158.26,1,158.19,1200,158.31,1600,158.31,158.19,158.19,1200,157.77,400,157.66,100,157.59,100,157.49,100,,,,,,,,,,,158.31,1600,158.32,400,158.43,100,158.44,500,158.46,600,158.47,200,158.48,1300,158.49,1000,158.5,100,158.51,500
2026-02-05 09:35:19,158.25,158.26,1,158.19,1200,158.31,1600,158.31,158.19,158.19,1200,157.77,400,157.66,100,157.59,100,157.49,100,,,,,,,,,,,158.31,1600,158.32,400,158.43,100,158.44,500,158.46,600,158.47,200,158.48,1300,158.49,1000,158.5,100,158.51,500
2026-02-05 09:35:20,158.25,158.26,1,158.19,1200,158.31,1600,158.31,158.19,158.19,1200,157.77,400,157.66,100,157.59,100,157.49,100,,,,,,,,,,,158.31,1600,158.32,400,158.43,100,158.44,500,158.46,600,158.47,200,158.48,1300,158.49,1000,158.5,100,158.51,500
2026-02-05 09:35:21,158.25,158.19,1,158.19,1000,158.31,1600,158.31,158.19,158.19,1000,157.77,400,157.66,100,157.59,100,157.49,100,,,,,,,,,,,158.31,1600,158.32,400,158.43,100,158.44,500,158.46,600,158.47,200,158.48,1300,158.49,1000,158.5,100,158.51,500
2026-02-05 09:35:22,158.335,158.31,1,158.26,100,158.41,900,158.41,158.26,158.26,100,158.25,100,158.24,900,158.19,1200,157.77,400,157.66,100,157.59,100,157.49,100,,,,,158.41,900,158.42,1400,158.43,200,158.44,1000,158.46,600,158.47,200,158.48,1300,158.49,1000,158.5,100,158.51,500
2026-02-05 09:35:23,158.39,158.4,1,158.26,500,158.52,600,158.52,158.26,158.26,500,158.25,100,158.24,900,158.19,1200,157.77,400,157.66,100,157.59,100,157.49,100,,,,,158.52,600,158.53,600,158.54,100,158.61,500,158.66,500,158.67,200,158.68,100,158.69,800,158.73,100,158.74,100
2026-02-05 09:35:24,158.38,158.4,1,158.26,600,158.5,600,158.5,158.26,158.26,600,158.25,100,158.24,900,158.19,1200,157.77,400,157.66,100,157.59,100,157.49,100,,,,,158.5,600,158.51,700,158.52,600,158.53,600,158.54,100,158.61,500,158.66,500,158.67,200,158.68,100,158.69,800
2026-02-05 09:35:25,158.415,158.41,1,158.32,300,158.51,800,158.51,158.32,158.32,300,158.31,600,158.3,700,158.29,200,158.28,200,158.27,300,158.26,700,158.25,100,158.24,900,158.19,1200,158.51,800,158.52,600,158.53,600,158.54,100,158.61,500,158.66,500,158.67,200,158.68,100,158.69,800,158.73,100
2026-02-05 09:35:26,158.41,158.41,1,158.31,700,158.51,700,158.51,158.31,158.31,700,158.3,700,158.29,200,158.28,200,158.27,300,158.26,700,158.25,100,158.24,900,158.19,1200,157.77,400,158.51,700,158.52,600,158.53,600,158.54,100,158.61,500,158.66,500,158.67,200,158.68,100,158.69,800,158.73,100
2026-02-05 09:35:27,158.475,158.51,1,158.36,600,158.59,1200,158.59,158.36,158.36,600,158.32,100,158.31,800,158.3,700,158.29,200,158.28,200,158.27,300,158.26,700,158.25,100,158.24,900,158.59,1200,158.61,500,158.66,500,158.67,200,158.68,100,158.69,800,158.73,100,158.74,100,158.75,100,158.76,900
2026-02-05 09:35:28,158.505,158.57,1,158.43,700,158.58,900,158.58,158.43,158.43,700,158.37,300,158.36,900,158.32,100,158.31,800,158.3,700,158.29,200,158.28,200,158.27,300,158.26,700,158.58,900,158.59,1300,158.61,500,158.66,500,158.67,200,158.68,100,158.69,800,158.73,100,158.74,100,158.75,100
2026-02-05 09:35:29,158.555,158.65,1,158.46,100,158.65,500,158.65,158.46,158.46,100,158.43,500,158.37,300,158.36,900,158.32,100,158.31,800,158.3,700,158.29,200,158.28,200,158.27,300,158.65,500,158.69,700,158.73,100,158.74,100,158.75,100,158.76,900,158.77,300,158.78,1500,158.79,600,158.81,500
2026-02-05 09:35:30,158.55,158.65,1,158.46,500,158.64,100,158.64,158.46,158.46,500,158.43,500,158.37,300,158.36,900,158.32,100,158.31,800,158.3,700,158.29,200,158.28,200,158.27,300,158.64,100,158.65,500,158.69,700,158.73,100,158.74,100,158.75,100,158.76,900,158.77,300,158.78,1500,158.79,600
2026-02-05 09:35:31,158.575,158.65,1,158.51,100,158.64,200,158.64,158.51,158.51,100,158.46,500,158.43,500,158.37,300,158.36,900,158.32,100,158.31,800,158.3,700,158.29,200,158.28,200,158.64,200,158.65,500,158.69,700,158.73,100,158.74,100,158.75,100,158.76,900,158.77,300,158.78,1500,158.79,600
2026-02-05 09:35:32,158.57,158.57,2,158.51,100,158.63,300,158.63,158.51,158.51,100,158.46,500,158.43,500,158.37,300,158.36,900,158.32,100,158.31,800,158.3,700,158.29,200,158.28,200,158.63,300,158.64,200,158.65,500,158.69,700,158.73,100,158.74,100,158.75,100,158.76,900,158.77,300,158.78,1500
2026-02-05 09:35:33,158.58,158.57,2,158.52,400,158.64,200,158.64,158.52,158.52,400,158.51,100,158.46,500,158.43,500,158.37,300,158.36,900,158.32,100,158.31,800,158.3,700,158.29,200,158.64,200,158.65,500,158.69,700,158.73,100,158.74,100,158.75,100,158.76,900,158.77,300,158.78,1500,158.79,600
2026-02-05 09:35:34,158.58,158.63,1,158.52,400,158.64,200,158.64,158.52,158.52,400,158.51,100,158.46,500,158.43,500,158.37,300,158.36,900,158.32,100,158.31,800,158.3,700,158.29,200,158.64,200,158.65,500,158.69,700,158.73,100,158.74,100,158.75,100,158.76,900,158.77,300,158.78,1500,158.79,600
2026-02-05 09:35:35,158.605,158.63,1,158.52,400,158.69,700,158.69,158.52,158.52,400,158.51,100,158.46,500,158.43,500,158.37,300,158.36,900,158.32,100,158.31,800,158.3,700,158.29,200,158.69,700,158.73,100,158.74,100,158.75,100,158.76,900,158.77,300,158.78,1500,158.79,600,158.81,500,158.82,800
2026-02-05 09:35:36,158.585,158.63,1,158.52,400,158.65,100,158.65,158.52,158.52,400,158.51,100,158.46,500,158.43,500,158.37,300,158.36,900,158.32,100,158.31,800,158.3,700,158.29,200,158.65,100,158.68,100,158.69,700,158.73,100,158.74,100,158.75,100,158.76,900,158.77,300,158.78,1500,158.79,600
2026-02-05 09:35:37,158.605,158.63,1,158.52,500,158.69,700,158.69,158.52,158.52,500,158.51,100,158.46,500,158.43,500,158.37,300,158.36,900,158.32,100,158.31,800,158.3,700,158.29,200,158.69,700,158.73,100,158.74,100,158.75,100,158.76,900,158.77,300,158.78,1500,158.79,600,158.81,500,158.82,800
2026-02-05 09:35:38,158.645,158.64,2,158.62,100,158.67,400,158.67,158.62,158.62,100,158.6,200,158.59,300,158.58,100,158.54,100,158.53,100,158.52,100,158.51,300,158.46,500,158.43,500,158.67,400,158.76,600,158.77,600,158.78,1500,158.79,600,158.81,500,158.82,800,158.84,600,158.85,2800,158.86,500
2026-02-05 09:35:39,158.67,158.73,1,158.57,200,158.77,400,158.77,158.57,158.57,200,158.54,100,158.53,100,158.52,100,158.51,300,158.46,500,158.43,500,158.37,300,158.36,900,158.32,100,158.77,400,158.78,1100,158.79,1000,158.8,100,158.83,200,158.84,600,158.85,2800,158.86,500,158.87,200,158.88,400
2026-02-05 09:35:40,158.66,158.73,1,158.55,100,158.77,500,158.77,158.55,158.55,100,158.54,100,158.53,100,158.52,100,158.51,300,158.46,500,158.43,500,158.37,300,158.36,900,158.32,100,158.77,500,158.78,1100,158.79,1000,158.8,100,158.83,200,158.84,600,158.85,2800,158.86,500,158.87,200,158.88,400
2026-02-05 09:35:41,158.665,158.66,1,158.56,300,158.77,600,158.77,158.56,158.56,300,158.55,300,158.54,100,158.53,100,158.52,100,158.51,300,158.46,500,158.43,500,158.37,300,158.36,900,158.77,600,158.78,1100,158.79,1000,158.8,100,158.83,200,158.84,600,158.85,2800,158.86,500,158.87,200,158.88,400
2026-02-05 09:35:42,158.675,158.66,1,158.58,200,158.77,700,158.77,158.58,158.58,200,158.57,300,158.56,200,158.55,300,158.54,100,158.53,100,158.52,100,158.51,300,158.46,500,158.43,500,158.77,700,158.78,1100,158.79,1000,158.8,100,158.83,200,158.84,600,158.85,2800,158.86,500,158.87,200,158.88,400
2026-02-05 09:35:43,158.675,158.68,1,158.58,200,158.77,700,158.77,158.58,158.58,200,158.57,300,158.56,200,158.55,300,158.54,100,158.53,100,158.52,100,158.51,300,158.46,500,158.43,500,158.77,700,158.78,1100,158.79,1000,158.8,100,158.83,200,158.84,600,158.85,2800,158.86,500,158.87,200,158.88,400
2026-02-05 09:35:44,158.675,158.68,1,158.58,300,158.77,700,158.77,158.58,158.58,300,158.57,300,158.56,200,158.55,300,158.54,100,158.53,100,158.52,100,158.51,300,158.46,500,158.43,500,158.77,700,158.78,1100,158.79,1000,158.8,100,158.83,200,158.84,600,158.85,2800,158.86,500,158.87,200,158.88,400
2026-02-05 09:35:45,158.675,158.68,1,158.58,300,158.77,700,158.77,158.58,158.58,300,158.57,300,158.56,200,158.55,300,158.54,100,158.53,100,158.52,100,158.51,300,158.46,500,158.43,500,158.77,700,158.78,1100,158.79,1000,158.8,100,158.83,200,158.84,600,158.85,2800,158.86,500,158.87,200,158.88,400
2026-02-05 09:35:46,158.675,158.68,1,158.58,300,158.77,1200,158.77,158.58,158.58,300,158.57,300,158.56,200,158.55,300,158.54,100,158.53,100,158.52,100,158.51,300,158.46,500,158.43,500,158.77,1200,158.78,1100,158.79,1000,158.8,100,158.83,200,158.84,600,158.85,2800,158.86,500,158.87,200,158.88,400
2026-02-05 09:35:47,158.675,158.68,1,158.58,700,158.77,1200,158.77,158.58,158.58,700,158.57,300,158.56,200,158.55,300,158.54,100,158.53,100,158.52,100,158.51,300,158.46,500,158.43,500,158.77,1200,158.78,1100,158.79,1000,158.8,100,158.83,200,158.84,600,158.85,2800,158.86,500,158.87,200,158.88,400
2026-02-05 09:35:48,158.675,158.67,3,158.59,100,158.76,1000,158.76,158.59,158.59,100,158.58,900,158.57,300,158.56,200,158.55,300,158.54,100,158.53,100,158.52,100,158.51,300,158.46,500,158.76,1000,158.77,1200,158.78,1100,158.79,1000,158.8,100,158.83,200,158.84,600,158.85,2800,158.86,500,158.87,200
2026-02-05 09:35:49,158.66,158.63,2,158.58,100,158.74,200,158.74,158.58,158.58,100,158.57,100,158.56,200,158.55,300,158.54,100,158.53,100,158.52,100,158.51,300,158.46,500,158.43,500,158.74,200,158.75,300,158.76,1000,158.77,1200,158.78,1100,158.79,1000,158.8,100,158.83,200,158.84,600,158.85,2800
2026-02-05 09:35:50,158.66,158.63,2,158.58,100,158.74,500,158.74,158.58,158.58,100,158.57,100,158.56,200,158.55,300,158.54,100,158.53,100,158.52,100,158.51,300,158.46,500,158.43,500,158.74,500,158.75,300,158.76,1000,158.77,1200,158.78,1100,158.79,1000,158.8,100,158.83,200,158.84,600,158.85,2800
2026-02-05 09:35:51,158.66,158.63,2,158.58,200,158.74,500,158.74,158.58,158.58,200,158.57,100,158.56,200,158.55,300,158.54,100,158.53,100,158.52,100,158.51,300,158.46,500,158.43,500,158.74,500,158.75,300,158.76,1000,158.77,1200,158.78,1100,158.79,1000,158.8,100,158.83,200,158.84,600,158.85,2800
2026-02-05 09:35:52,158.66,158.71,20,158.58,200,158.74,500,158.74,158.58,158.58,200,158.57,100,158.56,200,158.55,300,158.54,100,158.53,100,158.52,100,158.51,300,158.46,500,158.43,500,158.74,500,158.75,300,158.76,1000,158.77,1200,158.78,1100,158.79,1000,158.8,100,158.83,200,158.84,600,158.85,2800
2026-02-05 09:35:53,158.65,158.71,20,158.58,200,158.72,800,158.72,158.58,158.58,200,158.57,100,158.56,200,158.55,300,158.54,100,158.53,100,158.52,100,158.51,300,158.46,500,158.43,500,158.72,800,158.73,200,158.74,500,158.75,300,158.76,1000,158.77,1200,158.78,1100,158.79,1000,158.8,100,158.83,200
2026-02-05 09:35:54,158.665,158.71,20,158.6,300,158.73,200,158.73,158.6,158.6,300,158.59,600,158.58,500,158.57,100,158.56,200,158.55,300,158.54,100,158.53,100,158.52,100,158.51,300,158.73,200,158.74,500,158.75,300,158.76,1000,158.77,1200,158.78,1100,158.79,1000,158.8,100,158.83,200,158.84,600
2026-02-05 09:35:56,158.655,158.71,20,158.58,400,158.73,200,158.73,158.58,158.58,400,158.57,100,158.56,200,158.55,300,158.54,100,158.53,100,158.52,100,158.51,300,158.46,500,158.43,500,158.73,200,158.74,500,158.75,300,158.76,1000,158.77,1200,158.78,1100,158.79,1000,158.8,100,158.83,200,158.84,600
2026-02-05 09:35:57,158.66,158.67,1,158.59,700,158.73,200,158.73,158.59,158.59,700,158.58,400,158.57,100,158.56,200,158.55,300,158.54,100,158.53,100,158.52,100,158.51,300,158.46,500,158.73,200,158.74,500,158.75,300,158.76,1000,158.77,1200,158.78,1100,158.79,1000,158.8,100,158.83,200,158.84,600
2026-02-05 09:35:57,158.66,158.67,1,158.59,700,158.73,200,158.73,158.59,158.59,700,158.58,400,158.57,100,158.56,200,158.55,300,158.54,100,158.53,100,158.52,100,158.51,300,158.46,500,158.73,200,158.74,500,158.75,300,158.76,1000,158.77,1200,158.78,1100,158.79,1000,158.8,100,158.83,200,158.84,600
2026-02-05 09:35:58,158.67,158.67,1,158.61,500,158.73,300,158.73,158.61,158.61,500,158.6,200,158.59,900,158.58,400,158.57,100,158.56,200,158.55,300,158.54,100,158.53,100,158.52,100,158.73,300,158.74,500,158.75,300,158.76,1000,158.77,1200,158.78,1100,158.79,1000,158.8,100,158.83,200,158.84,600
2026-02-05 09:35:59,158.67,158.67,1,158.61,200,158.73,300,158.73,158.61,158.61,200,158.6,200,158.59,900,158.58,400,158.57,100,158.56,200,158.55,300,158.54,100,158.53,100,158.52,100,158.73,300,158.74,500,158.75,300,158.76,1000,158.77,1200,158.78,1100,158.79,1000,158.8,100,158.83,200,158.84,600
2026-02-05 09:36:01,158.665,158.67,1,158.61,200,158.72,100,158.72,158.61,158.61,200,158.6,200,158.59,900,158.58,400,158.57,100,158.56,200,158.55,300,158.54,100,158.53,100,158.52,100,158.72,100,158.73,1000,158.74,500,158.75,300,158.76,1000,158.77,1200,158.78,1100,158.79,1000,158.8,100,158.83,200
2026-02-05 09:36:02,158.67,158.67,1,158.61,200,158.73,800,158.73,158.61,158.61,200,158.6,200,158.59,900,158.58,400,158.57,100,158.56,200,158.55,300,158.54,100,158.53,100,158.52,100,158.73,800,158.74,500,158.75,300,158.76,1000,158.77,1200,158.78,1100,158.79,1000,158.8,100,158.83,200,158.84,600
2026-02-05 09:36:03,158.67,158.63,1,158.63,100,158.71,100,158.71,158.63,158.63,100,158.59,1600,158.58,400,158.57,100,158.56,200,158.55,300,158.54,100,158.53,100,158.52,100,158.51,300,158.71,100,158.72,300,158.73,100,158.78,1300,158.79,1000,158.8,100,158.83,200,158.84,600,158.85,2800,158.86,500
2026-02-05 09:36:04,158.69,158.67,1,158.67,200,158.71,300,158.71,158.67,158.67,200,158.64,100,158.63,300,158.59,1500,158.58,400,158.57,100,158.56,200,158.55,300,158.54,100,158.53,100,158.71,300,158.75,300,158.76,100,158.78,1300,158.79,1000,158.8,100,158.83,200,158.84,600,158.85,2800,158.86,500
2026-02-05 09:36:05,158.67,158.68,1,158.6,1000,158.74,100,158.74,158.6,158.6,1000,158.59,1500,158.58,400,158.57,100,158.56,200,158.55,300,158.54,100,158.53,100,158.52,100,158.51,300,158.74,100,158.75,1000,158.76,100,158.77,600,158.78,1400,158.79,1000,158.8,100,158.83,200,158.84,600,158.85,2800
2026-02-05 09:36:06,158.67,158.68,1,158.6,900,158.74,100,158.74,158.6,158.6,900,158.59,1500,158.58,400,158.57,100,158.56,200,158.55,300,158.54,100,158.53,100,158.52,100,158.51,300,158.74,100,158.75,1000,158.76,100,158.77,600,158.78,1400,158.79,1000,158.8,100,158.83,200,158.84,600,158.85,2800
2026-02-05 09:36:06,158.665,158.68,1,158.59,1400,158.74,700,158.74,158.59,158.59,1400,158.58,400,158.57,100,158.56,200,158.55,300,158.54,100,158.53,100,158.52,100,158.51,300,158.46,500,158.74,700,158.75,1000,158.76,100,158.77,600,158.78,1400,158.79,1000,158.8,100,158.83,200,158.84,600,158.85,2800
2026-02-05 09:36:07,158.67,158.58,1,158.6,600,158.74,900,158.74,158.6,158.6,600,158.59,1400,158.58,400,158.57,100,158.56,200,158.55,300,158.54,100,158.53,100,158.52,100,158.51,300,158.74,900,158.75,1000,158.76,100,158.77,600,158.78,1400,158.79,1000,158.8,100,158.83,200,158.84,600,158.85,2800
2026-02-05 09:36:09,158.66,158.58,1,158.59,1400,158.73,100,158.73,158.59,158.59,1400,158.58,400,158.57,100,158.56,200,158.55,300,158.54,100,158.53,100,158.52,100,158.51,300,158.46,500,158.73,100,158.74,900,158.75,1000,158.76,100,158.77,600,158.78,1400,158.79,1000,158.8,100,158.83,200,158.84,600
2026-02-05 09:36:09,158.665,158.66,1,158.59,1400,158.74,1100,158.74,158.59,158.59,1400,158.58,400,158.57,100,158.56,200,158.55,300,158.54,100,158.53,100,158.52,100,158.51,300,158.46,500,158.74,1100,158.75,1000,158.76,100,158.77,600,158.78,1400,158.79,1000,158.8,100,158.83,200,158.84,600,158.85,2800
2026-02-05 09:36:11,158.66,158.66,1,158.59,1300,158.73,300,158.73,158.59,158.59,1300,158.58,400,158.57,100,158.56,200,158.55,300,158.54,100,158.53,100,158.52,100,158.51,300,158.46,500,158.73,300,158.74,1100,158.75,1000,158.76,100,158.77,600,158.78,1400,158.79,1000,158.8,100,158.83,200,158.84,600
2026-02-05 09:36:12,158.695,158.73,1,158.63,700,158.76,300,158.76,158.63,158.63,700,158.62,200,158.6,700,158.59,1600,158.58,400,158.57,100,158.56,200,158.55,300,158.54,100,158.53,100,158.76,300,158.77,1200,158.78,1400,158.79,1000,158.8,100,158.83,200,158.84,600,158.85,2800,158.86,500,158.87,200
2026-02-05 09:36:13,158.69,158.73,1,158.62,1000,158.76,300,158.76,158.62,158.62,1000,158.58,300,158.57,100,158.56,200,158.55,300,158.54,100,158.53,100,158.52,100,158.51,300,158.46,500,158.76,300,158.77,1200,158.78,1400,158.79,1000,158.8,100,158.83,200,158.84,600,158.85,2800,158.86,500,158.87,200
2026-02-05 09:36:13,158.695,158.73,1,158.63,500,158.76,300,158.76,158.63,158.63,500,158.62,1200,158.58,300,158.57,100,158.56,200,158.55,300,158.54,100,158.53,100,158.52,100,158.51,300,158.76,300,158.77,1200,158.78,1400,158.79,1000,158.8,100,158.83,200,158.84,600,158.85,2800,158.86,500,158.87,200
2026-02-05 09:36:15,158.695,158.63,1,158.63,500,158.76,300,158.76,158.63,158.63,500,158.62,1200,158.58,300,158.57,100,158.56,200,158.55,300,158.54,100,158.53,100,158.52,100,158.51,300,158.76,300,158.77,1200,158.78,1400,158.79,1000,158.8,100,158.83,200,158.84,600,158.85,2800,158.86,500,158.87,200
2026-02-05 09:36:16,158.695,158.63,1,158.63,500,158.76,300,158.76,158.63,158.63,500,158.62,1200,158.58,300,158.57,100,158.56,200,158.55,300,158.54,100,158.53,100,158.52,100,158.51,300,158.76,300,158.77,1200,158.78,1400,158.79,1000,158.8,100,158.83,200,158.84,600,158.85,2800,158.86,500,158.87,200
2026-02-05 09:36:17,158.695,158.63,1,158.63,500,158.76,300,158.76,158.63,158.63,500,158.62,1200,158.58,300,158.57,100,158.56,200,158.55,300,158.54,100,158.53,100,158.52,100,158.51,300,158.76,300,158.77,1200,158.78,1400,158.79,1000,158.8,100,158.83,200,158.84,600,158.85,2800,158.86,500,158.87,200
2026-02-05 09:36:18,158.695,158.63,1,158.63,500,158.76,300,158.76,158.63,158.63,500,158.62,1200,158.58,300,158.57,100,158.56,200,158.55,300,158.54,100,158.53,100,158.52,100,158.51,300,158.76,300,158.77,1200,158.78,1400,158.79,1000,158.8,100,158.83,200,158.84,600,158.85,2800,158.86,500,158.87,200
2026-02-05 09:36:19,158.695,158.63,1,158.63,500,158.76,300,158.76,158.63,158.63,500,158.62,1200,158.58,300,158.57,100,158.56,200,158.55,300,158.54,100,158.53,100,158.52,100,158.51,300,158.76,300,158.77,1200,158.78,1400,158.79,1000,158.8,100,158.83,200,158.84,600,158.85,2800,158.86,500,158.87,200
2026-02-05 09:36:20,158.695,158.63,1,158.63,400,158.76,300,158.76,158.63,158.63,400,158.62,1200,158.58,300,158.57,100,158.56,200,158.55,300,158.54,100,158.53,100,158.52,100,158.51,300,158.76,300,158.77,1200,158.78,1400,158.79,1000,158.8,100,158.83,200,158.84,600,158.85,2800,158.86,500,158.87,200
2026-02-05 09:36:21,158.69,158.69,1,158.63,400,158.75,300,158.75,158.63,158.63,400,158.62,1200,158.58,300,158.57,100,158.56,200,158.55,300,158.54,100,158.53,100,158.52,100,158.51,300,158.75,300,158.76,300,158.77,1200,158.78,1400,158.79,1000,158.8,100,158.83,200,158.84,600,158.85,2800,158.86,500
2026-02-05 09:36:22,158.67,158.65,1,158.63,400,158.71,400,158.71,158.63,158.63,400,158.62,1200,158.58,300,158.57,100,158.56,200,158.55,300,158.54,100,158.53,100,158.52,100,158.51,300,158.71,400,158.75,300,158.76,300,158.77,1200,158.78,1400,158.79,1000,158.8,100,158.83,200,158.84,600,158.85,2800
2026-02-05 09:36:23,158.685,158.67,1,158.63,400,158.74,200,158.74,158.63,158.63,400,158.62,1200,158.58,300,158.57,100,158.56,200,158.55,300,158.54,100,158.53,100,158.52,100,158.51,300,158.74,200,158.75,300,158.76,300,158.77,1200,158.78,1400,158.79,1000,158.8,100,158.83,200,158.84,600,158.85,2800
2026-02-05 09:36:24,158.685,158.67,1,158.63,400,158.74,200,158.74,158.63,158.63,400,158.62,1200,158.58,300,158.57,100,158.56,200,158.55,300,158.54,100,158.53,100,158.52,100,158.51,300,158.74,200,158.75,300,158.76,300,158.77,1200,158.78,1400,158.79,1000,158.8,100,158.83,200,158.84,600,158.85,2800
2026-02-05 09:36:25,158.665,158.66,1,158.62,1000,158.71,500,158.71,158.62,158.62,1000,158.58,300,158.57,100,158.56,200,158.55,300,158.54,100,158.53,100,158.52,100,158.51,300,158.46,500,158.71,500,158.74,200,158.75,300,158.76,300,158.77,1200,158.78,1400,158.79,1000,158.8,100,158.83,200,158.84,600
2026-02-05 09:36:26,158.665,158.65,1,158.62,1000,158.71,500,158.71,158.62,158.62,1000,158.58,300,158.57,100,158.56,200,158.55,300,158.54,100,158.53,100,158.52,100,158.51,300,158.46,500,158.71,500,158.74,200,158.75,300,158.76,300,158.77,1200,158.78,1400,158.79,1000,158.8,100,158.83,200,158.84,600
2026-02-05 09:36:27,158.66,158.65,1,158.62,1000,158.7,200,158.7,158.62,158.62,1000,158.58,300,158.57,100,158.56,200,158.55,300,158.54,100,158.53,100,158.52,100,158.51,300,158.46,500,158.7,200,158.71,500,158.74,200,158.75,300,158.76,300,158.77,1200,158.78,1400,158.79,1000,158.8,100,158.83,200
2026-02-05 09:36:28,158.66,158.65,1,158.62,1000,158.7,500,158.7,158.62,158.62,1000,158.58,300,158.57,100,158.56,200,158.55,300,158.54,100,158.53,100,158.52,100,158.51,300,158.46,500,158.7,500,158.71,500,158.74,200,158.75,300,158.76,300,158.77,1200,158.78,1400,158.79,1000,158.8,100,158.83,200
2026-02-05 09:36:29,158.655,158.65,1,158.62,1000,158.69,300,158.69,158.62,158.62,1000,158.58,300,158.57,100,158.56,200,158.55,300,158.54,100,158.53,100,158.52,100,158.51,300,158.46,500,158.69,300,158.7,500,158.71,500,158.74,200,158.75,300,158.76,300,158.77,1200,158.78,1400,158.79,1000,158.8,100
2026-02-05 09:36:30,158.66,158.65,1,158.62,1000,158.7,600,158.7,158.62,158.62,1000,158.58,300,158.57,100,158.56,200,158.55,300,158.54,100,158.53,100,158.52,100,158.51,300,158.46,500,158.7,600,158.71,500,158.74,200,158.75,300,158.76,300,158.77,1200,158.78,1400,158.79,1000,158.8,100,158.83,200
2026-02-05 09:36:31,158.66,158.65,1,158.62,1000,158.7,600,158.7,158.62,158.62,1000,158.58,300,158.57,100,158.56,200,158.55,300,158.54,100,158.53,100,158.52,100,158.51,300,158.46,500,158.7,600,158.71,500,158.74,200,158.75,300,158.76,300,158.77,1200,158.78,1400,158.79,1000,158.8,100,158.83,200
2026-02-05 09:36:32,158.65,158.63,1,158.62,1000,158.68,500,158.68,158.62,158.62,1000,158.58,300,158.57,100,158.56,200,158.55,300,158.54,100,158.53,100,158.52,100,158.51,300,158.46,500,158.68,500,158.69,200,158.7,600,158.71,500,158.74,200,158.75,300,158.76,300,158.77,1200,158.78,1400,158.79,1000
2026-02-05 09:36:33,158.635,158.62,1,158.6,100,158.67,700,158.67,158.6,158.6,100,158.58,300,158.57,100,158.56,200,158.55,300,158.54,100,158.53,100,158.52,100,158.51,300,158.46,500,158.67,700,158.68,900,158.69,200,158.7,600,158.71,500,158.74,200,158.75,300,158.76,300,158.77,1200,158.78,1400
2026-02-05 09:36:34,158.615,158.63,4,158.58,800,158.65,300,158.65,158.58,158.58,800,158.57,100,158.56,200,158.55,300,158.54,100,158.53,100,158.52,100,158.51,300,158.46,500,158.43,500,158.65,300,158.66,200,158.67,700,158.68,900,158.69,200,158.7,600,158.71,500,158.74,200,158.75,300,158.76,300
2026-02-05 09:36:35,158.615,158.63,4,158.58,800,158.65,300,158.65,158.58,158.58,800,158.57,100,158.56,200,158.55,300,158.54,100,158.53,100,158.52,100,158.51,300,158.46,500,158.43,500,158.65,300,158.66,200,158.67,700,158.68,900,158.69,200,158.7,600,158.71,500,158.74,200,158.75,300,158.76,300
2026-02-05 09:36:36,158.615,158.62,2,158.58,800,158.65,300,158.65,158.58,158.58,800,158.57,100,158.56,200,158.55,300,158.54,100,158.53,100,158.52,100,158.51,300,158.46,500,158.43,500,158.65,300,158.66,200,158.67,700,158.68,900,158.69,200,158.7,600,158.71,500,158.74,200,158.75,300,158.76,300
2026-02-05 09:36:37,158.61,158.62,1,158.58,800,158.64,100,158.64,158.58,158.58,800,158.57,100,158.56,200,158.55,300,158.54,100,158.53,100,158.52,100,158.51,300,158.46,500,158.43,500,158.64,100,158.65,600,158.66,200,158.67,700,158.68,900,158.69,200,158.7,600,158.71,500,158.74,200,158.75,300
2026-02-05 09:36:38,158.615,158.62,1,158.58,800,158.65,600,158.65,158.58,158.58,800,158.57,100,158.56,200,158.55,300,158.54,100,158.53,100,158.52,100,158.51,300,158.46,500,158.43,500,158.65,600,158.66,200,158.67,700,158.68,900,158.69,200,158.7,600,158.71,500,158.74,200,158.75,300,158.76,300
2026-02-05 09:36:39,158.615,158.62,1,158.58,800,158.65,600,158.65,158.58,158.58,800,158.57,100,158.56,200,158.55,300,158.54,100,158.53,100,158.52,100,158.51,300,158.46,500,158.43,500,158.65,600,158.66,200,158.67,700,158.68,900,158.69,200,158.7,600,158.71,500,158.74,200,158.75,300,158.76,300
2026-02-05 09:36:40,158.615,158.62,1,158.58,800,158.65,600,158.65,158.58,158.58,800,158.57,100,158.56,200,158.55,300,158.54,100,158.53,100,158.52,100,158.51,300,158.46,500,158.43,500,158.65,600,158.66,200,158.67,700,158.68,900,158.69,200,158.7,600,158.71,500,158.74,200,158.75,300,158.76,300
2026-02-05 09:36:41,158.495,158.51,1,158.46,600,158.53,100,158.53,158.46,158.46,600,158.43,500,158.37,300,158.36,900,158.32,100,158.31,800,158.3,700,158.29,200,158.28,200,158.27,300,158.53,100,158.54,200,158.55,400,158.56,100,158.58,200,158.59,100,158.6,200,158.62,100,158.63,300,158.64,100
2026-02-05 09:36:42,158.495,158.51,1,158.46,600,158.53,100,158.53,158.46,158.46,600,158.43,500,158.37,300,158.36,900,158.32,100,158.31,800,158.3,700,158.29,200,158.28,200,158.27,300,158.53,100,158.54,200,158.55,400,158.56,100,158.58,200,158.59,100,158.6,200,158.62,100,158.63,300,158.64,100
2026-02-05 09:36:43,158.495,158.51,1,158.46,600,158.53,100,158.53,158.46,158.46,600,158.43,500,158.37,300,158.36,900,158.32,100,158.31,800,158.3,700,158.29,200,158.28,200,158.27,300,158.53,100,158.54,200,158.55,400,158.56,100,158.58,200,158.59,100,158.6,200,158.62,100,158.63,300,158.64,100
2026-02-05 09:36:44,158.49,158.51,1,158.46,600,158.52,200,158.52,158.46,158.46,600,158.43,500,158.37,300,158.36,900,158.32,100,158.31,800,158.3,700,158.29,200,158.28,200,158.27,300,158.52,200,158.53,100,158.54,200,158.55,400,158.56,100,158.58,200,158.59,100,158.6,200,158.62,100,158.63,300
2026-02-05 09:36:45,158.435,158.45,1,158.41,100,158.46,100,158.46,158.41,158.41,100,158.37,300,158.36,900,158.32,100,158.31,800,158.3,700,158.29,200,158.28,200,158.27,300,158.26,700,158.46,100,158.49,200,158.5,100,158.52,300,158.53,100,158.54,200,158.55,400,158.56,100,158.58,200,158.59,100
2026-02-05 09:36:46,158.355,158.37,1,158.33,200,158.38,100,158.38,158.33,158.33,200,158.32,100,158.31,800,158.3,700,158.29,200,158.28,200,158.27,300,158.26,700,158.25,100,158.24,900,158.38,100,158.41,400,158.46,300,158.49,200,158.5,100,158.52,300,158.53,100,158.54,200,158.55,400,158.56,100
2026-02-05 09:36:47,158.44,158.4,1,158.38,300,158.5,400,158.5,158.38,158.38,300,158.37,100,158.36,100,158.35,300,158.34,200,158.33,200,158.32,100,158.31,800,158.3,700,158.29,200,158.5,400,158.51,200,158.52,600,158.53,100,158.54,200,158.55,400,158.56,100,158.58,200,158.59,100,158.6,200
2026-02-05 09:36:48,158.44,158.44,1,158.38,300,158.5,1000,158.5,158.38,158.38,300,158.37,100,158.36,100,158.35,300,158.34,200,158.33,200,158.32,100,158.31,800,158.3,700,158.29,200,158.5,1000,158.51,200,158.52,600,158.53,100,158.54,200,158.55,400,158.56,100,158.58,200,158.59,100,158.6,200
2026-02-05 09:36:49,158.44,158.44,1,158.38,300,158.5,1000,158.5,158.38,158.38,300,158.37,100,158.36,100,158.35,300,158.34,200,158.33,200,158.32,100,158.31,800,158.3,700,158.29,200,158.5,1000,158.51,200,158.52,600,158.53,100,158.54,200,158.55,400,158.56,100,158.58,200,158.59,100,158.6,200
2026-02-05 09:36:50,158.44,158.44,5,158.38,600,158.5,1000,158.5,158.38,158.38,600,158.37,100,158.36,100,158.35,300,158.34,200,158.33,200,158.32,100,158.31,800,158.3,700,158.29,200,158.5,1000,158.51,200,158.52,600,158.53,100,158.54,200,158.55,400,158.56,100,158.58,200,158.59,100,158.6,200
2026-02-05 09:36:51,158.44,158.44,2,158.38,600,158.5,1000,158.5,158.38,158.38,600,158.37,100,158.36,100,158.35,300,158.34,200,158.33,200,158.32,100,158.31,800,158.3,700,158.29,200,158.5,1000,158.51,200,158.52,600,158.53,100,158.54,200,158.55,400,158.56,100,158.58,200,158.59,100,158.6,200
2026-02-05 09:36:52,158.435,158.44,2,158.38,600,158.49,500,158.49,158.38,158.38,600,158.37,100,158.36,100,158.35,300,158.34,200,158.33,200,158.32,100,158.31,800,158.3,700,158.29,200,158.49,500,158.5,1000,158.51,200,158.52,600,158.53,100,158.54,200,158.55,400,158.56,100,158.58,200,158.59,100
2026-02-05 09:36:53,158.475,158.5,1,158.43,200,158.52,700,158.52,158.43,158.43,200,158.42,100,158.38,600,158.37,100,158.36,100,158.35,300,158.34,200,158.33,200,158.32,100,158.31,800,158.52,700,158.53,100,158.54,200,158.55,400,158.56,100,158.58,200,158.59,100,158.6,200,158.62,100,158.63,300
2026-02-05 09:36:54,158.475,158.5,1,158.43,200,158.52,700,158.52,158.43,158.43,200,158.42,100,158.38,600,158.37,100,158.36,100,158.35,300,158.34,200,158.33,200,158.32,100,158.31,800,158.52,700,158.53,100,158.54,200,158.55,400,158.56,100,158.58,200,158.59,100,158.6,200,158.62,100,158.63,300
2026-02-05 09:36:55,158.405,158.43,1,158.35,600,158.46,100,158.46,158.35,158.35,600,158.34,900,158.33,500,158.32,100,158.31,800,158.3,700,158.29,200,158.28,200,158.27,300,158.26,700,158.46,100,158.48,600,158.49,300,158.5,100,158.52,600,158.53,100,158.54,200,158.55,400,158.56,100,158.58,200
2026-02-05 09:36:56,158.405,158.43,1,158.35,800,158.46,200,158.46,158.35,158.35,800,158.34,900,158.33,500,158.32,100,158.31,800,158.3,700,158.29,200,158.28,200,158.27,300,158.26,700,158.46,200,158.48,600,158.49,300,158.5,100,158.52,600,158.53,100,158.54,200,158.55,400,158.56,100,158.58,200
2026-02-05 09:36:57,158.405,158.43,1,158.35,1000,158.46,300,158.46,158.35,158.35,1000,158.34,900,158.33,500,158.32,100,158.31,800,158.3,700,158.29,200,158.28,200,158.27,300,158.26,700,158.46,300,158.48,600,158.49,300,158.5,100,158.52,600,158.53,100,158.54,200,158.55,400,158.56,100,158.58,200
2026-02-05 09:36:58,158.405,158.35,2,158.35,1000,158.46,300,158.46,158.35,158.35,1000,158.34,900,158.33,500,158.32,100,158.31,800,158.3,700,158.29,200,158.28,200,158.27,300,158.26,700,158.46,300,158.48,600,158.49,300,158.5,100,158.52,600,158.53,100,158.54,200,158.55,400,158.56,100,158.58,200
2026-02-05 09:36:59,158.405,158.35,2,158.35,1000,158.46,700,158.46,158.35,158.35,1000,158.34,900,158.33,500,158.32,100,158.31,800,158.3,700,158.29,200,158.28,200,158.27,300,158.26,700,158.46,700,158.48,600,158.49,300,158.5,100,158.52,600,158.53,100,158.54,200,158.55,400,158.56,100,158.58,200
2026-02-05 09:37:00,158.375,158.36,1,158.33,700,158.42,300,158.42,158.33,158.33,700,158.32,100,158.31,800,158.3,700,158.29,200,158.28,200,158.27,300,158.26,700,158.25,100,158.24,900,158.42,300,158.43,400,158.46,700,158.48,600,158.49,300,158.5,100,158.52,600,158.53,100,158.54,200,158.55,400
2026-02-05 09:37:01,158.335,158.34,1,158.29,300,158.38,200,158.38,158.29,158.29,300,158.27,400,158.26,700,158.25,100,158.24,900,158.19,1200,157.77,400,157.66,100,157.59,100,157.49,100,158.38,200,158.42,300,158.43,400,158.46,700,158.48,600,158.49,300,158.5,100,158.52,600,158.53,100,158.54,200
2026-02-05 09:37:02,158.325,158.34,1,158.29,200,158.36,100,158.36,158.29,158.29,200,158.27,400,158.26,700,158.25,100,158.24,900,158.19,1200,157.77,400,157.66,100,157.59,100,157.49,100,158.36,100,158.38,200,158.42,300,158.43,400,158.46,700,158.48,600,158.49,300,158.5,100,158.52,600,158.53,100
2026-02-05 09:37:03,158.345,158.34,1,158.31,100,158.38,200,158.38,158.31,158.31,100,158.3,200,158.29,200,158.27,400,158.26,700,158.25,100,158.24,900,158.19,1200,157.77,400,157.66,100,158.38,200,158.4,200,158.42,300,158.43,400,158.46,700,158.48,600,158.49,300,158.5,100,158.52,600,158.53,100
2026-02-05 09:37:04,158.385,158.37,1,158.35,700,158.42,100,158.42,158.35,158.35,700,158.34,300,158.31,100,158.3,100,158.29,400,158.28,1000,158.27,400,158.26,700,158.25,100,158.24,900,158.42,100,158.43,600,158.46,700,158.48,600,158.49,300,158.5,100,158.52,600,158.53,100,158.54,200,158.55,400
2026-02-05 09:37:05,158.375,158.35,1,158.35,600,158.4,100,158.4,158.35,158.35,600,158.34,300,158.31,100,158.3,100,158.29,400,158.28,1000,158.27,400,158.26,700,158.25,100,158.24,900,158.4,100,158.42,400,158.43,600,158.46,700,158.48,600,158.49,300,158.5,100,158.52,600,158.53,100,158.54,200
2026-02-05 09:37:06,158.325,158.35,1,158.28,900,158.37,100,158.37,158.28,158.28,900,158.27,300,158.26,900,158.25,100,158.24,900,158.19,1200,157.77,400,157.66,100,157.59,100,157.49,100,158.37,100,158.39,400,158.4,100,158.42,400,158.43,600,158.46,700,158.48,600,158.49,300,158.5,100,158.52,600
2026-02-05 09:37:07,158.355,158.38,1,158.32,300,158.39,200,158.39,158.32,158.32,300,158.3,100,158.29,100,158.28,1400,158.27,300,158.26,900,158.25,100,158.24,900,158.19,1200,157.77,400,158.39,200,158.4,100,158.42,500,158.43,600,158.46,700,158.48,600,158.49,300,158.5,100,158.52,600,158.53,100
2026-02-05 09:37:08,158.355,158.38,1,158.32,400,158.39,300,158.39,158.32,158.32,400,158.3,100,158.29,100,158.28,1400,158.27,300,158.26,900,158.25,100,158.24,900,158.19,1200,157.77,400,158.39,300,158.4,100,158.42,500,158.43,600,158.46,700,158.48,600,158.49,300,158.5,100,158.52,600,158.53,100
2026-02-05 09:37:09,158.395,158.39,1,158.36,100,158.43,800,158.43,158.36,158.36,100,158.35,1600,158.34,200,158.33,100,158.32,400,158.3,100,158.29,100,158.28,1400,158.27,300,158.26,900,158.43,800,158.46,700,158.48,600,158.49,300,158.5,100,158.52,600,158.53,100,158.54,200,158.55,400,158.56,100
2026-02-05 09:37:10,158.39,158.39,1,158.35,1800,158.43,800,158.43,158.35,158.35,1800,158.34,200,158.33,100,158.32,400,158.3,100,158.29,100,158.28,1400,158.27,300,158.26,900,158.25,100,158.43,800,158.46,700,158.48,600,158.49,300,158.5,100,158.52,600,158.53,100,158.54,200,158.55,400,158.56,100
2026-02-05 09:37:11,158.35,158.34,1,158.32,900,158.38,200,158.38,158.32,158.32,900,158.3,100,158.29,100,158.28,1400,158.27,300,158.26,900,158.25,100,158.24,900,158.19,1200,157.77,400,158.38,200,158.4,300,158.41,400,158.42,500,158.43,700,158.46,700,158.48,600,158.49,300,158.5,100,158.52,600
2026-02-05 09:37:12,158.345,158.34,1,158.32,1000,158.37,100,158.37,158.32,158.32,1000,158.3,100,158.29,100,158.28,1400,158.27,300,158.26,900,158.25,100,158.24,900,158.19,1200,157.77,400,158.37,100,158.38,200,158.4,300,158.41,400,158.42,500,158.43,700,158.46,700,158.48,600,158.49,300,158.5,100
2026-02-05 09:37:13,158.32,158.32,1,158.26,1000,158.38,200,158.38,158.26,158.26,1000,158.25,100,158.24,900,158.19,1200,157.77,400,157.66,100,157.59,100,157.49,100,,,,,158.38,200,158.4,300,158.41,400,158.42,500,158.43,700,158.46,700,158.48,600,158.49,300,158.5,100,158.52,600
2026-02-05 09:37:14,158.295,158.32,4,158.26,1400,158.33,200,158.33,158.26,158.26,1400,158.25,100,158.24,900,158.19,1200,157.77,400,157.66,100,157.59,100,157.49,100,,,,,158.33,200,158.35,100,158.38,200,158.4,300,158.41,400,158.42,500,158.43,700,158.46,700,158.48,600,158.49,300
2026-02-05 09:37:15,158.355,158.33,1,158.33,200,158.38,300,158.38,158.33,158.33,200,158.27,100,158.26,1700,158.25,100,158.24,900,158.19,1200,157.77,400,157.66,100,157.59,100,157.49,100,158.38,300,158.4,300,158.41,400,158.42,500,158.43,700,158.46,700,158.48,600,158.49,300,158.5,100,158.52,600
2026-02-05 09:37:16,158.355,158.35,3,158.33,200,158.38,300,158.38,158.33,158.33,200,158.27,100,158.26,1700,158.25,100,158.24,900,158.19,1200,157.77,400,157.66,100,157.59,100,157.49,100,158.38,300,158.4,300,158.41,400,158.42,500,158.43,700,158.46,700,158.48,600,158.49,300,158.5,100,158.52,600
2026-02-05 09:37:16,158.365,158.35,1,158.35,200,158.38,300,158.38,158.35,158.35,200,158.34,100,158.33,200,158.27,100,158.26,1700,158.25,100,158.24,900,158.19,1200,157.77,400,157.66,100,158.38,300,158.4,300,158.41,400,158.42,500,158.43,700,158.46,700,158.48,600,158.49,300,158.5,100,158.52,600
2026-02-05 09:37:18,158.33,158.35,3,158.28,1400,158.38,900,158.38,158.28,158.28,1400,158.27,700,158.26,1800,158.25,100,158.24,900,158.19,1200,157.77,400,157.66,100,157.59,100,157.49,100,158.38,900,158.4,300,158.41,400,158.42,500,158.43,700,158.46,700,158.48,600,158.49,300,158.5,100,158.52,600
