sim_time,mid_price,last_price,last_size,best_bid_price,best_bid_size,best_ask_price,best_ask_size,close_price_buy,close_price_sell,bid1_price,bid1_size,bid2_price,bid2_size,bid3_price,bid3_size,bid4_price,bid4_size,bid5_price,bid5_size,bid6_price,bid6_size,bid7_price,bid7_size,bid8_price,bid8_size,bid9_price,bid9_size,bid10_price,bid10_size,ask1_price,ask1_size,ask2_price,ask2_size,ask3_price,ask3_size,ask4_price,ask4_size,ask5_price,ask5_size,ask6_price,ask6_size,ask7_price,ask7_size,ask8_price,ask8_size,ask9_price,ask9_size,ask10_price,ask10_size
2020-10-29 09:30:25,137.05,137.04,1,137.02,4,137.08,4,137.08,137.02,137.02,4,137.01,4,136.91,3,,,,,,,,,,,,,,,137.08,4,137.1,2,137.14,2,137.16,1,137.17,6,137.19,4,137.2,2,137.29,3,137.3,15,137.42,5
2020-10-29 09:30:26,137.05,137.04,1,137.02,4,137.08,4,137.08,137.02,137.02,4,137.01,4,136.91,3,,,,,,,,,,,,,,,137.08,4,137.1,2,137.14,2,137.16,1,137.17,6,137.19,4,137.2,2,137.29,3,137.3,15,137.42,5
2020-10-29 09:30:27,137.005,137.02,1,136.95,3,137.06,1,137.06,136.95,136.95,3,136.94,3,136.91,3,,,,,,,,,,,,,,,137.06,1,137.08,4,137.1,2,137.14,2,137.16,1,137.17,6,137.19,4,137.2,2,137.29,3,137.3,15
2020-10-29 09:30:28,137.005,137.02,1,136.95,3,137.06,1,137.06,136.95,136.95,3,136.94,3,136.91,3,,,,,,,,,,,,,,,137.06,1,137.08,4,137.1,2,137.14,2,137.16,1,137.17,6,137.19,4,137.2,2,137.29,3,137.3,15
2020-10-29 09:30:29,137.01,137.01,4,136.96,2,137.06,1,137.06,136.96,136.96,2,136.95,3,136.94,3,136.91,3,,,,,,,,,,,,,137.06,1,137.08,4,137.1,2,137.14,2,137.16,1,137.17,6,137.19,4,137.2,2,137.29,3,137.3,15
2020-10-29 09:30:30,137.0,137.03,1,136.94,1,137.06,3,137.06,136.94,136.94,1,136.91,3,,,,,,,,,,,,,,,,,137.06,3,137.08,4,137.1,2,137.14,2,137.16,1,137.17,6,137.19,4,137.2,2,137.29,3,137.3,15
2020-10-29 09:30:31,137.05,137.08,1,137.0,3,137.1,3,137.1,137.0,137.0,3,136.99,3,136.97,4,136.94,7,136.91,3,,,,,,,,,,,137.1,3,137.14,2,137.16,1,137.17,6,137.19,4,137.2,2,137.29,3,137.3,15,137.42,5,137.48,18
2020-10-29 09:30:32,137.0,137.04,1,136.95,9,137.05,1,137.05,136.95,136.95,9,136.94,7,136.91,3,,,,,,,,,,,,,,,137.05,1,137.06,1,137.07,1,137.09,1,137.1,3,137.14,2,137.16,1,137.17,6,137.19,4,137.2,2
2020-10-29 09:30:34,137.045,137.05,1,136.99,3,137.1,3,137.1,136.99,136.99,3,136.98,1,136.96,3,136.95,9,136.94,7,136.91,3,,,,,,,,,137.1,3,137.14,2,137.16,1,137.17,6,137.19,4,137.2,2,137.29,3,137.3,15,137.42,5,137.48,18
2020-10-29 09:30:35,137.045,137.05,1,136.99,8,137.1,3,137.1,136.99,136.99,8,136.98,1,136.96,3,136.95,9,136.94,7,136.91,3,,,,,,,,,137.1,3,137.14,2,137.16,1,137.17,6,137.19,4,137.2,2,137.29,3,137.3,15,137.42,5,137.48,18
2020-10-29 09:30:35,137.045,137.05,1,136.99,8,137.1,4,137.1,136.99,136.99,8,136.98,1,136.96,3,136.95,9,136.94,7,136.91,3,,,,,,,,,137.1,4,137.14,2,137.16,1,137.17,6,137.19,4,137.2,2,137.29,3,137.3,15,137.42,5,137.48,18
2020-10-29 09:30:37,137.04,137.04,1,136.99,8,137.09,1,137.09,136.99,136.99,8,136.98,1,136.96,3,136.95,9,136.94,7,136.91,3,,,,,,,,,137.09,1,137.1,6,137.14,2,137.16,1,137.17,6,137.19,4,137.2,2,137.29,3,137.3,15,137.42,5
2020-10-29 09:30:38,137.04,137.04,1,137.0,8,137.08,1,137.08,137.0,137.0,8,136.99,8,136.98,1,136.96,3,136.95,9,136.94,7,136.91,3,,,,,,,137.08,1,137.09,1,137.1,6,137.14,2,137.16,1,137.17,6,137.19,4,137.2,2,137.29,3,137.3,15
2020-10-29 09:30:39,137.04,137.04,1,137.0,8,137.08,1,137.08,137.0,137.0,8,136.99,8,136.98,1,136.96,3,136.95,9,136.94,7,136.91,3,,,,,,,137.08,1,137.09,1,137.1,6,137.14,2,137.16,1,137.17,6,137.19,4,137.2,2,137.29,3,137.3,15
2020-10-29 09:30:40,137.04,137.02,1,137.0,8,137.08,1,137.08,137.0,137.0,8,136.99,8,136.98,1,136.96,3,136.95,9,136.94,7,136.91,3,,,,,,,137.08,1,137.09,1,137.1,6,137.14,2,137.16,1,137.17,6,137.19,4,137.2,2,137.29,3,137.3,15
2020-10-29 09:30:41,137.04,137.08,1,137.0,8,137.08,1,137.08,137.0,137.0,8,136.99,8,136.98,1,136.96,3,136.95,9,136.94,7,136.91,3,,,,,,,137.08,1,137.09,1,137.1,6,137.14,2,137.16,1,137.17,6,137.19,4,137.2,2,137.29,3,137.3,15
2020-10-29 09:30:41,137.09,137.1,1,137.04,3,137.14,3,137.14,137.04,137.04,3,137.0,8,136.99,8,136.98,1,136.96,3,136.95,9,136.94,7,136.91,3,,,,,137.14,3,137.16,1,137.17,6,137.19,4,137.2,2,137.29,3,137.3,15,137.42,5,137.48,18,137.5,5
2020-10-29 09:30:43,137.09,137.1,1,137.04,8,137.14,3,137.14,137.04,137.04,8,137.0,8,136.99,8,136.98,1,136.96,3,136.95,9,136.94,7,136.91,3,,,,,137.14,3,137.16,1,137.17,6,137.19,4,137.2,2,137.29,3,137.3,15,137.42,5,137.48,18,137.5,5
2020-10-29 09:30:43,137.08,137.1,1,137.04,8,137.12,1,137.12,137.04,137.04,8,137.0,8,136.99,8,136.98,1,136.96,3,136.95,9,136.94,7,136.91,3,,,,,137.12,1,137.13,1,137.14,3,137.16,1,137.17,6,137.19,4,137.2,2,137.29,3,137.3,15,137.42,5
2020-10-29 09:30:44,137.075,137.1,1,137.04,8,137.11,1,137.11,137.04,137.04,8,137.0,8,136.99,8,136.98,1,136.96,3,136.95,9,136.94,7,136.91,3,,,,,137.11,1,137.12,1,137.13,1,137.14,3,137.16,1,137.17,6,137.19,4,137.2,2,137.29,3,137.3,15
2020-10-29 09:30:46,137.08,137.1,1,137.04,8,137.12,3,137.12,137.04,137.04,8,137.0,8,136.99,8,136.98,1,136.96,3,136.95,9,136.94,7,136.91,3,,,,,137.12,3,137.13,1,137.14,3,137.16,1,137.17,6,137.19,4,137.2,2,137.29,3,137.3,15,137.42,5
2020-10-29 09:30:47,137.13,137.13,4,137.09,7,137.17,1,137.17,137.09,137.09,7,137.08,1,137.06,3,137.04,14,137.0,8,136.99,8,136.98,1,136.96,3,136.95,9,136.94,7,137.17,1,137.18,1,137.19,4,137.2,2,137.29,3,137.3,15,137.42,5,137.48,18,137.5,5,137.55,1
2020-10-29 09:30:47,137.135,137.09,1,137.09,7,137.18,1,137.18,137.09,137.09,7,137.08,1,137.06,3,137.04,14,137.0,8,136.99,8,136.98,1,136.96,3,136.95,9,136.94,7,137.18,1,137.19,4,137.2,2,137.29,3,137.3,15,137.42,5,137.48,18,137.5,5,137.55,1,137.59,5
2020-10-29 09:30:49,137.145,137.11,2,137.11,2,137.18,1,137.18,137.11,137.11,2,137.1,1,137.09,9,137.08,1,137.06,3,137.04,14,137.0,8,136.99,8,136.98,1,136.96,3,137.18,1,137.19,4,137.2,2,137.29,3,137.3,15,137.42,5,137.48,18,137.5,5,137.55,1,137.59,5
2020-10-29 09:30:50,137.145,137.15,4,137.11,6,137.18,1,137.18,137.11,137.11,6,137.1,1,137.09,9,137.08,1,137.06,3,137.04,14,137.0,8,136.99,8,136.98,1,136.96,3,137.18,1,137.19,4,137.2,2,137.29,3,137.3,15,137.42,5,137.48,18,137.5,5,137.55,1,137.59,5
2020-10-29 09:30:51,137.15,137.15,8,137.11,11,137.19,3,137.19,137.11,137.11,11,137.1,1,137.09,9,137.08,1,137.06,3,137.04,14,137.0,8,136.99,8,136.98,1,136.96,3,137.19,3,137.2,2,137.29,3,137.3,15,137.42,5,137.48,18,137.5,5,137.55,1,137.59,5,137.65,2
2020-10-29 09:30:51,137.15,137.15,1,137.11,11,137.19,3,137.19,137.11,137.11,11,137.1,1,137.09,9,137.08,1,137.06,3,137.04,14,137.0,8,136.99,8,136.98,1,136.96,3,137.19,3,137.2,2,137.29,3,137.3,15,137.42,5,137.48,18,137.5,5,137.55,1,137.59,5,137.65,2
2020-10-29 09:30:53,137.155,137.15,1,137.11,11,137.2,4,137.2,137.11,137.11,11,137.1,1,137.09,9,137.08,1,137.06,3,137.04,14,137.0,8,136.99,8,136.98,1,136.96,3,137.2,4,137.29,3,137.3,15,137.42,5,137.48,18,137.5,5,137.55,1,137.59,5,137.65,2,137.66,1
2020-10-29 09:30:54,137.155,137.15,1,137.11,11,137.2,4,137.2,137.11,137.11,11,137.1,1,137.09,9,137.08,1,137.06,3,137.04,14,137.0,8,136.99,8,136.98,1,136.96,3,137.2,4,137.29,3,137.3,15,137.42,5,137.48,18,137.5,5,137.55,1,137.59,5,137.65,2,137.66,1
2020-10-29 09:30:55,137.15,137.15,1,137.11,11,137.19,2,137.19,137.11,137.11,11,137.1,1,137.09,9,137.08,1,137.06,3,137.04,14,137.0,8,136.99,8,136.98,1,136.96,3,137.19,2,137.2,4,137.29,3,137.3,15,137.42,5,137.48,18,137.5,5,137.55,1,137.59,5,137.65,2
2020-10-29 09:30:56,137.16,137.19,1,137.13,2,137.19,1,137.19,137.13,137.13,2,137.12,1,137.11,11,137.1,1,137.09,9,137.08,1,137.06,3,137.04,14,137.0,8,136.99,8,137.19,1,137.2,4,137.29,3,137.3,15,137.42,5,137.48,18,137.5,5,137.55,1,137.59,5,137.65,2
2020-10-29 09:30:57,137.245,137.2,1,137.19,3,137.3,15,137.3,137.19,137.19,3,137.18,1,137.17,2,137.16,3,137.13,13,137.12,1,137.11,11,137.1,1,137.09,9,137.08,1,137.3,15,137.42,5,137.48,18,137.5,5,137.55,1,137.59,5,137.65,2,137.66,1,137.9,5,,
2020-10-29 09:30:58,137.245,137.2,1,137.19,3,137.3,15,137.3,137.19,137.19,3,137.18,1,137.17,2,137.16,3,137.13,13,137.12,1,137.11,11,137.1,1,137.09,9,137.08,1,137.3,15,137.42,5,137.48,18,137.5,5,137.55,1,137.59,5,137.65,2,137.66,1,137.9,5,,
2020-10-29 09:30:59,137.285,137.33,1,137.23,3,137.34,3,137.34,137.23,137.23,3,137.22,3,137.21,1,137.2,1,137.19,16,137.18,1,137.17,2,137.16,3,137.13,13,137.12,1,137.34,3,137.42,5,137.48,18,137.5,5,137.55,1,137.59,5,137.65,2,137.66,1,137.9,5,,
2020-10-29 09:31:00,137.285,137.33,1,137.23,3,137.34,3,137.34,137.23,137.23,3,137.22,3,137.21,1,137.2,1,137.19,16,137.18,1,137.17,2,137.16,3,137.13,13,137.12,1,137.34,3,137.42,5,137.48,18,137.5,5,137.55,1,137.59,5,137.65,2,137.66,1,137.9,5,,
2020-10-29 09:31:01,137.285,137.32,1,137.23,16,137.34,6,137.34,137.23,137.23,16,137.22,3,137.21,1,137.2,1,137.19,16,137.18,1,137.17,2,137.16,3,137.13,13,137.12,1,137.34,6,137.42,5,137.48,18,137.5,5,137.55,1,137.59,5,137.65,2,137.66,1,137.9,5,,
2020-10-29 09:31:02,137.275,137.31,1,137.23,16,137.32,4,137.32,137.23,137.23,16,137.22,3,137.21,1,137.2,1,137.19,16,137.18,1,137.17,2,137.16,3,137.13,13,137.12,1,137.32,4,137.33,4,137.34,6,137.42,5,137.48,18,137.5,5,137.55,1,137.59,5,137.65,2,137.66,1
2020-10-29 09:31:03,137.275,137.28,1,137.23,16,137.32,4,137.32,137.23,137.23,16,137.22,3,137.21,1,137.2,1,137.19,16,137.18,1,137.17,2,137.16,3,137.13,13,137.12,1,137.32,4,137.33,4,137.34,6,137.42,5,137.48,18,137.5,5,137.55,1,137.59,5,137.65,2,137.66,1
2020-10-29 09:31:04,137.275,137.3,1,137.23,16,137.32,4,137.32,137.23,137.23,16,137.22,3,137.21,1,137.2,1,137.19,16,137.18,1,137.17,2,137.16,3,137.13,13,137.12,1,137.32,4,137.33,4,137.34,6,137.42,5,137.48,18,137.5,5,137.55,1,137.59,5,137.65,2,137.66,1
2020-10-29 09:31:05,137.265,137.3,2,137.23,16,137.3,3,137.3,137.23,137.23,16,137.22,3,137.21,1,137.2,1,137.19,16,137.18,1,137.17,2,137.16,3,137.13,13,137.12,1,137.3,3,137.31,2,137.32,4,137.33,4,137.34,6,137.42,5,137.48,18,137.5,5,137.55,1,137.59,5
2020-10-29 09:31:06,137.28,137.3,1,137.24,8,137.32,3,137.32,137.26,137.24,3,137.23,16,137.22,3,137.21,1,137.2,1,137.19,16,137.18,1,137.17,2,137.16,3,137.13,13,137.32,3,137.33,4,137.34,6,137.42,5,137.48,18,137.5,5,137.55,1,137.59,5,137.65,2,137.66,1
2020-10-29 09:31:08,137.285,137.32,2,137.24,8,137.33,1,137.33,137.24,137.24,8,137.23,16,137.22,3,137.21,1,137.2,1,137.19,16,137.18,1,137.17,2,137.16,3,137.13,13,137.33,1,137.34,5,137.42,5,137.48,18,137.5,5,137.55,1,137.59,5,137.65,2,137.66,1,137.9,5
2020-10-29 09:31:09,137.345,137.37,1,137.3,7,137.39,1,137.39,137.3,137.3,7,137.27,1,137.26,1,137.25,1,137.24,12,137.23,16,137.22,3,137.21,1,137.2,1,137.19,16,137.39,1,137.4,2,137.41,1,137.42,5,137.48,18,137.5,5,137.55,1,137.59,5,137.65,2,137.66,1
2020-10-29 09:31:10,137.255,137.27,1,137.21,9,137.3,2,137.3,137.21,137.21,9,137.2,3,137.19,1,137.18,3,137.17,1,137.16,5,137.13,13,137.12,1,137.11,11,137.1,1,137.3,2,137.34,2,137.35,3,137.36,1,137.38,1,137.39,2,137.4,2,137.41,1,137.42,5,137.48,18
2020-10-29 09:31:11,137.24,137.27,1,137.2,4,137.28,1,137.28,137.2,137.2,4,137.19,1,137.18,3,137.17,1,137.16,5,137.13,13,137.12,1,137.11,11,137.1,1,137.09,9,137.28,1,137.29,2,137.3,2,137.34,2,137.35,3,137.36,1,137.38,1,137.39,2,137.4,2,137.41,1
2020-10-29 09:31:12,137.24,137.27,1,137.2,4,137.28,1,137.28,137.2,137.2,4,137.19,1,137.18,3,137.17,1,137.16,5,137.13,13,137.12,1,137.11,11,137.1,1,137.09,9,137.28,1,137.29,1,137.3,2,137.34,2,137.35,3,137.36,1,137.38,1,137.39,2,137.4,2,137.41,1
2020-10-29 09:31:13,137.24,137.25,2,137.2,6,137.28,1,137.28,137.2,137.2,6,137.19,1,137.18,3,137.17,1,137.16,5,137.13,13,137.12,1,137.11,11,137.1,1,137.09,9,137.28,1,137.3,2,137.34,2,137.35,3,137.36,1,137.38,1,137.39,2,137.4,2,137.41,1,137.42,5
2020-10-29 09:31:14,137.275,137.29,1,137.25,1,137.3,2,137.3,137.25,137.25,1,137.23,2,137.21,1,137.2,6,137.19,1,137.18,3,137.17,1,137.16,5,137.13,13,137.12,1,137.3,2,137.34,2,137.35,3,137.36,1,137.38,1,137.39,2,137.4,2,137.41,1,137.42,5,137.48,18
2020-10-29 09:31:15,137.25,137.25,1,137.2,6,137.3,2,137.3,137.2,137.2,6,137.19,1,137.18,3,137.17,1,137.16,5,137.13,13,137.12,1,137.11,11,137.1,1,137.09,9,137.3,2,137.34,2,137.35,3,137.36,1,137.38,1,137.39,2,137.4,2,137.41,1,137.42,5,137.48,18
2020-10-29 09:31:16,137.25,137.29,1,137.2,6,137.3,2,137.3,137.2,137.2,6,137.19,1,137.18,3,137.17,1,137.16,5,137.13,13,137.12,1,137.11,11,137.1,1,137.09,9,137.3,2,137.34,2,137.35,3,137.36,1,137.38,1,137.39,2,137.4,2,137.41,1,137.42,5,137.48,18
2020-10-29 09:31:17,137.245,137.21,1,137.2,6,137.29,1,137.29,137.2,137.2,6,137.19,1,137.18,3,137.17,1,137.16,5,137.13,13,137.12,1,137.11,11,137.1,1,137.09,9,137.29,1,137.3,2,137.34,2,137.35,3,137.36,1,137.38,1,137.39,2,137.4,2,137.41,1,137.42,5
2020-10-29 09:31:18,137.245,137.21,1,137.2,6,137.29,1,137.29,137.2,137.2,6,137.19,1,137.18,3,137.17,1,137.16,5,137.13,13,137.12,1,137.11,11,137.1,1,137.09,9,137.29,1,137.3,2,137.34,2,137.35,3,137.36,1,137.38,1,137.39,2,137.4,2,137.41,1,137.42,5
2020-10-29 09:31:19,137.25,137.25,1,137.2,10,137.3,2,137.3,137.2,137.2,10,137.19,1,137.18,3,137.17,1,137.16,5,137.13,13,137.12,1,137.11,11,137.1,1,137.09,9,137.3,2,137.34,2,137.35,3,137.36,1,137.38,1,137.39,2,137.4,2,137.41,1,137.42,5,137.48,18
2020-10-29 09:31:20,137.24,137.26,1,137.2,10,137.28,1,137.28,137.2,137.2,10,137.19,1,137.18,3,137.17,1,137.16,5,137.13,13,137.12,1,137.11,11,137.1,1,137.09,9,137.28,1,137.29,1,137.3,5,137.34,2,137.35,3,137.36,1,137.38,1,137.39,2,137.4,2,137.41,1
2020-10-29 09:31:21,137.24,137.27,1,137.2,2,137.28,3,137.28,137.2,137.2,2,137.13,3,137.12,1,137.11,11,137.1,1,137.09,9,137.08,1,137.06,3,137.04,14,137.0,8,137.28,3,137.29,3,137.3,5,137.34,2,137.35,3,137.36,1,137.38,1,137.39,2,137.4,2,137.41,1
2020-10-29 09:31:22,137.195,137.2,1,137.14,2,137.25,5,137.25,137.14,137.14,2,137.13,3,137.12,1,137.11,11,137.1,1,137.09,9,137.08,1,137.06,3,137.04,14,137.0,8,137.25,5,137.26,4,137.28,1,137.29,4,137.3,2,137.31,4,137.34,2,137.35,3,137.36,1,137.38,1
2020-10-29 09:31:23,137.22,137.2,1,137.15,3,137.29,3,137.29,137.15,137.15,3,137.14,2,137.13,3,137.12,1,137.11,11,137.1,1,137.09,9,137.08,1,137.06,3,137.04,14,137.29,3,137.3,2,137.31,4,137.34,2,137.35,3,137.36,1,137.38,1,137.39,2,137.4,2,137.41,1
2020-10-29 09:31:24,137.22,137.2,1,137.15,3,137.29,4,137.29,137.15,137.15,3,137.14,2,137.13,3,137.12,1,137.11,11,137.1,1,137.09,9,137.08,1,137.06,3,137.04,14,137.29,4,137.3,2,137.31,4,137.34,2,137.35,3,137.36,1,137.38,1,137.39,2,137.4,2,137.41,1
2020-10-29 09:31:25,137.22,137.2,1,137.15,3,137.29,4,137.29,137.15,137.15,3,137.14,2,137.13,3,137.12,1,137.11,11,137.1,1,137.09,9,137.08,1,137.06,3,137.04,14,137.29,4,137.3,2,137.31,4,137.34,2,137.35,3,137.36,1,137.38,1,137.39,2,137.4,2,137.41,1
2020-10-29 09:31:26,137.225,137.27,1,137.16,3,137.29,5,137.29,137.16,137.16,3,137.15,3,137.14,2,137.13,3,137.12,1,137.11,11,137.1,1,137.09,9,137.08,1,137.06,3,137.29,5,137.3,2,137.31,4,137.34,2,137.35,3,137.36,1,137.38,1,137.39,2,137.4,2,137.41,1
2020-10-29 09:31:27,137.225,137.27,1,137.16,3,137.29,5,137.29,137.16,137.16,3,137.15,3,137.14,2,137.13,3,137.12,1,137.11,11,137.1,1,137.09,9,137.08,1,137.06,3,137.29,5,137.3,2,137.31,4,137.34,2,137.35,3,137.36,1,137.38,1,137.39,2,137.4,2,137.41,1
2020-10-29 09:31:28,137.225,137.27,1,137.16,3,137.29,5,137.29,137.16,137.16,3,137.15,3,137.14,2,137.13,3,137.12,1,137.11,11,137.1,1,137.09,9,137.08,1,137.06,3,137.29,5,137.3,2,137.31,4,137.34,2,137.35,3,137.36,1,137.38,1,137.39,2,137.4,2,137.41,1
2020-10-29 09:31:29,137.225,137.29,2,137.16,3,137.29,5,137.29,137.16,137.16,3,137.15,3,137.14,2,137.13,3,137.12,1,137.11,11,137.1,1,137.09,9,137.08,1,137.06,3,137.29,5,137.3,2,137.31,4,137.34,2,137.35,3,137.36,1,137.38,1,137.39,2,137.4,2,137.41,1
2020-10-29 09:31:30,137.225,137.29,2,137.16,3,137.29,5,137.29,137.16,137.16,3,137.15,3,137.14,2,137.13,3,137.12,1,137.11,11,137.1,1,137.09,9,137.08,1,137.06,3,137.29,5,137.3,2,137.31,4,137.34,2,137.35,3,137.36,1,137.38,1,137.39,2,137.4,2,137.41,1
2020-10-29 09:31:31,137.225,137.29,2,137.16,3,137.29,5,137.29,137.16,137.16,3,137.15,3,137.14,2,137.13,3,137.12,1,137.11,11,137.1,1,137.09,9,137.08,1,137.06,3,137.29,5,137.3,2,137.31,4,137.34,2,137.35,3,137.36,1,137.38,1,137.39,2,137.4,2,137.41,1
2020-10-29 09:31:32,137.225,137.23,1,137.16,3,137.29,5,137.29,137.16,137.16,3,137.15,3,137.14,2,137.13,3,137.12,1,137.11,11,137.1,1,137.09,9,137.08,1,137.06,3,137.29,5,137.3,2,137.31,4,137.34,2,137.35,3,137.36,1,137.38,1,137.39,2,137.4,2,137.41,1
2020-10-29 09:31:33,137.225,137.23,1,137.16,3,137.29,5,137.29,137.16,137.16,3,137.15,3,137.14,2,137.13,3,137.12,1,137.11,11,137.1,1,137.09,9,137.08,1,137.06,3,137.29,5,137.3,2,137.31,4,137.34,2,137.35,3,137.36,1,137.38,1,137.39,2,137.4,2,137.41,1
2020-10-29 09:31:34,137.145,137.16,1,137.09,10,137.2,2,137.2,137.09,137.09,10,137.08,1,137.06,3,137.04,14,137.0,8,136.99,8,136.98,1,136.96,3,136.95,9,136.94,7,137.2,2,137.21,2,137.24,2,137.25,4,137.27,1,137.29,5,137.3,2,137.31,4,137.34,2,137.35,3
2020-10-29 09:31:35,137.145,137.16,1,137.09,10,137.2,2,137.2,137.09,137.09,10,137.08,1,137.06,3,137.04,14,137.0,8,136.99,8,136.98,1,136.96,3,136.95,9,136.94,7,137.2,2,137.21,2,137.24,2,137.25,4,137.27,1,137.29,5,137.3,2,137.31,4,137.34,2,137.35,3
2020-10-29 09:31:36,137.145,137.15,1,137.09,7,137.2,3,137.2,137.09,137.09,7,137.08,1,137.06,3,137.04,14,137.0,8,136.99,8,136.98,1,136.96,3,136.95,9,136.94,7,137.2,3,137.21,2,137.24,2,137.25,4,137.27,1,137.29,5,137.3,2,137.31,4,137.34,2,137.35,3
2020-10-29 09:31:37,137.155,137.15,1,137.11,3,137.2,3,137.2,137.11,137.11,3,137.1,4,137.09,7,137.08,1,137.06,3,137.04,14,137.0,8,136.99,8,136.98,1,136.96,3,137.2,3,137.21,2,137.24,2,137.25,4,137.27,1,137.29,5,137.3,2,137.31,4,137.34,2,137.35,3
2020-10-29 09:31:38,137.155,137.15,1,137.11,3,137.2,3,137.2,137.11,137.11,3,137.1,9,137.09,7,137.08,1,137.06,3,137.04,14,137.0,8,136.99,8,136.98,1,136.96,3,137.2,3,137.21,2,137.24,2,137.25,4,137.27,1,137.29,5,137.3,2,137.31,4,137.34,2,137.35,3
2020-10-29 09:31:39,137.16,137.15,1,137.12,3,137.2,3,137.2,137.12,137.12,3,137.11,3,137.1,9,137.09,7,137.08,1,137.06,3,137.04,14,137.0,8,136.99,8,136.98,1,137.2,3,137.21,2,137.24,2,137.25,4,137.27,1,137.29,5,137.3,2,137.31,4,137.34,2,137.35,3
2020-10-29 09:31:40,137.155,137.13,1,137.11,8,137.2,4,137.2,137.11,137.11,8,137.1,9,137.09,7,137.08,1,137.06,3,137.04,14,137.0,8,136.99,8,136.98,1,136.96,3,137.2,4,137.21,2,137.24,2,137.25,4,137.27,1,137.29,5,137.3,2,137.31,4,137.34,2,137.35,3
2020-10-29 09:31:41,137.155,137.13,1,137.11,8,137.2,4,137.2,137.11,137.11,8,137.1,9,137.09,7,137.08,1,137.06,3,137.04,14,137.0,8,136.99,8,136.98,1,136.96,3,137.2,4,137.21,2,137.24,2,137.25,4,137.27,1,137.29,5,137.3,2,137.31,4,137.34,2,137.35,3
2020-10-29 09:31:42,137.155,137.13,1,137.11,7,137.2,4,137.2,137.11,137.11,7,137.1,9,137.09,7,137.08,1,137.06,3,137.04,14,137.0,8,136.99,8,136.98,1,136.96,3,137.2,4,137.21,2,137.24,2,137.25,4,137.27,1,137.29,5,137.3,2,137.31,4,137.34,2,137.35,3
2020-10-29 09:31:43,137.155,137.13,1,137.11,7,137.2,4,137.2,137.11,137.11,7,137.1,9,137.09,7,137.08,1,137.06,3,137.04,14,137.0,8,136.99,8,136.98,1,136.96,3,137.2,4,137.21,2,137.24,2,137.25,4,137.27,1,137.29,5,137.3,2,137.31,4,137.34,2,137.35,3
2020-10-29 09:31:44,137.11,137.08,1,137.05,1,137.17,3,137.17,137.05,137.05,1,137.04,14,137.0,8,136.99,8,136.98,1,136.96,3,136.95,9,136.94,7,136.91,3,,,137.17,3,137.18,1,137.19,1,137.2,7,137.21,2,137.24,2,137.25,4,137.27,1,137.29,5,137.3,2
2020-10-29 09:31:45,137.13,137.17,1,137.07,3,137.19,3,137.19,137.07,137.07,3,137.06,1,137.05,6,137.04,14,137.0,8,136.99,8,136.98,1,136.96,3,136.95,9,136.94,7,137.19,3,137.2,6,137.21,2,137.24,2,137.25,4,137.27,1,137.29,5,137.3,2,137.31,4,137.34,2
2020-10-29 09:31:46,137.13,137.18,1,137.07,8,137.19,3,137.19,137.07,137.07,8,137.06,1,137.05,6,137.04,14,137.0,8,136.99,8,136.98,1,136.96,3,136.95,9,136.94,7,137.19,3,137.2,6,137.21,2,137.24,2,137.25,4,137.27,1,137.29,5,137.3,2,137.31,4,137.34,2
2020-10-29 09:31:47,137.125,137.18,1,137.07,8,137.18,3,137.18,137.07,137.07,8,137.06,1,137.05,6,137.04,14,137.0,8,136.99,8,136.98,1,136.96,3,136.95,9,136.94,7,137.18,3,137.19,3,137.2,6,137.21,2,137.24,2,137.25,4,137.27,1,137.29,5,137.3,2,137.31,4
2020-10-29 09:31:48,137.125,137.18,1,137.07,8,137.18,3,137.18,137.07,137.07,8,137.06,1,137.05,6,137.04,14,137.0,8,136.99,8,136.98,1,136.96,3,136.95,9,136.94,7,137.18,3,137.19,2,137.2,6,137.21,2,137.24,2,137.25,4,137.27,1,137.29,5,137.3,2,137.31,4
2020-10-29 09:31:49,137.1,137.18,1,137.07,8,137.13,1,137.13,137.07,137.07,8,137.06,1,137.05,6,137.04,14,137.0,8,136.99,8,136.98,1,136.96,3,136.95,9,136.94,7,137.13,1,137.16,5,137.18,3,137.19,2,137.2,6,137.21,2,137.24,2,137.25,4,137.27,1,137.29,5
2020-10-29 09:31:50,137.11,137.18,1,137.07,8,137.15,1,137.15,137.07,137.07,8,137.06,1,137.05,6,137.04,14,137.0,8,136.99,8,136.98,1,136.96,3,136.95,9,136.94,7,137.15,1,137.16,5,137.18,3,137.19,2,137.2,6,137.21,2,137.24,2,137.25,4,137.27,1,137.29,5
2020-10-29 09:31:51,137.11,137.18,1,137.07,8,137.15,1,137.15,137.07,137.07,8,137.06,1,137.05,6,137.04,14,137.0,8,136.99,8,136.98,1,136.96,3,136.95,9,136.94,7,137.15,1,137.16,5,137.18,3,137.19,2,137.2,6,137.21,2,137.24,2,137.25,4,137.27,1,137.29,5
2020-10-29 09:31:52,137.11,137.18,1,137.07,8,137.15,1,137.15,137.07,137.07,8,137.06,1,137.05,6,137.04,14,137.0,8,136.99,8,136.98,1,136.96,3,136.95,9,136.94,7,137.15,1,137.16,5,137.18,3,137.19,2,137.2,6,137.21,2,137.24,2,137.25,4,137.27,1,137.29,5
2020-10-29 09:31:53,137.11,137.18,1,137.07,8,137.15,3,137.15,137.07,137.07,8,137.06,1,137.05,6,137.04,14,137.0,8,136.99,8,136.98,1,136.96,3,136.95,9,136.94,7,137.15,3,137.16,5,137.18,3,137.19,2,137.2,6,137.21,2,137.24,2,137.25,4,137.27,1,137.29,5
2020-10-29 09:31:54,137.11,137.18,1,137.07,8,137.15,3,137.15,137.07,137.07,8,137.06,1,137.05,6,137.04,14,137.0,8,136.99,8,136.98,1,136.96,3,136.95,9,136.94,7,137.15,3,137.16,5,137.18,3,137.19,2,137.2,6,137.21,2,137.24,2,137.25,4,137.27,1,137.29,5
2020-10-29 09:31:55,137.11,137.18,1,137.07,8,137.15,3,137.15,137.07,137.07,8,137.06,1,137.05,6,137.04,14,137.0,8,136.99,8,136.98,1,136.96,3,136.95,9,136.94,7,137.15,3,137.16,5,137.18,3,137.19,2,137.2,6,137.21,2,137.24,2,137.25,4,137.27,1,137.29,5
2020-10-29 09:31:56,137.01,137.01,1,136.98,1,137.04,3,137.04,136.98,136.98,1,136.95,8,136.94,7,136.91,3,,,,,,,,,,,,,137.04,3,137.08,2,137.09,2,137.12,1,137.13,1,137.15,6,137.16,5,137.18,3,137.19,2,137.2,6
2020-10-29 09:31:57,136.97,136.95,1,136.93,1,137.01,3,137.01,136.93,136.93,1,136.91,3,,,,,,,,,,,,,,,,,137.01,3,137.04,3,137.08,2,137.09,2,137.12,1,137.13,1,137.15,6,137.16,5,137.18,3,137.19,2
2020-10-29 09:31:58,136.935,136.97,1,136.91,2,136.96,1,136.96,136.91,136.91,2,,,,,,,,,,,,,,,,,,,136.96,1,136.97,3,137.01,4,137.04,3,137.08,2,137.09,2,137.12,1,137.13,1,137.15,6,137.16,5
2020-10-29 09:31:59,136.99,137.04,1,136.94,8,137.04,5,137.04,136.94,136.94,8,136.92,2,136.91,6,,,,,,,,,,,,,,,137.04,5,137.08,2,137.09,2,137.12,1,137.13,1,137.15,6,137.16,5,137.18,3,137.19,2,137.2,6
2020-10-29 09:32:00,137.015,137.08,1,136.94,10,137.09,5,137.09,136.94,136.94,10,136.92,2,136.91,6,,,,,,,,,,,,,,,137.09,5,137.12,1,137.13,1,137.15,6,137.16,5,137.18,3,137.19,2,137.2,6,137.21,2,137.24,2
2020-10-29 09:32:01,137.085,137.08,1,137.02,7,137.15,5,137.15,137.02,137.02,7,137.0,1,136.97,1,136.95,1,136.94,10,136.92,2,136.91,6,,,,,,,137.15,5,137.16,5,137.18,3,137.19,2,137.2,6,137.21,2,137.24,2,137.25,4,137.27,1,137.29,5
2020-10-29 09:32:02,137.085,137.13,1,137.02,12,137.15,6,137.15,137.02,137.02,12,137.0,1,136.97,1,136.95,1,136.94,10,136.92,2,136.91,6,,,,,,,137.15,6,137.16,5,137.18,3,137.19,2,137.2,6,137.21,2,137.24,2,137.25,4,137.27,1,137.29,5
2020-10-29 09:32:03,137.085,137.13,1,137.02,14,137.15,6,137.15,137.02,137.02,14,137.0,1,136.97,1,136.95,1,136.94,10,136.92,2,136.91,6,,,,,,,137.15,6,137.16,5,137.18,3,137.19,2,137.2,6,137.21,2,137.24,2,137.25,4,137.27,1,137.29,5
2020-10-29 09:32:04,137.15,137.15,1,137.1,5,137.2,2,137.2,137.1,137.1,5,137.09,7,137.07,1,137.03,2,137.02,14,137.0,1,136.97,1,136.95,1,136.94,10,136.92,2,137.2,2,137.21,1,137.22,1,137.24,2,137.25,4,137.27,1,137.29,5,137.3,2,137.31,4,137.34,2
2020-10-29 09:32:05,137.15,137.15,1,137.1,5,137.2,1,137.2,137.1,137.1,5,137.09,7,137.07,1,137.03,2,137.02,14,137.0,1,136.97,1,136.95,1,136.94,10,136.92,2,137.2,1,137.21,1,137.22,1,137.24,2,137.25,4,137.27,1,137.29,5,137.3,2,137.31,4,137.34,2
2020-10-29 09:32:06,137.15,137.15,1,137.1,5,137.2,1,137.2,137.1,137.1,5,137.09,7,137.07,1,137.03,2,137.02,14,137.0,1,136.97,1,136.95,1,136.94,10,136.92,2,137.2,1,137.21,1,137.22,1,137.24,2,137.25,4,137.27,1,137.29,5,137.3,2,137.31,4,137.34,2
2020-10-29 09:32:07,137.14,137.18,1,137.1,12,137.18,1,137.18,137.1,137.1,12,137.09,7,137.07,1,137.03,2,137.02,14,137.0,1,136.97,1,136.95,1,136.94,10,136.92,2,137.18,1,137.19,1,137.2,1,137.21,1,137.22,1,137.24,2,137.25,4,137.27,1,137.29,5,137.3,2
2020-10-29 09:32:08,137.155,137.17,1,137.1,12,137.21,1,137.21,137.1,137.1,12,137.09,7,137.07,1,137.03,2,137.02,14,137.0,1,136.97,1,136.95,1,136.94,10,136.92,2,137.21,1,137.22,2,137.24,2,137.25,4,137.27,1,137.29,5,137.3,2,137.31,4,137.34,2,137.35,3
2020-10-29 09:32:09,137.15,137.17,1,137.1,12,137.2,1,137.2,137.1,137.1,12,137.09,7,137.07,1,137.03,2,137.02,14,137.0,1,136.97,1,136.95,1,136.94,10,136.92,2,137.2,1,137.21,1,137.22,2,137.24,2,137.25,4,137.27,1,137.29,5,137.3,2,137.31,4,137.34,2
2020-10-29 09:32:10,137.145,137.17,1,137.1,12,137.19,1,137.19,137.1,137.1,12,137.09,7,137.07,1,137.03,2,137.02,14,137.0,1,136.97,1,136.95,1,136.94,10,136.92,2,137.19,1,137.2,1,137.22,2,137.24,2,137.25,4,137.27,1,137.29,5,137.3,2,137.31,4,137.34,2
2020-10-29 09:32:11,137.135,137.17,1,137.1,12,137.17,1,137.17,137.1,137.1,12,137.09,7,137.07,1,137.03,2,137.02,14,137.0,1,136.97,1,136.95,1,136.94,10,136.92,2,137.17,1,137.18,1,137.19,1,137.2,1,137.22,2,137.24,2,137.25,4,137.27,1,137.29,5,137.3,2
2020-10-29 09:32:12,137.165,137.2,1,137.11,8,137.22,2,137.22,137.11,137.11,8,137.1,10,137.09,7,137.07,1,137.03,2,137.02,14,137.0,1,136.97,1,136.95,1,136.94,10,137.22,2,137.24,2,137.25,4,137.27,1,137.29,5,137.3,2,137.31,4,137.34,2,137.35,3,137.36,1
2020-10-29 09:32:13,137.165,137.16,1,137.11,20,137.22,2,137.22,137.11,137.11,20,137.1,10,137.09,7,137.07,1,137.03,2,137.02,14,137.0,1,136.97,1,136.95,1,136.94,10,137.22,2,137.24,2,137.25,4,137.27,1,137.29,5,137.3,2,137.31,4,137.34,2,137.35,3,137.36,1
2020-10-29 09:32:14,137.205,137.2,1,137.14,3,137.27,2,137.27,137.14,137.14,3,137.13,3,137.12,3,137.11,20,137.1,10,137.09,7,137.07,1,137.03,2,137.02,14,137.0,1,137.27,2,137.28,3,137.29,2,137.3,3,137.31,4,137.34,2,137.35,3,137.36,1,137.38,1,137.39,2
2020-10-29 09:32:15,137.23,137.14,1,137.17,3,137.29,2,137.29,137.17,137.17,3,137.16,3,137.15,1,137.14,9,137.13,3,137.12,3,137.11,20,137.1,10,137.09,7,137.07,1,137.29,2,137.3,3,137.31,4,137.34,2,137.35,3,137.36,1,137.38,1,137.39,2,137.4,2,137.41,1
2020-10-29 09:32:16,137.235,137.14,1,137.17,5,137.3,4,137.3,137.17,137.17,5,137.16,3,137.15,1,137.14,9,137.13,3,137.12,3,137.11,20,137.1,10,137.09,7,137.07,1,137.3,4,137.31,4,137.34,2,137.35,3,137.36,1,137.38,1,137.39,2,137.4,2,137.41,1,137.42,5
2020-10-29 09:32:17,137.235,137.14,1,137.17,8,137.3,4,137.3,137.17,137.17,8,137.16,3,137.15,1,137.14,9,137.13,3,137.12,3,137.11,20,137.1,10,137.09,7,137.07,1,137.3,4,137.31,4,137.34,2,137.35,3,137.36,1,137.38,1,137.39,2,137.4,2,137.41,1,137.42,5
2020-10-29 09:32:18,137.235,137.27,1,137.17,9,137.3,6,137.3,137.17,137.17,9,137.16,3,137.15,1,137.14,9,137.13,3,137.12,3,137.11,20,137.1,10,137.09,7,137.07,1,137.3,6,137.31,4,137.34,2,137.35,3,137.36,1,137.38,1,137.39,2,137.4,2,137.41,1,137.42,5
2020-10-29 09:32:19,137.235,137.27,1,137.17,9,137.3,6,137.3,137.17,137.17,9,137.16,3,137.15,1,137.14,9,137.13,3,137.12,3,137.11,20,137.1,10,137.09,7,137.07,1,137.3,6,137.31,4,137.34,2,137.35,3,137.36,1,137.38,1,137.39,2,137.4,2,137.41,1,137.42,5
2020-10-29 09:32:20,137.235,137.27,1,137.17,8,137.3,6,137.3,137.17,137.17,8,137.16,3,137.15,1,137.14,9,137.13,3,137.12,3,137.11,20,137.1,10,137.09,7,137.07,1,137.3,6,137.31,4,137.34,2,137.35,3,137.36,1,137.38,1,137.39,2,137.4,2,137.41,1,137.42,5
2020-10-29 09:32:21,137.15,137.14,3,137.11,15,137.19,3,137.19,137.11,137.11,15,137.1,10,137.09,7,137.07,1,137.03,2,137.02,14,137.0,1,136.97,1,136.95,1,136.94,10,137.19,3,137.22,5,137.23,1,137.3,7,137.31,4,137.34,2,137.35,3,137.36,1,137.38,1,137.39,2
2020-10-29 09:32:22,137.025,137.09,1,136.98,3,137.07,2,137.07,136.98,136.98,3,136.97,1,136.95,1,136.94,10,136.92,2,136.91,6,,,,,,,,,137.07,2,137.08,1,137.09,2,137.1,4,137.15,3,137.17,1,137.18,1,137.19,3,137.22,5,137.23,1
2020-10-29 09:32:23,137.025,137.09,1,136.98,7,137.07,2,137.07,136.98,136.98,7,136.97,1,136.96,3,136.95,1,136.94,10,136.92,2,136.91,6,,,,,,,137.07,2,137.09,1,137.1,4,137.15,3,137.17,1,137.18,1,137.19,3,137.22,5,137.23,1,137.3,7
2020-10-29 09:32:24,137.04,137.06,1,137.0,7,137.08,1,137.08,137.0,137.0,7,136.98,7,136.97,1,136.96,3,136.95,1,136.94,10,136.92,2,136.91,6,,,,,137.08,1,137.1,5,137.15,3,137.17,1,137.18,1,137.19,3,137.22,5,137.23,1,137.3,7,137.31,4
2020-10-29 09:32:25,137.04,137.07,1,137.0,11,137.08,1,137.08,137.0,137.0,11,136.98,7,136.97,1,136.96,3,136.95,1,136.94,10,136.92,2,136.91,6,,,,,137.08,1,137.1,5,137.15,3,137.17,1,137.18,1,137.19,3,137.22,5,137.23,1,137.3,7,137.31,4
2020-10-29 09:32:26,137.08,137.08,1,137.04,3,137.12,1,137.12,137.04,137.04,3,137.03,1,137.02,3,137.01,2,137.0,11,136.98,7,136.97,1,136.96,3,136.95,1,136.94,10,137.12,1,137.15,3,137.17,1,137.18,1,137.19,3,137.22,5,137.23,1,137.3,7,137.31,4,137.34,2
2020-10-29 09:32:27,137.07,137.04,1,137.02,2,137.12,1,137.12,137.02,137.02,2,137.0,11,136.98,7,136.97,1,136.96,3,136.95,1,136.94,10,136.92,2,136.91,6,,,137.12,1,137.15,3,137.17,1,137.18,1,137.19,3,137.22,5,137.23,1,137.3,7,137.31,4,137.34,2
2020-10-29 09:32:28,137.07,137.11,1,137.02,9,137.12,2,137.12,137.02,137.02,9,137.0,11,136.98,7,136.97,1,136.96,3,136.95,1,136.94,10,136.92,2,136.91,6,,,137.12,2,137.15,3,137.17,1,137.18,1,137.19,3,137.22,5,137.23,1,137.3,7,137.31,4,137.34,2
2020-10-29 09:32:29,137.075,137.12,1,137.03,3,137.12,2,137.12,137.03,137.03,3,137.02,9,137.0,11,136.98,7,136.97,1,136.96,3,136.95,1,136.94,10,136.92,2,136.91,6,137.12,2,137.15,3,137.17,1,137.18,1,137.19,3,137.22,5,137.23,1,137.3,7,137.31,4,137.34,2
2020-10-29 09:32:30,137.14,137.12,1,137.08,3,137.2,2,137.2,137.08,137.08,3,137.03,3,137.02,9,137.0,11,136.98,7,136.97,1,136.96,3,136.95,1,136.94,10,136.92,2,137.2,2,137.22,5,137.23,1,137.3,7,137.31,4,137.34,2,137.35,3,137.36,1,137.38,1,137.39,2
2020-10-29 09:32:31,137.14,137.13,1,137.09,4,137.19,2,137.19,137.09,137.09,4,137.08,9,137.03,3,137.02,9,137.0,11,136.98,7,136.97,1,136.96,3,136.95,1,136.94,10,137.19,2,137.2,4,137.22,5,137.23,1,137.3,7,137.31,4,137.34,2,137.35,3,137.36,1,137.38,1
2020-10-29 09:32:32,137.125,137.13,1,137.09,5,137.16,3,137.16,137.09,137.09,5,137.08,9,137.03,3,137.02,9,137.0,11,136.98,7,136.97,1,136.96,3,136.95,1,136.94,10,137.16,3,137.17,3,137.18,3,137.19,4,137.2,4,137.22,5,137.23,1,137.3,7,137.31,4,137.34,2
2020-10-29 09:32:33,137.08,137.11,1,137.02,5,137.14,2,137.14,137.02,137.02,5,137.0,11,136.98,7,136.97,1,136.96,3,136.95,1,136.94,10,136.92,2,136.91,6,,,137.14,2,137.15,4,137.16,3,137.17,4,137.18,3,137.19,3,137.2,4,137.22,5,137.23,1,137.3,7
2020-10-29 09:32:34,137.095,137.11,1,137.04,3,137.15,3,137.15,137.04,137.04,3,137.03,1,137.02,4,137.0,11,136.98,7,136.97,1,136.96,3,136.95,1,136.94,10,136.92,2,137.15,3,137.16,3,137.17,4,137.18,3,137.19,3,137.2,4,137.22,5,137.23,1,137.3,7,137.31,4
2020-10-29 09:32:35,137.09,137.12,1,137.04,8,137.14,1,137.14,137.04,137.04,8,137.03,1,137.02,4,137.0,11,136.98,7,136.97,1,136.96,3,136.95,1,136.94,10,136.92,2,137.14,1,137.15,3,137.16,3,137.17,4,137.18,3,137.19,3,137.2,4,137.22,5,137.23,1,137.3,7
2020-10-29 09:32:36,137.09,137.12,1,137.04,8,137.14,1,137.14,137.04,137.04,8,137.03,1,137.02,4,137.0,11,136.98,7,136.97,1,136.96,3,136.95,1,136.94,10,136.92,2,137.14,1,137.15,3,137.16,3,137.17,4,137.18,3,137.19,3,137.2,4,137.22,5,137.23,1,137.3,7
2020-10-29 09:32:37,137.115,137.12,1,137.05,4,137.18,1,137.18,137.05,137.05,4,137.04,8,137.03,1,137.02,4,137.0,11,136.98,7,136.97,1,136.96,3,136.95,1,136.94,10,137.18,1,137.19,1,137.2,2,137.21,1,137.22,5,137.23,1,137.3,7,137.31,4,137.34,2,137.35,3
2020-10-29 09:32:38,137.14,137.16,1,137.08,3,137.2,3,137.2,137.08,137.08,3,137.07,1,137.06,2,137.05,4,137.04,8,137.03,1,137.02,4,137.0,11,136.98,7,136.97,1,137.2,3,137.21,1,137.22,5,137.23,1,137.3,7,137.31,4,137.34,2,137.35,3,137.36,1,137.38,1
2020-10-29 09:32:39,137.125,137.16,1,137.08,4,137.17,3,137.17,137.08,137.08,4,137.07,1,137.06,2,137.05,4,137.04,8,137.03,1,137.02,4,137.0,11,136.98,7,136.97,1,137.17,3,137.18,2,137.2,3,137.21,1,137.22,5,137.23,1,137.3,7,137.31,4,137.34,2,137.35,3
2020-10-29 09:32:40,137.02,136.99,1,136.96,3,137.08,4,137.08,136.96,136.96,3,136.95,1,136.94,10,136.92,2,136.91,6,,,,,,,,,,,137.08,4,137.13,1,137.14,1,137.16,3,137.17,3,137.18,2,137.2,3,137.21,1,137.22,5,137.23,1
2020-10-29 09:32:41,137.0,137.01,1,136.95,1,137.05,2,137.05,136.95,136.95,1,136.94,10,136.92,2,136.91,6,,,,,,,,,,,,,137.05,2,137.06,1,137.08,3,137.1,2,137.13,1,137.14,1,137.16,3,137.17,3,137.18,2,137.2,3
2020-10-29 09:32:42,136.94,136.93,1,136.91,3,136.97,1,136.97,136.91,136.91,3,,,,,,,,,,,,,,,,,,,136.97,1,137.0,4,137.01,1,137.02,3,137.05,3,137.06,1,137.08,3,137.1,2,137.13,1,137.14,1
2020-10-29 09:32:43,136.94,136.93,1,136.91,3,136.97,1,136.97,136.91,136.91,3,,,,,,,,,,,,,,,,,,,136.97,1,137.0,4,137.01,1,137.02,3,137.05,3,137.06,1,137.08,3,137.1,2,137.13,1,137.14,1
2020-10-29 09:32:44,136.94,136.93,1,136.91,3,136.97,1,136.97,136.91,136.91,3,,,,,,,,,,,,,,,,,,,136.97,1,137.0,4,137.01,1,137.02,3,137.05,3,137.06,1,137.08,3,137.1,2,137.13,1,137.14,1
2020-10-29 09:32:45,136.925,136.94,3,136.88,1,136.97,3,136.97,136.88,136.88,1,,,,,,,,,,,,,,,,,,,136.97,3,137.0,4,137.01,1,137.02,3,137.05,3,137.06,1,137.08,3,137.1,2,137.13,1,137.14,1
2020-10-29 09:32:47,136.925,136.94,1,136.89,1,136.96,2,136.96,136.89,136.89,1,136.88,5,136.87,1,,,,,,,,,,,,,,,136.96,2,136.97,3,137.0,4,137.01,1,137.02,3,137.05,3,137.06,1,137.08,3,137.1,2,137.13,1
2020-10-29 09:32:47,136.925,136.94,1,136.89,1,136.96,2,136.96,136.89,136.89,1,136.88,5,136.87,1,,,,,,,,,,,,,,,136.96,2,136.97,3,137.0,4,137.01,1,137.02,3,137.05,3,137.06,1,137.08,3,137.1,2,137.13,1
2020-10-29 09:32:48,136.97,136.96,1,136.93,5,137.01,4,137.01,136.93,136.93,5,136.9,2,136.89,1,136.88,5,136.87,1,,,,,,,,,,,137.01,4,137.02,3,137.05,3,137.06,1,137.08,3,137.1,2,137.13,1,137.14,1,137.16,3,137.17,3
2020-10-29 09:32:49,136.97,136.96,1,136.93,5,137.01,4,137.01,136.93,136.93,5,136.9,2,136.89,1,136.88,5,136.87,1,,,,,,,,,,,137.01,4,137.02,3,137.05,3,137.06,1,137.08,3,137.1,2,137.13,1,137.14,1,137.16,3,137.17,3
2020-10-29 09:32:50,136.965,136.97,1,136.92,5,137.01,4,137.01,136.92,136.92,5,136.91,1,136.9,2,136.89,1,136.88,5,136.87,1,,,,,,,,,137.01,4,137.02,3,137.05,3,137.06,1,137.08,3,137.1,2,137.13,1,137.14,1,137.16,3,137.17,3
2020-10-29 09:32:52,136.965,136.97,1,136.92,5,137.01,4,137.01,136.92,136.92,5,136.91,1,136.9,2,136.89,1,136.88,5,136.87,1,,,,,,,,,137.01,4,137.02,3,137.05,3,137.06,1,137.08,3,137.1,2,137.13,1,137.14,1,137.16,3,137.17,3
2020-10-29 09:32:52,136.965,137.01,2,136.92,5,137.01,4,137.01,136.92,136.92,5,136.91,1,136.9,2,136.89,1,136.88,5,136.87,1,,,,,,,,,137.01,4,137.02,3,137.05,3,137.06,1,137.08,3,137.1,2,137.13,1,137.14,1,137.16,3,137.17,3
2020-10-29 09:32:54,136.965,137.01,2,136.92,5,137.01,4,137.01,136.92,136.92,5,136.91,1,136.9,2,136.89,1,136.88,5,136.87,1,,,,,,,,,137.01,4,137.02,3,137.05,3,137.06,1,137.08,3,137.1,2,137.13,1,137.14,1,137.16,3,137.17,3
2020-10-29 09:32:54,136.97,137.01,2,136.93,5,137.01,4,137.01,136.93,136.93,5,136.92,8,136.91,1,136.9,2,136.89,1,136.88,5,136.87,1,,,,,,,137.01,4,137.02,3,137.05,3,137.06,1,137.08,3,137.1,2,137.13,1,137.14,1,137.16,3,137.17,3
2020-10-29 09:32:55,137.06,137.08,1,137.01,2,137.11,4,137.11,137.01,137.01,2,137.0,6,136.99,2,136.98,1,136.97,3,136.93,5,136.92,8,136.91,1,136.9,2,136.89,1,137.11,4,137.13,1,137.14,1,137.16,3,137.17,3,137.18,2,137.2,3,137.21,1,137.22,5,137.23,1
2020-10-29 09:32:57,137.1,137.08,1,137.02,6,137.18,2,137.18,137.02,137.02,6,137.01,2,137.0,6,136.99,2,136.98,1,136.97,3,136.93,5,136.92,8,136.91,1,136.9,2,137.18,2,137.2,3,137.21,1,137.22,5,137.23,1,137.3,7,137.31,4,137.34,2,137.35,3,137.36,1
2020-10-29 09:32:57,137.11,137.11,1,137.07,4,137.15,3,137.15,137.07,137.07,4,137.04,2,137.02,6,137.01,2,137.0,6,136.99,2,136.98,1,136.97,3,136.93,5,136.92,8,137.15,3,137.17,1,137.18,2,137.2,3,137.21,1,137.22,5,137.23,1,137.3,7,137.31,4,137.34,2
2020-10-29 09:32:59,137.125,137.15,1,137.07,4,137.18,2,137.18,137.07,137.07,4,137.04,2,137.02,6,137.01,2,137.0,6,136.99,2,136.98,1,136.97,3,136.93,5,136.92,8,137.18,2,137.2,3,137.21,1,137.22,5,137.23,1,137.3,7,137.31,4,137.34,2,137.35,3,137.36,1
2020-10-29 09:33:00,137.155,137.16,1,137.12,4,137.19,1,137.19,137.12,137.12,4,137.11,2,137.07,6,137.04,2,137.02,6,137.01,2,137.0,6,136.99,2,136.98,1,136.97,3,137.19,1,137.2,3,137.21,1,137.22,5,137.23,1,137.3,7,137.31,4,137.34,2,137.35,3,137.36,1
2020-10-29 09:33:01,137.16,137.16,2,137.12,6,137.2,3,137.2,137.12,137.12,6,137.11,2,137.07,6,137.04,2,137.02,6,137.01,2,137.0,6,136.99,2,136.98,1,136.97,3,137.2,3,137.21,3,137.22,6,137.23,1,137.3,7,137.31,4,137.34,2,137.35,3,137.36,1,137.38,1
2020-10-29 09:33:02,137.105,137.12,1,137.06,3,137.15,1,137.15,137.06,137.06,3,137.05,3,137.04,3,137.02,6,137.01,2,137.0,6,136.99,2,136.98,1,136.97,3,136.93,5,137.15,1,137.16,3,137.17,1,137.18,3,137.19,1,137.2,5,137.21,3,137.22,6,137.23,1,137.3,7
2020-10-29 09:33:03,137.1,137.06,1,137.04,3,137.16,1,137.16,137.04,137.04,3,137.03,1,137.02,9,137.01,2,137.0,6,136.99,2,136.98,1,136.97,3,136.93,5,136.92,8,137.16,1,137.17,2,137.18,3,137.19,1,137.2,5,137.21,3,137.22,6,137.23,1,137.3,7,137.31,4
2020-10-29 09:33:04,137.125,137.16,1,137.08,3,137.17,3,137.17,137.08,137.08,3,137.07,3,137.06,6,137.05,1,137.04,3,137.03,1,137.02,9,137.01,2,137.0,6,136.99,2,137.17,3,137.18,3,137.19,1,137.2,5,137.21,3,137.22,6,137.23,1,137.3,7,137.31,4,137.34,2
2020-10-29 09:33:05,137.125,137.09,4,137.08,3,137.17,3,137.17,137.08,137.08,3,137.07,3,137.06,6,137.05,1,137.04,3,137.03,1,137.02,9,137.01,2,137.0,6,136.99,2,137.17,3,137.18,3,137.19,1,137.2,5,137.21,3,137.22,6,137.23,1,137.3,7,137.31,4,137.34,2
2020-10-29 09:33:06,137.125,137.09,1,137.08,2,137.17,6,137.17,137.08,137.08,2,137.06,6,137.05,1,137.04,3,137.03,1,137.02,9,137.01,2,137.0,6,136.99,2,136.98,1,137.17,6,137.18,3,137.19,1,137.2,5,137.21,3,137.22,6,137.23,1,137.3,7,137.31,4,137.34,2
2020-10-29 09:33:07,137.065,137.06,1,137.01,2,137.12,3,137.12,137.01,137.01,2,137.0,1,136.99,2,136.98,2,136.97,3,136.93,5,136.92,8,136.91,1,136.9,2,136.89,1,137.12,3,137.13,2,137.14,5,137.15,3,137.16,1,137.17,6,137.18,3,137.19,1,137.2,5,137.21,3
2020-10-29 09:33:08,137.085,137.06,1,137.04,2,137.13,3,137.13,137.04,137.04,2,137.03,2,137.02,2,137.01,2,137.0,1,136.99,2,136.98,2,136.97,3,136.93,5,136.92,8,137.13,3,137.14,5,137.15,3,137.16,1,137.17,6,137.18,3,137.19,1,137.2,5,137.21,3,137.22,6
2020-10-29 09:33:09,137.075,136.98,1,137.02,4,137.13,6,137.13,137.02,137.02,4,137.01,1,137.0,3,136.99,2,136.98,1,136.97,3,136.93,5,136.92,8,136.91,1,136.9,2,137.13,6,137.14,5,137.15,3,137.16,1,137.17,6,137.18,3,137.19,1,137.2,5,137.21,3,137.22,6
2020-10-29 09:33:10,137.02,136.97,1,136.95,2,137.09,6,137.09,136.95,136.95,2,136.93,5,136.92,8,136.91,1,136.9,2,136.89,1,136.88,5,136.87,1,,,,,137.09,6,137.1,5,137.12,2,137.13,6,137.14,5,137.15,3,137.16,1,137.17,6,137.18,3,137.19,1
2020-10-29 09:33:11,137.04,136.97,1,136.98,1,137.1,5,137.1,136.98,136.98,1,136.97,1,136.96,1,136.95,2,136.93,5,136.92,8,136.91,1,136.9,2,136.89,1,136.88,5,137.1,5,137.12,2,137.13,6,137.14,5,137.15,3,137.16,1,137.17,6,137.18,3,137.19,1,137.2,5
2020-10-29 09:33:12,137.04,137.04,4,136.98,1,137.1,5,137.1,136.98,136.98,1,136.97,1,136.96,1,136.95,2,136.93,5,136.92,8,136.91,1,136.9,2,136.89,1,136.88,5,137.1,5,137.12,2,137.13,6,137.14,5,137.15,3,137.16,1,137.17,6,137.18,3,137.19,1,137.2,5
2020-10-29 09:33:13,137.04,137.04,4,136.98,1,137.1,5,137.1,136.98,136.98,1,136.97,1,136.96,1,136.95,2,136.93,5,136.92,8,136.91,1,136.9,2,136.89,1,136.88,5,137.1,5,137.12,2,137.13,6,137.14,5,137.15,3,137.16,1,137.17,6,137.18,3,137.19,1,137.2,5
2020-10-29 09:33:14,137.075,137.04,4,137.02,1,137.13,6,137.13,137.02,137.02,1,137.01,1,137.0,1,136.99,1,136.98,6,136.97,1,136.96,1,136.95,2,136.93,5,136.92,8,137.13,6,137.14,5,137.15,3,137.16,1,137.17,6,137.18,3,137.19,1,137.2,5,137.21,3,137.22,6
2020-10-29 09:33:15,137.055,137.04,4,137.0,1,137.11,5,137.11,137.0,137.0,1,136.99,1,136.98,6,136.97,1,136.96,1,136.95,2,136.93,5,136.92,8,136.91,1,136.9,2,137.11,5,137.12,5,137.13,7,137.14,5,137.15,3,137.16,1,137.17,6,137.18,3,137.19,1,137.2,5
2020-10-29 09:33:16,136.965,136.98,1,136.93,9,137.0,3,137.0,136.93,136.93,9,136.92,8,136.91,1,136.9,2,136.89,1,136.88,5,136.87,1,,,,,,,137.0,3,137.03,4,137.04,2,137.07,6,137.1,5,137.11,5,137.12,5,137.13,7,137.14,5,137.15,3
2020-10-29 09:33:17,136.965,136.98,1,136.93,9,137.0,3,137.0,136.93,136.93,9,136.92,8,136.91,1,136.9,2,136.89,1,136.88,5,136.87,1,,,,,,,137.0,3,137.03,4,137.04,2,137.07,6,137.1,5,137.11,5,137.12,5,137.13,7,137.14,5,137.15,3
2020-10-29 09:33:18,137.05,136.98,1,136.99,2,137.11,6,137.11,136.99,136.99,2,136.98,2,136.97,2,136.93,9,136.92,8,136.91,1,136.9,2,136.89,1,136.88,5,136.87,1,137.11,6,137.12,5,137.13,7,137.14,5,137.15,3,137.16,1,137.17,6,137.18,3,137.19,1,137.2,5
2020-10-29 09:33:18,137.03,137.03,1,136.97,3,137.09,4,137.09,136.97,136.97,3,136.93,9,136.92,8,136.91,1,136.9,2,136.89,1,136.88,5,136.87,1,,,,,137.09,4,137.1,2,137.11,6,137.12,5,137.13,7,137.14,5,137.15,3,137.16,1,137.17,6,137.18,3
2020-10-29 09:33:20,137.03,137.03,1,136.97,3,137.09,4,137.09,136.97,136.97,3,136.93,9,136.92,8,136.91,1,136.9,2,136.89,1,136.88,5,136.87,1,,,,,137.09,4,137.1,2,137.11,6,137.12,5,137.13,7,137.14,5,137.15,3,137.16,1,137.17,6,137.18,3
2020-10-29 09:33:21,137.04,137.08,1,136.98,2,137.1,1,137.1,136.98,136.98,2,136.97,3,136.93,9,136.92,8,136.91,1,136.9,2,136.89,1,136.88,5,136.87,1,,,137.1,1,137.11,6,137.12,5,137.13,7,137.14,5,137.15,3,137.16,1,137.17,6,137.18,3,137.19,1
2020-10-29 09:33:22,137.035,137.08,1,136.98,3,137.09,2,137.09,136.98,136.98,3,136.97,3,136.93,9,136.92,8,136.91,1,136.9,2,136.89,1,136.88,5,136.87,1,,,137.09,2,137.1,3,137.11,6,137.12,5,137.13,7,137.14,5,137.15,3,137.16,1,137.17,6,137.18,3
2020-10-29 09:33:23,137.045,137.08,1,137.0,2,137.09,2,137.09,137.0,137.0,2,136.98,9,136.97,3,136.93,9,136.92,8,136.91,1,136.9,2,136.89,1,136.88,5,136.87,1,137.09,2,137.1,3,137.11,6,137.12,5,137.13,7,137.14,5,137.15,3,137.16,1,137.17,6,137.18,3
2020-10-29 09:33:24,137.05,137.08,1,137.0,3,137.1,1,137.1,137.0,137.0,3,136.98,9,136.97,3,136.93,9,136.92,8,136.91,1,136.9,2,136.89,1,136.88,5,136.87,1,137.1,1,137.11,6,137.12,5,137.13,7,137.14,5,137.15,3,137.16,1,137.17,6,137.18,3,137.19,1
2020-10-29 09:33:25,137.045,137.08,1,137.0,3,137.09,2,137.09,137.0,137.0,3,136.98,9,136.97,3,136.93,9,136.92,8,136.91,1,136.9,2,136.89,1,136.88,5,136.87,1,137.09,2,137.1,1,137.11,6,137.12,5,137.13,7,137.14,5,137.15,3,137.16,1,137.17,6,137.18,3
2020-10-29 09:33:26,137.08,137.11,1,137.05,1,137.11,6,137.11,137.05,137.05,1,137.04,11,137.01,1,137.0,3,136.98,9,136.97,3,136.93,9,136.92,8,136.91,1,136.9,2,137.11,6,137.12,5,137.13,7,137.14,5,137.15,3,137.16,1,137.17,6,137.18,3,137.19,1,137.2,5
2020-10-29 09:33:27,137.115,137.11,1,137.08,5,137.15,2,137.15,137.08,137.08,5,137.07,1,137.06,2,137.05,1,137.04,11,137.01,1,137.0,3,136.98,9,136.97,3,136.93,9,137.15,2,137.16,2,137.17,7,137.18,3,137.19,1,137.2,5,137.21,3,137.22,6,137.23,1,137.3,7
2020-10-29 09:33:28,137.125,137.11,1,137.08,5,137.17,8,137.17,137.08,137.08,5,137.07,1,137.06,2,137.05,1,137.04,11,137.01,1,137.0,3,136.98,9,136.97,3,136.93,9,137.17,8,137.18,3,137.19,1,137.2,5,137.21,3,137.22,6,137.23,1,137.3,7,137.31,4,137.34,2
2020-10-29 09:33:29,137.125,137.11,1,137.08,9,137.17,11,137.17,137.08,137.08,9,137.07,1,137.06,2,137.05,1,137.04,11,137.01,1,137.0,3,136.98,9,136.97,3,136.93,9,137.17,11,137.18,3,137.19,1,137.2,5,137.21,3,137.22,6,137.23,1,137.3,7,137.31,4,137.34,2
2020-10-29 09:33:30,137.125,137.13,1,137.08,11,137.17,11,137.17,137.08,137.08,11,137.07,1,137.06,2,137.05,1,137.04,11,137.01,1,137.0,3,136.98,9,136.97,3,136.93,9,137.17,11,137.18,3,137.19,1,137.2,5,137.21,3,137.22,6,137.23,1,137.3,7,137.31,4,137.34,2
2020-10-29 09:33:31,137.095,137.08,1,137.05,1,137.14,4,137.14,137.05,137.05,1,137.04,9,137.01,1,137.0,3,136.98,9,136.97,3,136.93,9,136.92,8,136.91,1,136.9,2,137.14,4,137.15,3,137.17,12,137.18,3,137.19,1,137.2,5,137.21,3,137.22,6,137.23,1,137.3,7
2020-10-29 09:33:32,137.1,137.09,1,137.05,8,137.15,2,137.15,137.05,137.05,8,137.04,9,137.01,1,137.0,3,136.98,9,136.97,3,136.93,9,136.92,8,136.91,1,136.9,2,137.15,2,137.16,1,137.17,12,137.18,3,137.19,1,137.2,5,137.21,3,137.22,6,137.23,1,137.3,7
2020-10-29 09:33:33,137.1,137.09,1,137.05,9,137.15,1,137.15,137.05,137.05,9,137.04,9,137.01,1,137.0,3,136.98,9,136.97,3,136.93,9,136.92,8,136.91,1,136.9,2,137.15,1,137.16,5,137.17,12,137.18,3,137.19,1,137.2,5,137.21,3,137.22,6,137.23,1,137.3,7
2020-10-29 09:33:34,136.97,137.0,1,136.93,7,137.01,4,137.01,136.93,136.93,7,136.92,8,136.91,1,136.9,2,136.89,1,136.88,5,136.87,1,,,,,,,137.01,4,137.02,2,137.06,3,137.08,3,137.09,5,137.1,4,137.11,5,137.12,2,137.13,3,137.14,2
2020-10-29 09:33:35,136.96,137.0,1,136.91,3,137.01,5,137.01,136.91,136.91,3,136.9,2,136.89,1,136.88,5,136.87,1,,,,,,,,,,,137.01,5,137.02,2,137.06,3,137.08,3,137.09,5,137.1,4,137.11,5,137.12,2,137.13,3,137.14,2
2020-10-29 09:33:36,136.955,137.0,1,136.91,3,137.0,2,137.0,136.91,136.91,3,136.9,2,136.89,1,136.88,5,136.87,1,,,,,,,,,,,137.0,2,137.01,5,137.02,2,137.06,3,137.08,3,137.09,5,137.1,4,137.11,5,137.12,2,137.13,3
2020-10-29 09:33:37,136.945,136.88,1,136.89,2,137.0,3,137.0,136.89,136.89,2,136.88,1,136.87,5,,,,,,,,,,,,,,,137.0,3,137.01,5,137.02,2,137.06,3,137.08,3,137.09,5,137.1,4,137.11,5,137.12,2,137.13,3
2020-10-29 09:33:38,136.945,136.88,1,136.89,2,137.0,3,137.0,136.89,136.89,2,136.88,1,136.87,5,,,,,,,,,,,,,,,137.0,3,137.01,5,137.02,2,137.06,3,137.08,3,137.09,5,137.1,4,137.11,5,137.12,2,137.13,3
2020-10-29 09:33:39,136.905,136.94,2,136.87,7,136.94,2,136.94,136.87,136.87,7,,,,,,,,,,,,,,,,,,,136.94,2,136.97,1,136.98,1,136.99,3,137.0,3,137.01,5,137.02,2,137.06,3,137.08,3,137.09,5
2020-10-29 09:33:40,136.905,136.94,1,136.87,7,136.94,1,136.94,136.87,136.87,7,,,,,,,,,,,,,,,,,,,136.94,1,136.97,1,136.98,1,136.99,3,137.0,3,137.01,5,137.02,2,137.06,3,137.08,3,137.09,5
2020-10-29 09:33:41,136.92,136.94,1,136.87,7,136.97,3,136.97,136.87,136.87,7,,,,,,,,,,,,,,,,,,,136.97,3,136.98,1,136.99,3,137.0,3,137.01,5,137.02,2,137.06,3,137.08,3,137.09,5,137.1,4
2020-10-29 09:33:42,136.905,136.94,1,136.87,7,136.94,1,136.94,136.87,136.87,7,,,,,,,,,,,,,,,,,,,136.94,1,136.97,2,136.98,1,136.99,3,137.0,3,137.01,5,137.02,2,137.06,3,137.08,3,137.09,5
2020-10-29 09:33:43,136.92,136.94,1,136.87,7,136.97,2,136.97,136.87,136.87,7,,,,,,,,,,,,,,,,,,,136.97,2,136.98,1,136.99,3,137.0,3,137.01,5,137.02,2,137.06,3,137.08,3,137.09,5,137.1,4
2020-10-29 09:33:44,136.92,136.94,1,136.87,7,136.97,2,136.97,136.87,136.87,7,,,,,,,,,,,,,,,,,,,136.97,2,136.98,1,136.99,3,137.0,3,137.01,5,137.02,2,137.06,3,137.08,3,137.09,5,137.1,4
2020-10-29 09:33:45,136.97,136.97,1,136.93,2,137.01,3,137.01,136.93,136.93,2,136.92,1,136.91,2,136.89,3,136.88,2,136.87,7,,,,,,,,,137.01,3,137.02,2,137.06,3,137.08,3,137.09,5,137.1,4,137.11,5,137.12,2,137.13,3,137.14,2
2020-10-29 09:33:46,136.97,136.97,1,136.93,5,137.01,3,137.01,136.93,136.93,5,136.92,1,136.91,2,136.89,3,136.88,2,136.87,7,,,,,,,,,137.01,3,137.02,2,137.06,3,137.08,3,137.09,5,137.1,4,137.11,5,137.12,2,137.13,3,137.14,2
2020-10-29 09:33:48,136.97,136.97,1,136.93,5,137.01,3,137.01,136.93,136.93,5,136.92,1,136.91,2,136.89,3,136.88,2,136.87,7,,,,,,,,,137.01,3,137.02,2,137.06,3,137.08,3,137.09,5,137.1,4,137.11,5,137.12,2,137.13,3,137.14,2
2020-10-29 09:33:48,137.0,137.03,2,136.93,8,137.07,2,137.07,136.93,136.93,8,136.92,1,136.91,2,136.89,3,136.88,2,136.87,7,,,,,,,,,137.07,2,137.08,2,137.09,5,137.1,4,137.11,5,137.12,2,137.13,3,137.14,2,137.15,4,137.16,5
2020-10-29 09:33:49,137.005,137.03,2,136.94,6,137.07,3,137.07,136.94,136.94,6,136.93,8,136.92,1,136.91,2,136.89,3,136.88,2,136.87,7,,,,,,,137.07,3,137.08,2,137.09,5,137.1,4,137.11,5,137.12,2,137.13,3,137.14,2,137.15,4,137.16,5
2020-10-29 09:33:50,137.01,137.01,1,136.95,5,137.07,3,137.07,136.95,136.95,5,136.94,6,136.93,8,136.92,1,136.91,2,136.89,3,136.88,2,136.87,7,,,,,137.07,3,137.08,2,137.09,5,137.1,4,137.11,5,137.12,2,137.13,3,137.14,2,137.15,4,137.16,5
2020-10-29 09:33:51,136.915,136.9,1,136.89,1,136.94,3,136.94,136.89,136.89,1,136.88,5,136.87,6,,,,,,,,,,,,,,,136.94,3,136.95,5,137.0,2,137.02,1,137.07,3,137.08,2,137.09,5,137.1,4,137.11,5,137.12,2
2020-10-29 09:33:52,136.985,136.9,1,136.93,2,137.04,3,137.04,136.93,136.93,2,136.92,1,136.91,2,136.9,1,136.89,2,136.88,5,136.87,6,,,,,,,137.04,3,137.07,3,137.08,2,137.09,5,137.1,4,137.11,5,137.12,2,137.13,3,137.14,2,137.15,4
2020-10-29 09:33:53,136.97,136.93,1,136.92,2,137.02,2,137.02,136.92,136.92,2,136.91,2,136.9,1,136.89,2,136.88,5,136.87,6,,,,,,,,,137.02,2,137.03,2,137.04,3,137.07,3,137.08,2,137.09,5,137.1,4,137.11,5,137.12,2,137.13,3
2020-10-29 09:33:54,136.975,136.93,1,136.92,1,137.03,2,137.03,136.92,136.92,1,136.91,2,136.9,1,136.89,2,136.88,5,136.87,6,,,,,,,,,137.03,2,137.04,3,137.07,3,137.08,2,137.09,5,137.1,4,137.11,5,137.12,2,137.13,3,137.14,2
2020-10-29 09:33:55,137.0,136.93,1,136.93,2,137.07,2,137.07,136.93,136.93,2,136.92,1,136.91,2,136.9,1,136.89,2,136.88,5,136.87,6,,,,,,,137.07,2,137.08,2,137.09,5,137.1,4,137.11,5,137.12,2,137.13,3,137.14,2,137.15,4,137.16,5
2020-10-29 09:33:56,137.045,137.04,1,137.01,1,137.08,2,137.08,137.01,137.01,1,137.0,1,136.97,1,136.93,2,136.92,1,136.91,2,136.9,1,136.89,2,136.88,5,136.87,6,137.08,2,137.09,4,137.1,4,137.11,5,137.12,2,137.13,3,137.14,2,137.15,4,137.16,5,137.17,12
2020-10-29 09:33:57,137.045,137.04,1,137.01,2,137.08,2,137.08,137.01,137.01,2,137.0,1,136.97,1,136.93,2,136.92,1,136.91,2,136.9,1,136.89,2,136.88,5,136.87,6,137.08,2,137.09,4,137.1,4,137.11,5,137.12,2,137.13,3,137.14,2,137.15,4,137.16,5,137.17,12
2020-10-29 09:33:58,137.005,137.0,1,136.96,1,137.05,2,137.05,136.96,136.96,1,136.95,2,136.93,2,136.92,1,136.91,2,136.9,1,136.89,2,136.88,5,136.87,6,,,137.05,2,137.07,2,137.08,2,137.09,4,137.1,4,137.11,5,137.12,2,137.13,3,137.14,2,137.15,4
2020-10-29 09:33:59,137.005,137.0,1,136.96,1,137.05,4,137.05,136.96,136.96,1,136.95,2,136.93,2,136.92,1,136.91,2,136.9,1,136.89,2,136.88,5,136.87,6,,,137.05,4,137.07,2,137.08,2,137.09,4,137.1,4,137.11,5,137.12,2,137.13,3,137.14,2,137.15,4
2020-10-29 09:34:00,137.02,137.0,1,136.97,2,137.07,5,137.07,136.97,136.97,2,136.96,5,136.95,2,136.93,2,136.92,1,136.91,2,136.9,1,136.89,2,136.88,5,136.87,6,137.07,5,137.08,1,137.09,5,137.1,4,137.11,5,137.12,2,137.13,3,137.14,2,137.15,4,137.16,5
2020-10-29 09:34:01,136.96,136.96,2,136.89,5,137.03,4,137.03,136.89,136.89,5,136.88,5,136.87,6,,,,,,,,,,,,,,,137.03,4,137.05,2,137.06,2,137.07,5,137.08,1,137.09,5,137.1,4,137.11,5,137.12,2,137.13,3
2020-10-29 09:34:02,136.96,136.96,2,136.89,2,137.03,4,137.03,136.89,136.89,2,136.88,2,136.87,7,,,,,,,,,,,,,,,137.03,4,137.05,2,137.06,2,137.07,5,137.08,1,137.09,5,137.1,4,137.11,5,137.12,2,137.13,3
2020-10-29 09:34:03,136.96,136.96,2,136.89,2,137.03,4,137.03,136.89,136.89,2,136.88,2,136.87,7,,,,,,,,,,,,,,,137.03,4,137.05,2,137.06,2,137.07,5,137.08,1,137.09,5,137.1,4,137.11,5,137.12,2,137.13,3
2020-10-29 09:34:05,136.945,136.96,2,136.87,7,137.02,3,137.02,136.87,136.87,7,,,,,,,,,,,,,,,,,,,137.02,3,137.03,4,137.05,2,137.06,2,137.07,5,137.08,1,137.09,5,137.1,4,137.11,5,137.12,2
2020-10-29 09:34:05,136.945,136.96,2,136.87,7,137.02,3,137.02,136.87,136.87,7,,,,,,,,,,,,,,,,,,,137.02,3,137.03,4,137.05,2,137.06,2,137.07,5,137.08,1,137.09,5,137.1,4,137.11,5,137.12,2
2020-10-29 09:34:06,136.935,136.96,2,136.87,7,137.0,2,137.0,136.87,136.87,7,,,,,,,,,,,,,,,,,,,137.0,2,137.01,3,137.02,3,137.03,4,137.05,2,137.06,2,137.07,5,137.08,1,137.09,5,137.1,4
2020-10-29 09:34:07,136.935,136.96,2,136.87,7,137.0,2,137.0,136.87,136.87,7,,,,,,,,,,,,,,,,,,,137.0,2,137.01,3,137.02,3,137.03,4,137.05,2,137.06,2,137.07,5,137.08,1,137.09,5,137.1,4
2020-10-29 09:34:08,136.935,136.99,5,136.87,7,137.0,2,137.0,136.87,136.87,7,,,,,,,,,,,,,,,,,,,137.0,2,137.01,3,137.02,3,137.03,4,137.05,2,137.06,2,137.07,5,137.08,1,137.09,5,137.1,4
2020-10-29 09:34:09,136.935,136.98,1,136.87,7,137.0,2,137.0,136.87,136.87,7,,,,,,,,,,,,,,,,,,,137.0,2,137.01,3,137.02,3,137.03,4,137.05,2,137.06,2,137.07,5,137.08,1,137.09,5,137.1,4
2020-10-29 09:34:10,136.935,136.97,1,136.87,7,137.0,1,137.0,136.87,136.87,7,,,,,,,,,,,,,,,,,,,137.0,1,137.01,3,137.02,3,137.03,4,137.05,2,137.06,2,137.07,5,137.08,1,137.09,5,137.1,4
2020-10-29 09:34:11,137.03,137.02,1,136.99,4,137.07,3,137.07,136.99,136.99,4,136.95,2,136.94,1,136.92,3,136.89,1,136.88,2,136.87,7,,,,,,,137.07,3,137.08,1,137.09,6,137.1,4,137.11,5,137.12,2,137.13,3,137.14,2,137.15,4,137.16,5
2020-10-29 09:34:12,137.03,137.02,1,136.99,4,137.07,8,137.07,136.99,136.99,4,136.95,2,136.94,1,136.92,3,136.89,1,136.88,2,136.87,7,,,,,,,137.07,8,137.08,1,137.09,6,137.1,4,137.11,5,137.12,2,137.13,3,137.14,2,137.15,4,137.16,5
2020-10-29 09:34:13,137.03,137.03,1,136.99,8,137.07,7,137.07,136.99,136.99,8,136.95,2,136.94,1,136.92,3,136.89,1,136.88,2,136.87,7,,,,,,,137.07,7,137.08,1,137.09,6,137.1,4,137.11,5,137.12,2,137.13,3,137.14,2,137.15,4,137.16,5
2020-10-29 09:34:14,137.03,136.99,1,136.99,8,137.07,7,137.07,136.99,136.99,8,136.95,2,136.94,1,136.92,3,136.89,1,136.88,2,136.87,7,,,,,,,137.07,7,137.08,1,137.09,6,137.1,4,137.11,5,137.12,2,137.13,3,137.14,2,137.15,4,137.16,5
2020-10-29 09:34:15,137.03,137.03,2,136.99,9,137.07,7,137.07,136.99,136.99,9,136.95,2,136.94,1,136.92,3,136.89,1,136.88,2,136.87,7,,,,,,,137.07,7,137.08,1,137.09,6,137.1,4,137.11,5,137.12,2,137.13,3,137.14,2,137.15,4,137.16,5
2020-10-29 09:34:16,137.03,137.03,1,136.99,9,137.07,7,137.07,136.99,136.99,9,136.95,2,136.94,1,136.92,3,136.89,1,136.88,2,136.87,7,,,,,,,137.07,7,137.08,1,137.09,6,137.1,4,137.11,5,137.12,2,137.13,3,137.14,2,137.15,4,137.16,5
2020-10-29 09:34:17,137.03,137.03,1,136.99,9,137.07,7,137.07,136.99,136.99,9,136.95,2,136.94,1,136.92,3,136.89,1,136.88,2,136.87,7,,,,,,,137.07,7,137.08,1,137.09,6,137.1,4,137.11,5,137.12,2,137.13,3,137.14,2,137.15,4,137.16,5
2020-10-29 09:34:18,137.035,137.03,1,137.0,5,137.07,6,137.07,137.0,137.0,5,136.99,8,136.95,2,136.94,1,136.92,3,136.89,1,136.88,2,136.87,7,,,,,137.07,6,137.08,1,137.09,6,137.1,4,137.11,5,137.12,2,137.13,3,137.14,2,137.15,4,137.16,5
2020-10-29 09:34:19,137.055,137.03,1,137.03,1,137.08,2,137.08,137.03,137.03,1,137.02,1,137.01,2,137.0,5,136.99,8,136.95,2,136.94,1,136.92,3,136.89,1,136.88,2,137.08,2,137.09,6,137.1,4,137.11,5,137.12,2,137.13,3,137.14,2,137.15,4,137.16,5,137.17,12
2020-10-29 09:34:20,137.055,137.03,1,137.03,1,137.08,4,137.08,137.03,137.03,1,137.02,1,137.01,2,137.0,5,136.99,8,136.95,2,136.94,1,136.92,3,136.89,1,136.88,2,137.08,4,137.09,6,137.1,4,137.11,5,137.12,2,137.13,3,137.14,2,137.15,4,137.16,5,137.17,12
2020-10-29 09:34:21,137.065,137.1,1,137.03,1,137.1,2,137.1,137.03,137.03,1,137.02,6,137.01,2,137.0,5,136.99,8,136.95,2,136.94,1,136.92,3,136.89,1,136.88,2,137.1,2,137.12,4,137.13,3,137.14,2,137.15,4,137.16,5,137.17,12,137.18,3,137.19,1,137.2,5
2020-10-29 09:34:22,137.06,137.1,1,137.02,5,137.1,2,137.1,137.02,137.02,5,137.01,2,137.0,5,136.99,8,136.95,2,136.94,1,136.92,3,136.89,1,136.88,2,136.87,7,137.1,2,137.12,4,137.13,3,137.14,2,137.15,4,137.16,5,137.17,12,137.18,3,137.19,1,137.2,5
2020-10-29 09:34:23,137.065,137.1,1,137.03,8,137.1,3,137.1,137.03,137.03,8,137.02,5,137.01,2,137.0,5,136.99,8,136.95,2,136.94,1,136.92,3,136.89,1,136.88,2,137.1,3,137.12,4,137.13,3,137.14,2,137.15,4,137.16,5,137.17,12,137.18,3,137.19,1,137.2,5
2020-10-29 09:34:24,137.065,137.1,1,137.03,8,137.1,3,137.1,137.03,137.03,8,137.02,5,137.01,2,137.0,5,136.99,8,136.95,2,136.94,1,136.92,3,136.89,1,136.88,2,137.1,3,137.12,4,137.13,3,137.14,2,137.15,4,137.16,5,137.17,12,137.18,3,137.19,1,137.2,5
2020-10-29 09:34:25,137.075,137.07,1,137.05,1,137.1,3,137.1,137.05,137.05,1,137.04,8,137.03,7,137.02,5,137.01,2,137.0,5,136.99,8,136.95,2,136.94,1,136.92,3,137.1,3,137.12,4,137.13,3,137.14,2,137.15,4,137.16,5,137.17,12,137.18,3,137.19,1,137.2,5
2020-10-29 09:34:26,137.15,137.17,1,137.09,2,137.21,4,137.21,137.09,137.09,2,137.08,7,137.07,3,137.06,3,137.05,1,137.04,8,137.03,7,137.02,5,137.01,2,137.0,5,137.21,4,137.22,6,137.23,1,137.3,7,137.31,4,137.34,2,137.35,3,137.36,1,137.38,1,137.39,2
2020-10-29 09:34:27,137.15,137.15,1,137.09,2,137.21,4,137.21,137.09,137.09,2,137.08,7,137.07,3,137.06,3,137.05,1,137.04,8,137.03,7,137.02,5,137.01,2,137.0,5,137.21,4,137.22,6,137.23,1,137.3,7,137.31,4,137.34,2,137.35,3,137.36,1,137.38,1,137.39,2
2020-10-29 09:34:28,137.135,137.15,1,137.08,5,137.19,2,137.19,137.08,137.08,5,137.07,3,137.06,3,137.05,1,137.04,8,137.03,7,137.02,5,137.01,2,137.0,5,136.99,8,137.19,2,137.2,2,137.21,6,137.22,6,137.23,1,137.3,7,137.31,4,137.34,2,137.35,3,137.36,1
2020-10-29 09:34:29,137.155,137.21,1,137.1,6,137.21,5,137.21,137.1,137.1,6,137.09,2,137.08,7,137.07,3,137.06,3,137.05,1,137.04,8,137.03,7,137.02,5,137.01,2,137.21,5,137.22,6,137.23,1,137.3,7,137.31,4,137.34,2,137.35,3,137.36,1,137.38,1,137.39,2
2020-10-29 09:34:30,137.15,137.15,1,137.1,6,137.2,3,137.2,137.1,137.1,6,137.09,2,137.08,7,137.07,3,137.06,3,137.05,1,137.04,8,137.03,7,137.02,5,137.01,2,137.2,3,137.21,5,137.22,6,137.23,1,137.3,7,137.31,4,137.34,2,137.35,3,137.36,1,137.38,1
2020-10-29 09:34:31,137.155,137.15,1,137.11,2,137.2,1,137.2,137.11,137.11,2,137.1,7,137.09,2,137.08,7,137.07,3,137.06,3,137.05,1,137.04,8,137.03,7,137.02,5,137.2,1,137.21,5,137.22,6,137.23,1,137.3,7,137.31,4,137.34,2,137.35,3,137.36,1,137.38,1
2020-10-29 09:34:32,137.165,137.15,1,137.11,3,137.22,8,137.22,137.11,137.11,3,137.1,7,137.09,2,137.08,7,137.07,3,137.06,3,137.05,1,137.04,8,137.03,7,137.02,5,137.22,8,137.23,1,137.3,7,137.31,4,137.34,2,137.35,3,137.36,1,137.38,1,137.39,2,137.4,2
2020-10-29 09:34:33,137.16,137.15,1,137.11,3,137.21,5,137.21,137.11,137.11,3,137.1,7,137.09,2,137.08,7,137.07,3,137.06,3,137.05,1,137.04,8,137.03,7,137.02,5,137.21,5,137.22,8,137.23,1,137.3,7,137.31,4,137.34,2,137.35,3,137.36,1,137.38,1,137.39,2
2020-10-29 09:34:34,137.16,137.15,1,137.11,3,137.21,5,137.21,137.11,137.11,3,137.1,7,137.09,2,137.08,7,137.07,3,137.06,3,137.05,1,137.04,8,137.03,7,137.02,5,137.21,5,137.22,8,137.23,1,137.3,7,137.31,4,137.34,2,137.35,3,137.36,1,137.38,1,137.39,2
2020-10-29 09:34:35,137.16,137.19,1,137.11,3,137.21,5,137.21,137.11,137.11,3,137.1,7,137.09,2,137.08,7,137.07,3,137.06,3,137.05,1,137.04,8,137.03,7,137.02,5,137.21,5,137.22,8,137.23,1,137.3,7,137.31,4,137.34,2,137.35,3,137.36,1,137.38,1,137.39,2
2020-10-29 09:34:37,137.105,137.1,1,137.06,4,137.15,3,137.15,137.06,137.06,4,137.05,1,137.04,8,137.03,7,137.02,5,137.01,2,137.0,5,136.99,8,136.95,2,136.94,1,137.15,3,137.16,2,137.17,2,137.19,2,137.2,3,137.21,5,137.22,8,137.23,1,137.3,7,137.31,4
2020-10-29 09:34:37,137.115,137.13,1,137.08,3,137.15,4,137.15,137.08,137.08,3,137.07,3,137.06,6,137.05,1,137.04,8,137.03,7,137.02,5,137.01,2,137.0,5,136.99,8,137.15,4,137.16,2,137.17,2,137.19,2,137.2,3,137.21,5,137.22,8,137.23,1,137.3,7,137.31,4
2020-10-29 09:34:38,137.12,137.12,1,137.09,1,137.15,4,137.15,137.09,137.09,1,137.08,3,137.07,3,137.06,6,137.05,1,137.04,8,137.03,7,137.02,5,137.01,2,137.0,5,137.15,4,137.16,2,137.17,2,137.19,2,137.2,3,137.21,5,137.22,8,137.23,1,137.3,7,137.31,4
2020-10-29 09:34:39,137.15,137.19,1,137.11,1,137.19,4,137.19,137.11,137.11,1,137.09,2,137.08,3,137.07,3,137.06,6,137.05,1,137.04,8,137.03,7,137.02,5,137.01,2,137.19,4,137.2,5,137.21,5,137.22,8,137.23,1,137.3,7,137.31,4,137.34,2,137.35,3,137.36,1
2020-10-29 09:34:40,137.105,137.1,1,137.06,4,137.15,5,137.15,137.06,137.06,4,137.05,1,137.04,8,137.03,7,137.02,5,137.01,2,137.0,5,136.99,8,136.95,2,136.94,1,137.15,5,137.17,2,137.18,2,137.19,4,137.2,5,137.21,5,137.22,8,137.23,1,137.3,7,137.31,4
2020-10-29 09:34:42,137.105,137.1,1,137.06,4,137.15,5,137.15,137.06,137.06,4,137.05,1,137.04,8,137.03,7,137.02,5,137.01,2,137.0,5,136.99,8,136.95,2,136.94,1,137.15,5,137.17,2,137.18,2,137.19,4,137.2,5,137.21,5,137.22,8,137.23,1,137.3,7,137.31,4
2020-10-29 09:34:42,137.125,137.1,1,137.07,4,137.18,4,137.18,137.07,137.07,4,137.06,4,137.05,1,137.04,8,137.03,7,137.02,5,137.01,2,137.0,5,136.99,8,136.95,2,137.18,4,137.19,4,137.2,5,137.21,5,137.22,8,137.23,1,137.3,7,137.31,4,137.34,2,137.35,3
2020-10-29 09:34:43,137.135,137.1,1,137.09,3,137.18,3,137.18,137.09,137.09,3,137.08,4,137.07,4,137.06,4,137.05,1,137.04,8,137.03,7,137.02,5,137.01,2,137.0,5,137.18,3,137.19,4,137.2,5,137.21,5,137.22,8,137.23,1,137.3,7,137.31,4,137.34,2,137.35,3
2020-10-29 09:34:44,137.135,137.13,1,137.09,3,137.18,3,137.18,137.09,137.09,3,137.08,4,137.07,4,137.06,4,137.05,1,137.04,8,137.03,7,137.02,5,137.01,2,137.0,5,137.18,3,137.19,4,137.2,5,137.21,5,137.22,8,137.23,1,137.3,7,137.31,4,137.34,2,137.35,3
2020-10-29 09:34:45,137.2,137.18,1,137.18,1,137.22,5,137.22,137.18,137.18,1,137.14,2,137.13,1,137.09,5,137.08,4,137.07,4,137.06,4,137.05,1,137.04,8,137.03,7,137.22,5,137.23,1,137.3,7,137.31,4,137.34,2,137.35,3,137.36,1,137.38,1,137.39,2,137.4,2
2020-10-29 09:34:47,137.18,137.17,1,137.14,1,137.22,7,137.22,137.14,137.14,1,137.13,5,137.09,5,137.08,4,137.07,4,137.06,4,137.05,1,137.04,8,137.03,7,137.02,5,137.22,7,137.23,1,137.3,7,137.31,4,137.34,2,137.35,3,137.36,1,137.38,1,137.39,2,137.4,2
2020-10-29 09:34:48,137.18,137.17,1,137.14,5,137.22,7,137.22,137.14,137.14,5,137.13,5,137.09,5,137.08,4,137.07,4,137.06,4,137.05,1,137.04,8,137.03,7,137.02,5,137.22,7,137.23,1,137.3,7,137.31,4,137.34,2,137.35,3,137.36,1,137.38,1,137.39,2,137.4,2
2020-10-29 09:34:49,137.18,137.17,1,137.14,5,137.22,7,137.22,137.14,137.14,5,137.13,5,137.09,5,137.08,4,137.07,4,137.06,4,137.05,1,137.04,8,137.03,7,137.02,5,137.22,7,137.23,1,137.3,7,137.31,4,137.34,2,137.35,3,137.36,1,137.38,1,137.39,2,137.4,2
2020-10-29 09:34:50,137.175,137.17,1,137.14,6,137.21,1,137.21,137.14,137.14,6,137.13,5,137.09,5,137.08,4,137.07,4,137.06,4,137.05,1,137.04,8,137.03,7,137.02,5,137.21,1,137.22,6,137.23,1,137.3,7,137.31,4,137.34,2,137.35,3,137.36,1,137.38,1,137.39,2
2020-10-29 09:34:51,137.17,137.17,1,137.14,5,137.2,2,137.2,137.14,137.14,5,137.13,5,137.09,5,137.08,4,137.07,4,137.06,4,137.05,1,137.04,8,137.03,7,137.02,5,137.2,2,137.22,7,137.23,1,137.3,7,137.31,4,137.34,2,137.35,3,137.36,1,137.38,1,137.39,2
2020-10-29 09:34:52,137.17,137.17,1,137.14,5,137.2,2,137.2,137.14,137.14,5,137.13,5,137.09,5,137.08,4,137.07,4,137.06,4,137.05,1,137.04,8,137.03,7,137.02,5,137.2,2,137.22,7,137.23,1,137.3,7,137.31,4,137.34,2,137.35,3,137.36,1,137.38,1,137.39,2
2020-10-29 09:34:53,137.155,137.14,1,137.13,3,137.18,2,137.18,137.13,137.13,3,137.09,5,137.08,4,137.07,4,137.06,4,137.05,1,137.04,8,137.03,7,137.02,5,137.01,2,137.18,2,137.2,7,137.22,7,137.23,1,137.3,7,137.31,4,137.34,2,137.35,3,137.36,1,137.38,1
2020-10-29 09:34:54,137.125,137.13,2,137.07,5,137.18,3,137.18,137.07,137.07,5,137.06,4,137.05,1,137.04,8,137.03,7,137.02,5,137.01,2,137.0,5,136.99,8,136.95,2,137.18,3,137.2,7,137.22,7,137.23,1,137.3,7,137.31,4,137.34,2,137.35,3,137.36,1,137.38,1
2020-10-29 09:34:55,137.17,137.14,1,137.14,2,137.2,5,137.2,137.14,137.14,2,137.08,3,137.07,5,137.06,4,137.05,1,137.04,8,137.03,7,137.02,5,137.01,2,137.0,5,137.2,5,137.22,7,137.23,1,137.3,7,137.31,4,137.34,2,137.35,3,137.36,1,137.38,1,137.39,2
2020-10-29 09:34:55,137.125,137.14,1,137.08,2,137.17,1,137.17,137.08,137.08,2,137.07,1,137.06,4,137.05,1,137.04,8,137.03,7,137.02,5,137.01,2,137.0,5,136.99,8,137.17,1,137.2,5,137.22,7,137.23,1,137.3,7,137.31,4,137.34,2,137.35,3,137.36,1,137.38,1
2020-10-29 09:34:57,137.115,137.14,1,137.08,2,137.15,1,137.15,137.08,137.08,2,137.07,1,137.06,4,137.05,1,137.04,8,137.03,7,137.02,5,137.01,2,137.0,5,136.99,8,137.15,1,137.16,1,137.17,1,137.2,5,137.22,7,137.23,1,137.3,7,137.31,4,137.34,2,137.35,3
2020-10-29 09:34:58,137.105,137.14,1,137.06,4,137.15,4,137.15,137.06,137.06,4,137.05,1,137.04,8,137.03,7,137.02,5,137.01,2,137.0,5,136.99,8,136.95,2,136.94,1,137.15,4,137.16,1,137.17,1,137.2,5,137.22,7,137.23,1,137.3,7,137.31,4,137.34,2,137.35,3
2020-10-29 09:34:59,137.055,137.14,1,137.0,5,137.11,5,137.11,137.0,137.0,5,136.98,2,136.95,2,136.94,1,136.92,3,136.89,1,136.88,2,136.87,7,,,,,137.11,5,137.12,1,137.13,4,137.14,1,137.15,4,137.16,1,137.17,1,137.2,5,137.22,7,137.23,1
2020-10-29 09:35:00,137.025,137.04,1,137.0,9,137.05,1,137.05,137.0,137.0,9,136.98,2,136.95,2,136.94,1,136.92,3,136.89,1,136.88,2,136.87,7,,,,,137.05,1,137.08,1,137.09,4,137.1,4,137.11,5,137.12,1,137.13,4,137.14,1,137.15,4,137.16,1
2020-10-29 09:35:01,137.065,137.09,1,137.02,3,137.11,6,137.11,137.02,137.02,3,137.01,2,137.0,2,136.99,5,136.98,3,136.95,2,136.94,1,136.92,3,136.89,1,136.88,2,137.11,6,137.12,1,137.13,4,137.14,1,137.15,4,137.16,1,137.17,1,137.2,5,137.22,7,137.23,1
2020-10-29 09:35:02,137.06,137.07,1,137.03,1,137.09,3,137.09,137.03,137.03,1,137.02,7,137.01,2,137.0,2,136.99,5,136.98,3,136.95,2,136.94,1,136.92,3,136.89,1,137.09,3,137.1,1,137.11,6,137.12,1,137.13,4,137.14,1,137.15,4,137.16,1,137.17,1,137.2,5
2020-10-29 09:35:03,137.035,137.07,1,136.98,6,137.09,3,137.09,136.98,136.98,6,136.95,2,136.94,1,136.92,3,136.89,1,136.88,2,136.87,7,,,,,,,137.09,3,137.1,1,137.11,6,137.12,1,137.13,4,137.14,1,137.15,4,137.16,1,137.17,1,137.2,5
2020-10-29 09:35:04,137.05,137.07,1,137.02,3,137.08,1,137.08,137.02,137.02,3,137.01,4,137.0,2,136.99,2,136.98,6,136.95,2,136.94,1,136.92,3,136.89,1,136.88,2,137.08,1,137.09,3,137.1,1,137.11,6,137.12,1,137.13,4,137.14,1,137.15,4,137.16,1,137.17,1
2020-10-29 09:35:05,137.06,137.07,1,137.02,3,137.1,3,137.1,137.02,137.02,3,137.01,4,137.0,2,136.99,2,136.98,6,136.95,2,136.94,1,136.92,3,136.89,1,136.88,2,137.1,3,137.11,6,137.12,1,137.13,4,137.14,1,137.15,4,137.16,1,137.17,1,137.2,5,137.22,7
2020-10-29 09:35:06,137.045,137.07,1,137.0,2,137.09,1,137.09,137.0,137.0,2,136.98,7,136.95,2,136.94,1,136.92,3,136.89,1,136.88,2,136.87,7,,,,,137.09,1,137.1,3,137.11,6,137.12,1,137.13,4,137.14,1,137.15,4,137.16,1,137.17,1,137.2,5
2020-10-29 09:35:07,137.06,137.1,1,137.02,3,137.1,3,137.1,137.02,137.02,3,137.01,3,137.0,2,136.98,7,136.95,2,136.94,1,136.92,3,136.89,1,136.88,2,136.87,7,137.1,3,137.11,6,137.12,1,137.13,4,137.14,1,137.15,4,137.16,1,137.17,1,137.2,5,137.22,7
2020-10-29 09:35:08,137.1,137.07,1,137.05,3,137.15,5,137.15,137.05,137.05,3,137.04,3,137.03,5,137.02,8,137.01,3,137.0,2,136.98,7,136.95,2,136.94,1,136.92,3,137.15,5,137.16,1,137.17,1,137.2,5,137.22,7,137.23,1,137.3,7,137.31,4,137.34,2,137.35,3
2020-10-29 09:35:09,137.085,137.09,1,137.04,2,137.13,3,137.13,137.04,137.04,2,137.03,5,137.02,8,137.01,3,137.0,2,136.98,7,136.95,2,136.94,1,136.92,3,136.89,1,137.13,3,137.15,5,137.16,1,137.17,1,137.2,5,137.22,7,137.23,1,137.3,7,137.31,4,137.34,2
2020-10-29 09:35:10,137.14,137.09,1,137.09,2,137.19,3,137.19,137.09,137.09,2,137.08,5,137.05,1,137.04,4,137.03,5,137.02,8,137.01,3,137.0,2,136.98,7,136.95,2,137.19,3,137.2,5,137.22,7,137.23,1,137.3,7,137.31,4,137.34,2,137.35,3,137.36,1,137.38,1
2020-10-29 09:35:11,137.14,137.04,1,137.09,3,137.19,3,137.19,137.09,137.09,3,137.08,5,137.05,1,137.04,4,137.03,5,137.02,8,137.01,3,137.0,2,136.98,7,136.95,2,137.19,3,137.2,5,137.22,7,137.23,1,137.3,7,137.31,4,137.34,2,137.35,3,137.36,1,137.38,1
2020-10-29 09:35:12,137.145,137.14,1,137.09,5,137.2,5,137.2,137.09,137.09,5,137.08,5,137.05,1,137.04,4,137.03,5,137.02,8,137.01,3,137.0,2,136.98,7,136.95,2,137.2,5,137.22,11,137.23,1,137.3,7,137.31,4,137.34,2,137.35,3,137.36,1,137.38,1,137.39,2
2020-10-29 09:35:13,137.05,137.03,1,137.02,7,137.08,3,137.08,137.02,137.02,7,137.01,3,137.0,2,136.98,7,136.95,2,136.94,1,136.92,3,136.89,1,136.88,2,136.87,7,137.08,3,137.09,1,137.13,3,137.15,3,137.2,5,137.22,11,137.23,1,137.3,7,137.31,4,137.34,2
2020-10-29 09:35:14,137.045,137.03,1,137.02,6,137.07,3,137.07,137.02,137.02,6,137.01,3,137.0,2,136.98,7,136.95,2,136.94,1,136.92,3,136.89,1,136.88,2,136.87,7,137.07,3,137.08,4,137.09,1,137.13,3,137.15,3,137.2,5,137.22,11,137.23,1,137.3,7,137.31,4
2020-10-29 09:35:15,137.04,137.07,1,137.01,1,137.07,3,137.07,137.01,137.01,1,137.0,3,136.99,1,136.98,7,136.95,2,136.94,1,136.92,3,136.89,1,136.88,2,136.87,7,137.07,3,137.08,4,137.09,1,137.13,3,137.15,3,137.2,5,137.22,11,137.23,1,137.3,7,137.31,4
2020-10-29 09:35:16,137.07,137.08,1,137.04,2,137.1,3,137.1,137.04,137.04,2,137.03,5,137.02,2,137.01,1,137.0,2,136.99,1,136.98,7,136.95,2,136.94,1,136.92,3,137.1,3,137.13,3,137.15,3,137.2,5,137.22,11,137.23,1,137.3,7,137.31,4,137.34,2,137.35,3
2020-10-29 09:35:17,137.07,137.05,1,137.04,2,137.1,1,137.1,137.04,137.04,2,137.03,5,137.02,2,137.01,1,137.0,2,136.99,1,136.98,7,136.95,2,136.94,1,136.92,3,137.1,1,137.11,1,137.13,4,137.15,3,137.2,5,137.22,11,137.23,1,137.3,7,137.31,4,137.34,2
2020-10-29 09:35:18,137.095,137.06,2,137.05,3,137.14,4,137.14,137.05,137.05,3,137.03,8,137.02,2,137.01,1,137.0,2,136.99,1,136.98,7,136.95,2,136.94,1,136.92,3,137.14,4,137.15,3,137.2,5,137.22,11,137.23,1,137.3,7,137.31,4,137.34,2,137.35,3,137.36,1
2020-10-29 09:35:19,137.09,137.06,2,137.04,3,137.14,5,137.14,137.04,137.04,3,137.03,8,137.02,2,137.01,1,137.0,2,136.99,1,136.98,7,136.95,2,136.94,1,136.92,3,137.14,5,137.15,3,137.2,5,137.22,11,137.23,1,137.3,7,137.31,4,137.34,2,137.35,3,137.36,1
2020-10-29 09:35:20,137.095,137.1,4,137.05,5,137.14,5,137.14,137.05,137.05,5,137.04,5,137.03,8,137.02,2,137.01,1,137.0,2,136.99,1,136.98,7,136.95,2,136.94,1,137.14,5,137.15,3,137.2,5,137.22,11,137.23,1,137.3,7,137.31,4,137.34,2,137.35,3,137.36,1
2020-10-29 09:35:21,137.12,137.14,1,137.09,2,137.15,4,137.15,137.09,137.09,2,137.07,2,137.05,8,137.04,5,137.03,8,137.02,2,137.01,1,137.0,2,136.99,1,136.98,7,137.15,4,137.2,5,137.22,11,137.23,1,137.3,7,137.31,4,137.34,2,137.35,3,137.36,1,137.38,1
2020-10-29 09:35:22,137.125,137.14,1,137.1,4,137.15,1,137.15,137.1,137.1,4,137.09,2,137.07,2,137.05,8,137.04,5,137.03,8,137.02,2,137.01,1,137.0,2,136.99,1,137.15,1,137.17,2,137.18,4,137.2,5,137.22,11,137.23,1,137.3,7,137.31,4,137.34,2,137.35,3
2020-10-29 09:35:23,137.135,137.15,1,137.1,5,137.17,2,137.17,137.1,137.1,5,137.09,2,137.07,2,137.05,8,137.04,5,137.03,8,137.02,2,137.01,1,137.0,2,136.99,1,137.17,2,137.18,4,137.2,5,137.22,11,137.23,1,137.3,7,137.31,4,137.34,2,137.35,3,137.36,1
2020-10-29 09:35:24,137.08,137.09,1,137.05,3,137.11,2,137.11,137.05,137.05,3,137.04,5,137.03,8,137.02,2,137.01,1,137.0,2,136.99,1,136.98,7,136.95,2,136.94,1,137.11,2,137.13,2,137.15,4,137.16,3,137.17,3,137.18,4,137.2,5,137.22,11,137.23,1,137.3,7
2020-10-29 09:35:25,137.075,137.07,1,137.04,8,137.11,4,137.11,137.04,137.04,8,137.03,8,137.02,2,137.01,1,137.0,2,136.99,1,136.98,7,136.95,2,136.94,1,136.92,3,137.11,4,137.13,2,137.15,4,137.16,3,137.17,3,137.18,4,137.2,5,137.22,11,137.23,1,137.3,7
2020-10-29 09:35:26,137.075,137.07,1,137.04,9,137.11,4,137.11,137.04,137.04,9,137.03,8,137.02,2,137.01,1,137.0,2,136.99,1,136.98,7,136.95,2,136.94,1,136.92,3,137.11,4,137.13,2,137.15,4,137.16,3,137.17,3,137.18,4,137.2,5,137.22,11,137.23,1,137.3,7
2020-10-29 09:35:27,137.075,137.07,1,137.04,6,137.11,4,137.11,137.04,137.04,6,137.03,8,137.02,2,137.01,1,137.0,2,136.99,1,136.98,7,136.95,2,136.94,1,136.92,3,137.11,4,137.13,2,137.15,4,137.16,3,137.17,3,137.18,4,137.2,5,137.22,11,137.23,1,137.3,7
2020-10-29 09:35:28,137.075,137.07,1,137.04,6,137.11,4,137.11,137.04,137.04,6,137.03,8,137.02,2,137.01,1,137.0,2,136.99,1,136.98,7,136.95,2,136.94,1,136.92,3,137.11,4,137.13,2,137.15,4,137.16,3,137.17,3,137.18,4,137.2,5,137.22,11,137.23,1,137.3,7
2020-10-29 09:35:29,137.075,137.08,1,137.04,6,137.11,3,137.11,137.04,137.04,6,137.03,8,137.02,2,137.01,1,137.0,2,136.99,1,136.98,7,136.95,2,136.94,1,136.92,3,137.11,3,137.12,4,137.13,3,137.14,3,137.15,9,137.16,3,137.17,3,137.18,4,137.2,5,137.22,11
2020-10-29 09:35:30,137.03,137.02,1,137.01,2,137.05,2,137.05,137.01,137.01,2,137.0,2,136.99,1,136.98,7,136.95,2,136.94,1,136.92,3,136.89,1,136.88,2,136.87,7,137.05,2,137.06,3,137.07,4,137.09,2,137.1,3,137.11,3,137.12,4,137.13,3,137.14,3,137.15,9
2020-10-29 09:35:31,137.055,137.06,1,137.02,6,137.09,6,137.09,137.02,137.02,6,137.01,6,137.0,2,136.99,1,136.98,7,136.95,2,136.94,1,136.92,3,136.89,1,136.88,2,137.09,6,137.1,3,137.11,3,137.12,4,137.13,3,137.14,3,137.15,9,137.16,3,137.17,3,137.18,4
2020-10-29 09:35:32,137.055,137.06,1,137.02,3,137.09,6,137.09,137.02,137.02,3,137.01,8,137.0,2,136.99,1,136.98,7,136.95,2,136.94,1,136.92,3,136.89,1,136.88,2,137.09,6,137.1,3,137.11,3,137.12,4,137.13,3,137.14,3,137.15,9,137.16,3,137.17,3,137.18,4
2020-10-29 09:35:33,137.05,137.02,2,137.01,8,137.09,6,137.09,137.01,137.01,8,137.0,2,136.99,1,136.98,7,136.95,2,136.94,1,136.92,3,136.89,1,136.88,2,136.87,7,137.09,6,137.1,3,137.11,3,137.12,4,137.13,3,137.14,3,137.15,9,137.16,3,137.17,3,137.18,4
2020-10-29 09:35:34,137.055,137.02,2,137.02,3,137.09,6,137.09,137.02,137.02,3,137.01,8,137.0,2,136.99,1,136.98,7,136.95,2,136.94,1,136.92,3,136.89,1,136.88,2,137.09,6,137.1,3,137.11,3,137.12,4,137.13,3,137.14,3,137.15,9,137.16,3,137.17,3,137.18,4
2020-10-29 09:35:35,137.055,137.06,1,137.02,4,137.09,3,137.09,137.02,137.02,4,137.01,8,137.0,2,136.99,1,136.98,7,136.95,2,136.94,1,136.92,3,136.89,1,136.88,2,137.09,3,137.1,6,137.11,3,137.12,4,137.13,3,137.14,3,137.15,9,137.16,3,137.17,3,137.18,4
2020-10-29 09:35:36,137.055,137.06,1,137.02,8,137.09,3,137.09,137.02,137.02,8,137.01,8,137.0,2,136.99,1,136.98,7,136.95,2,136.94,1,136.92,3,136.89,1,136.88,2,137.09,3,137.1,6,137.11,3,137.12,4,137.13,3,137.14,3,137.15,9,137.16,3,137.17,3,137.18,4
2020-10-29 09:35:37,137.05,137.06,1,137.02,8,137.08,4,137.08,137.02,137.02,8,137.01,8,137.0,2,136.99,1,136.98,7,136.95,2,136.94,1,136.92,3,136.89,1,136.88,2,137.08,4,137.09,3,137.1,6,137.11,3,137.12,4,137.13,3,137.14,3,137.15,9,137.16,3,137.17,3
2020-10-29 09:35:38,137.04,137.02,1,137.01,8,137.07,4,137.07,137.01,137.01,8,137.0,2,136.99,1,136.98,7,136.95,2,136.94,1,136.92,3,136.89,1,136.88,2,136.87,7,137.07,4,137.08,4,137.09,3,137.1,6,137.11,3,137.12,4,137.13,3,137.14,3,137.15,9,137.16,3
2020-10-29 09:35:39,137.045,137.02,2,137.02,3,137.07,1,137.07,137.02,137.02,3,137.01,8,137.0,2,136.99,1,136.98,7,136.95,2,136.94,1,136.92,3,136.89,1,136.88,2,137.07,1,137.08,3,137.09,3,137.1,6,137.11,3,137.12,4,137.13,3,137.14,3,137.15,9,137.16,3
2020-10-29 09:35:40,137.045,137.02,1,137.02,3,137.07,2,137.07,137.02,137.02,3,137.01,8,137.0,2,136.99,1,136.98,7,136.95,2,136.94,1,136.92,3,136.89,1,136.88,2,137.07,2,137.08,3,137.09,3,137.1,6,137.11,3,137.12,4,137.13,3,137.14,3,137.15,9,137.16,3
2020-10-29 09:35:41,137.015,137.01,1,136.98,8,137.05,3,137.05,136.98,136.98,8,136.95,2,136.94,1,136.92,3,136.89,1,136.88,2,136.87,7,,,,,,,137.05,3,137.06,1,137.07,2,137.08,3,137.09,3,137.1,6,137.11,3,137.12,4,137.13,3,137.14,3
2020-10-29 09:35:42,137.02,137.01,1,136.99,4,137.05,3,137.05,136.99,136.99,4,136.98,8,136.95,2,136.94,1,136.92,3,136.89,1,136.88,2,136.87,7,,,,,137.05,3,137.06,1,137.07,2,137.08,3,137.09,3,137.1,6,137.11,3,137.12,4,137.13,3,137.14,3
2020-10-29 09:35:43,136.975,136.98,1,136.95,1,137.0,3,137.0,136.95,136.95,1,136.94,1,136.92,3,136.89,1,136.88,2,136.87,7,,,,,,,,,137.0,3,137.04,7,137.05,3,137.06,1,137.07,2,137.08,3,137.09,3,137.1,6,137.11,3,137.12,4
2020-10-29 09:35:44,136.94,136.94,1,136.91,2,136.97,3,136.97,136.91,136.91,2,136.9,5,136.89,3,136.88,2,136.87,7,,,,,,,,,,,136.97,3,136.99,3,137.01,2,137.04,7,137.05,3,137.06,1,137.07,2,137.08,3,137.09,3,137.1,6
2020-10-29 09:35:45,136.92,136.94,1,136.88,1,136.96,3,136.96,136.88,136.88,1,136.87,8,,,,,,,,,,,,,,,,,136.96,3,136.97,9,136.99,3,137.01,2,137.04,7,137.05,3,137.06,1,137.07,2,137.08,3,137.09,3
2020-10-29 09:35:46,136.935,136.94,1,136.9,3,136.97,9,136.97,136.9,136.9,3,136.89,3,136.88,1,136.87,8,,,,,,,,,,,,,136.97,9,136.99,3,137.01,2,137.04,7,137.05,3,137.06,1,137.07,2,137.08,3,137.09,3,137.1,6
2020-10-29 09:35:47,136.93,136.94,1,136.89,4,136.97,8,136.97,136.89,136.89,4,136.88,1,136.87,8,,,,,,,,,,,,,,,136.97,8,136.99,3,137.01,2,137.04,7,137.05,3,137.06,1,137.07,2,137.08,3,137.09,3,137.1,6
2020-10-29 09:35:48,136.94,136.97,1,136.9,6,136.98,2,136.98,136.9,136.9,6,136.89,4,136.88,1,136.87,8,,,,,,,,,,,,,136.98,2,136.99,3,137.01,2,137.04,7,137.05,3,137.06,1,137.07,2,137.08,3,137.09,3,137.1,6
2020-10-29 09:35:49,136.925,136.97,1,136.9,6,136.95,3,136.95,136.9,136.9,6,136.89,4,136.88,1,136.87,8,,,,,,,,,,,,,136.95,3,136.96,4,136.97,3,136.98,5,136.99,3,137.01,2,137.04,7,137.05,3,137.06,1,137.07,2
2020-10-29 09:35:50,136.93,136.93,1,136.9,6,136.96,2,136.96,136.9,136.9,6,136.89,4,136.88,1,136.87,8,,,,,,,,,,,,,136.96,2,136.98,3,136.99,3,137.01,2,137.04,7,137.05,3,137.06,1,137.07,2,137.08,3,137.09,3
2020-10-29 09:35:51,136.93,136.96,1,136.9,4,136.96,1,136.96,136.9,136.9,4,136.89,4,136.88,1,136.87,8,,,,,,,,,,,,,136.96,1,136.98,3,136.99,3,137.01,2,137.04,7,137.05,3,137.06,1,137.07,2,137.08,3,137.09,3
2020-10-29 09:35:52,136.915,136.89,1,136.87,6,136.96,3,136.96,136.87,136.87,6,,,,,,,,,,,,,,,,,,,136.96,3,136.98,3,136.99,3,137.01,2,137.04,7,137.05,3,137.06,1,137.07,2,137.08,3,137.09,3
2020-10-29 09:35:53,136.91,136.96,2,136.88,1,136.94,3,136.94,136.88,136.88,1,136.87,7,,,,,,,,,,,,,,,,,136.94,3,136.95,4,136.96,3,136.97,4,136.98,3,136.99,3,137.01,2,137.04,7,137.05,3,137.06,1
2020-10-29 09:35:54,136.895,136.87,1,136.85,4,136.94,7,136.94,136.85,136.85,4,,,,,,,,,,,,,,,,,,,136.94,7,136.95,4,136.96,3,136.97,4,136.98,3,136.99,3,137.01,2,137.04,7,137.05,3,137.06,1
2020-10-29 09:35:55,136.88,136.9,1,136.83,3,136.93,3,136.93,136.83,136.83,3,,,,,,,,,,,,,,,,,,,136.93,3,136.95,6,136.96,3,136.97,4,136.98,3,136.99,3,137.01,2,137.04,7,137.05,3,137.06,1
2020-10-29 09:35:56,136.805,136.83,1,136.76,1,136.85,1,136.85,136.76,136.76,1,136.75,4,,,,,,,,,,,,,,,,,136.85,1,136.87,3,136.88,5,136.89,3,136.9,3,136.91,2,136.92,3,136.93,3,136.95,6,136.96,3
2020-10-29 09:35:57,136.81,136.75,1,136.75,3,136.87,3,136.87,136.75,136.75,3,136.74,3,,,,,,,,,,,,,,,,,136.87,3,136.88,4,136.89,3,136.9,3,136.91,2,136.92,3,136.93,3,136.95,6,136.96,3,136.97,4
2020-10-29 09:35:58,136.84,136.87,1,136.8,1,136.88,5,136.88,136.8,136.8,1,136.79,1,136.76,1,136.75,2,136.74,5,,,,,,,,,,,136.88,5,136.89,3,136.9,3,136.91,2,136.92,3,136.93,3,136.95,6,136.96,3,136.97,4,136.98,3
2020-10-29 09:35:59,136.835,136.79,1,136.79,1,136.88,5,136.88,136.79,136.79,1,136.76,1,136.75,2,136.74,5,,,,,,,,,,,,,136.88,5,136.89,3,136.9,3,136.91,2,136.92,3,136.93,3,136.95,6,136.96,3,136.97,4,136.98,3
2020-10-29 09:36:00,136.83,136.79,1,136.79,2,136.87,1,136.87,136.79,136.79,2,136.76,1,136.75,2,136.74,5,,,,,,,,,,,,,136.87,1,136.88,5,136.89,3,136.9,3,136.91,2,136.92,3,136.93,3,136.95,6,136.96,3,136.97,4
2020-10-29 09:36:01,136.83,136.87,1,136.79,2,136.87,1,136.87,136.79,136.79,2,136.76,1,136.75,2,136.74,5,,,,,,,,,,,,,136.87,1,136.88,5,136.89,3,136.9,3,136.91,2,136.92,3,136.93,3,136.95,6,136.96,3,136.97,4
2020-10-29 09:36:02,136.83,136.87,1,136.79,2,136.87,3,136.87,136.79,136.79,2,136.76,1,136.75,2,136.74,5,,,,,,,,,,,,,136.87,3,136.88,5,136.89,3,136.9,3,136.91,2,136.92,3,136.93,3,136.95,6,136.96,3,136.97,4
2020-10-29 09:36:03,136.83,136.83,1,136.79,4,136.87,3,136.87,136.79,136.79,4,136.76,1,136.75,2,136.74,5,,,,,,,,,,,,,136.87,3,136.88,5,136.89,3,136.9,3,136.91,2,136.92,3,136.93,3,136.95,6,136.96,3,136.97,4
2020-10-29 09:36:04,136.83,136.83,1,136.79,3,136.87,6,136.87,136.79,136.79,3,136.78,2,136.77,4,136.76,3,136.75,1,136.74,5,,,,,,,,,136.87,6,136.88,5,136.89,3,136.9,3,136.91,2,136.92,3,136.93,3,136.95,6,136.96,3,136.97,4
2020-10-29 09:36:05,136.795,136.79,1,136.75,2,136.84,1,136.84,136.75,136.75,2,136.74,5,,,,,,,,,,,,,,,,,136.84,1,136.85,1,136.86,1,136.87,6,136.88,5,136.89,3,136.9,3,136.91,2,136.92,3,136.93,3
2020-10-29 09:36:06,136.82,136.83,1,136.77,1,136.87,7,136.87,136.77,136.77,1,136.75,2,136.74,6,,,,,,,,,,,,,,,136.87,7,136.88,5,136.89,3,136.9,3,136.91,2,136.92,3,136.93,3,136.95,6,136.96,3,136.97,4
2020-10-29 09:36:07,136.8,136.75,1,136.75,3,136.85,1,136.85,136.75,136.75,3,136.74,4,,,,,,,,,,,,,,,,,136.85,1,136.86,2,136.87,8,136.88,5,136.89,3,136.9,3,136.91,2,136.92,3,136.93,3,136.95,6
2020-10-29 09:36:08,136.81,136.83,1,136.77,4,136.85,2,136.85,136.77,136.77,4,136.76,1,136.75,3,136.74,4,,,,,,,,,,,,,136.85,2,136.86,2,136.87,8,136.88,5,136.89,3,136.9,3,136.91,2,136.92,3,136.93,3,136.95,6
2020-10-29 09:36:09,136.835,136.86,1,136.79,1,136.88,10,136.88,136.79,136.79,1,136.77,2,136.76,1,136.75,3,136.74,4,,,,,,,,,,,136.88,10,136.89,3,136.9,3,136.91,2,136.92,3,136.93,3,136.95,6,136.96,3,136.97,4,136.98,3
2020-10-29 09:36:10,136.85,137.24,71,136.8,1,136.9,2,136.9,136.8,136.8,1,136.79,3,136.77,2,136.76,1,136.75,3,136.74,4,,,,,,,,,136.9,2,136.91,5,136.92,3,136.93,3,136.95,6,136.96,3,136.97,4,136.98,3,136.99,3,137.01,2
2020-10-29 09:36:11,136.85,137.24,71,136.8,1,136.9,4,136.9,136.8,136.8,1,136.79,4,136.77,2,136.76,1,136.75,3,136.74,4,,,,,,,,,136.9,4,136.91,5,136.92,3,136.93,3,136.95,6,136.96,3,136.97,4,136.98,3,136.99,3,137.01,2
2020-10-29 09:36:12,136.85,136.8,2,136.8,3,136.9,4,136.9,136.8,136.8,3,136.79,4,136.77,2,136.76,1,136.75,3,136.74,4,,,,,,,,,136.9,4,136.91,5,136.92,3,136.93,3,136.95,6,136.96,3,136.97,4,136.98,3,136.99,3,137.01,2
2020-10-29 09:36:13,136.86,136.9,1,136.82,3,136.9,3,136.9,136.82,136.82,3,136.81,1,136.8,3,136.79,4,136.77,2,136.76,1,136.75,3,136.74,4,,,,,136.9,3,136.91,5,136.92,3,136.93,3,136.95,6,136.96,3,136.97,4,136.98,3,136.99,3,137.01,2
2020-10-29 09:36:14,136.855,136.89,1,136.81,1,136.9,5,136.9,136.81,136.81,1,136.8,3,136.79,4,136.77,2,136.76,1,136.75,3,136.74,4,,,,,,,136.9,5,136.91,5,136.92,3,136.93,3,136.95,6,136.96,3,136.97,4,136.98,3,136.99,3,137.01,2
2020-10-29 09:36:15,136.85,136.89,1,136.81,1,136.89,3,136.89,136.81,136.81,1,136.8,3,136.79,4,136.77,2,136.76,1,136.75,3,136.74,4,,,,,,,136.89,3,136.9,5,136.91,5,136.92,3,136.93,3,136.95,6,136.96,3,136.97,4,136.98,3,136.99,3
2020-10-29 09:36:16,136.845,136.86,1,136.8,2,136.89,4,136.89,136.8,136.8,2,136.79,1,136.78,4,136.77,2,136.76,1,136.75,3,136.74,4,,,,,,,136.89,4,136.9,6,136.91,5,136.92,3,136.93,3,136.95,6,136.96,3,136.97,4,136.98,3,136.99,3
2020-10-29 09:36:17,136.83,136.81,1,136.8,3,136.86,1,136.86,136.8,136.8,3,136.79,1,136.78,4,136.77,2,136.76,1,136.75,3,136.74,4,,,,,,,136.86,1,136.9,7,136.91,5,136.92,3,136.93,3,136.95,6,136.96,3,136.97,4,136.98,3,136.99,3
2020-10-29 09:36:18,136.83,136.81,1,136.8,3,136.86,1,136.86,136.8,136.8,3,136.79,1,136.78,4,136.77,2,136.76,1,136.75,3,136.74,4,,,,,,,136.86,1,136.9,7,136.91,5,136.92,3,136.93,3,136.95,6,136.96,3,136.97,4,136.98,3,136.99,3
2020-10-29 09:36:19,136.815,136.81,1,136.77,3,136.86,3,136.86,136.77,136.77,3,136.76,1,136.75,3,136.74,4,,,,,,,,,,,,,136.86,3,136.9,7,136.91,5,136.92,3,136.93,3,136.95,6,136.96,3,136.97,4,136.98,3,136.99,3
2020-10-29 09:36:20,136.8,136.85,2,136.75,1,136.85,3,136.85,136.75,136.75,1,136.74,4,,,,,,,,,,,,,,,,,136.85,3,136.87,1,136.9,7,136.91,5,136.92,3,136.93,3,136.95,6,136.96,3,136.97,4,136.98,3
2020-10-29 09:36:21,136.79,136.85,2,136.74,4,136.84,3,136.84,136.74,136.74,4,,,,,,,,,,,,,,,,,,,136.84,3,136.85,3,136.87,1,136.9,7,136.91,5,136.92,3,136.93,3,136.95,6,136.96,3,136.97,4
2020-10-29 09:36:22,136.79,136.85,2,136.74,5,136.84,3,136.84,136.74,136.74,5,,,,,,,,,,,,,,,,,,,136.84,3,136.85,3,136.87,1,136.9,7,136.91,5,136.92,3,136.93,3,136.95,6,136.96,3,136.97,4
2020-10-29 09:36:23,136.76,136.74,1,136.71,1,136.81,4,136.81,136.71,136.71,1,136.7,4,,,,,,,,,,,,,,,,,136.81,4,136.82,2,136.84,3,136.85,3,136.87,1,136.9,7,136.91,5,136.92,3,136.93,3,136.95,6
2020-10-29 09:36:24,136.785,136.74,1,136.74,1,136.83,2,136.83,136.74,136.74,1,136.73,3,136.71,1,136.7,4,,,,,,,,,,,,,136.83,2,136.84,4,136.85,3,136.87,1,136.9,7,136.91,5,136.92,3,136.93,3,136.95,6,136.96,3
2020-10-29 09:36:25,136.8,136.84,1,136.75,9,136.85,1,136.85,136.75,136.75,9,136.74,3,136.73,3,136.71,1,136.7,4,,,,,,,,,,,136.85,1,136.86,5,136.87,6,136.9,7,136.91,5,136.92,3,136.93,3,136.95,6,136.96,3,136.97,4
2020-10-29 09:36:26,136.805,136.81,1,136.77,4,136.84,3,136.84,136.77,136.77,4,136.76,7,136.75,9,136.74,3,136.73,3,136.71,1,136.7,4,,,,,,,136.84,3,136.86,7,136.87,6,136.9,7,136.91,5,136.92,3,136.93,3,136.95,6,136.96,3,136.97,4
2020-10-29 09:36:27,136.81,136.81,1,136.78,1,136.84,3,136.84,136.78,136.78,1,136.77,5,136.76,7,136.75,9,136.74,3,136.73,3,136.71,1,136.7,4,,,,,136.84,3,136.86,7,136.87,6,136.9,7,136.91,5,136.92,3,136.93,3,136.95,6,136.96,3,136.97,4
2020-10-29 09:36:28,136.82,136.78,1,136.78,6,136.86,6,136.86,136.78,136.78,6,136.77,6,136.76,7,136.75,9,136.74,3,136.73,3,136.71,1,136.7,4,,,,,136.86,6,136.87,6,136.9,7,136.91,5,136.92,3,136.93,3,136.95,6,136.96,3,136.97,4,136.98,3
2020-10-29 09:36:29,136.83,136.85,1,136.81,3,136.85,1,136.85,136.81,136.81,3,136.8,3,136.79,1,136.78,6,136.77,6,136.76,7,136.75,9,136.74,3,136.73,3,136.71,1,136.85,1,136.86,6,136.87,6,136.9,7,136.91,5,136.92,3,136.93,3,136.95,6,136.96,3,136.97,4
2020-10-29 09:36:30,136.835,136.85,1,136.81,3,136.86,6,136.86,136.81,136.81,3,136.79,2,136.78,6,136.77,6,136.76,7,136.75,9,136.74,3,136.73,3,136.71,1,136.7,4,136.86,6,136.87,6,136.9,7,136.91,5,136.92,3,136.93,3,136.95,6,136.96,3,136.97,4,136.98,3
2020-10-29 09:36:31,136.845,136.85,1,136.82,3,136.87,7,136.87,136.82,136.82,3,136.81,3,136.79,2,136.78,6,136.77,6,136.76,7,136.75,9,136.74,3,136.73,3,136.71,1,136.87,7,136.9,7,136.91,5,136.92,3,136.93,3,136.95,6,136.96,3,136.97,4,136.98,3,136.99,3
2020-10-29 09:36:32,136.89,136.87,1,136.87,6,136.91,4,136.91,136.87,136.87,6,136.86,3,136.84,2,136.83,3,136.82,5,136.81,3,136.79,2,136.78,6,136.77,6,136.76,7,136.91,4,136.92,3,136.93,3,136.95,6,136.96,3,136.97,4,136.98,3,136.99,3,137.01,2,137.04,7
2020-10-29 09:36:33,136.87,136.86,1,136.84,3,136.9,2,136.9,136.84,136.84,3,136.83,3,136.82,5,136.81,3,136.79,2,136.78,6,136.77,6,136.76,7,136.75,9,136.74,3,136.9,2,136.91,5,136.92,3,136.93,3,136.95,6,136.96,3,136.97,4,136.98,3,136.99,3,137.01,2
2020-10-29 09:36:34,136.87,136.87,1,136.84,4,136.9,4,136.9,136.84,136.84,4,136.83,3,136.82,5,136.81,3,136.79,2,136.78,6,136.77,6,136.76,7,136.75,9,136.74,3,136.9,4,136.91,5,136.92,3,136.93,3,136.95,6,136.96,3,136.97,4,136.98,3,136.99,3,137.01,2
2020-10-29 09:36:35,136.87,136.87,1,136.84,4,136.9,1,136.9,136.84,136.84,4,136.83,3,136.82,5,136.81,3,136.79,2,136.78,6,136.77,6,136.76,7,136.75,9,136.74,3,136.9,1,136.91,6,136.92,3,136.93,3,136.95,6,136.96,3,136.97,4,136.98,3,136.99,3,137.01,2
2020-10-29 09:36:36,136.875,136.87,1,136.84,4,136.91,7,136.91,136.84,136.84,4,136.83,3,136.82,5,136.81,3,136.79,2,136.78,6,136.77,6,136.76,7,136.75,9,136.74,3,136.91,7,136.92,3,136.93,3,136.95,6,136.96,3,136.97,4,136.98,3,136.99,3,137.01,2,137.04,7
2020-10-29 09:36:37,136.875,136.87,1,136.84,6,136.91,7,136.91,136.84,136.84,6,136.83,3,136.82,5,136.81,3,136.79,2,136.78,6,136.77,6,136.76,7,136.75,9,136.74,3,136.91,7,136.92,3,136.93,3,136.95,6,136.96,3,136.97,4,136.98,3,136.99,3,137.01,2,137.04,7
2020-10-29 09:36:38,136.9,136.87,1,136.87,3,136.93,1,136.93,136.87,136.87,3,136.84,6,136.83,3,136.82,5,136.81,3,136.79,2,136.78,6,136.77,6,136.76,7,136.75,9,136.93,1,136.94,2,136.95,6,136.96,3,136.97,4,136.98,3,136.99,3,137.01,2,137.04,7,137.05,3
2020-10-29 09:36:39,136.94,136.9,1,136.91,2,136.97,6,136.97,136.91,136.91,2,136.9,1,136.88,1,136.87,8,136.84,6,136.83,3,136.82,5,136.81,3,136.79,2,136.78,6,136.97,6,136.98,3,136.99,3,137.01,2,137.04,7,137.05,3,137.06,1,137.07,2,137.08,3,137.09,3
2020-10-29 09:36:40,136.965,136.97,1,136.94,2,136.99,7,136.99,136.94,136.94,2,136.93,1,136.91,2,136.9,1,136.88,1,136.87,8,136.84,6,136.83,3,136.82,5,136.81,3,136.99,7,137.01,2,137.04,7,137.05,3,137.06,1,137.07,2,137.08,3,137.09,3,137.1,6,137.11,3
2020-10-29 09:36:41,136.93,136.97,1,136.89,5,136.97,1,136.97,136.89,136.89,5,136.88,3,136.87,8,136.84,6,136.83,3,136.82,5,136.81,3,136.79,2,136.78,6,136.77,6,136.97,1,136.98,3,136.99,8,137.01,2,137.04,7,137.05,3,137.06,1,137.07,2,137.08,3,137.09,3
