sim_time,mid_price,last_price,last_size,best_bid_price,best_bid_size,best_ask_price,best_ask_size,close_price_buy,close_price_sell,bid1_price,bid1_size,bid2_price,bid2_size,bid3_price,bid3_size,bid4_price,bid4_size,bid5_price,bid5_size,bid6_price,bid6_size,bid7_price,bid7_size,bid8_price,bid8_size,bid9_price,bid9_size,bid10_price,bid10_size,ask1_price,ask1_size,ask2_price,ask2_size,ask3_price,ask3_size,ask4_price,ask4_size,ask5_price,ask5_size,ask6_price,ask6_size,ask7_price,ask7_size,ask8_price,ask8_size,ask9_price,ask9_size,ask10_price,ask10_size
2020-10-29 09:30:25,679.675,680.81,1,678.14,1,681.21,1,681.21,678.14,678.14,1,678.08,1,678.03,1,677.98,1,677.85,1,677.82,1,677.8,1,677.69,1,677.68,1,677.5,1,681.21,1,683.67,2,684.13,2,685.47,1,,,,,,,,,,,,
2020-10-29 09:30:26,679.675,680.81,1,678.14,1,681.21,1,681.21,678.14,678.14,1,678.08,1,678.03,1,677.98,1,677.85,1,677.82,1,677.8,1,677.69,1,677.68,1,677.5,1,681.21,1,683.67,2,684.13,2,685.47,1,,,,,,,,,,,,
2020-10-29 09:30:27,679.705,680.81,1,678.2,1,681.21,1,681.21,678.2,678.2,1,678.14,1,678.08,1,678.03,1,677.98,1,677.85,1,677.82,1,677.8,1,677.69,1,677.68,1,681.21,1,683.67,2,684.13,2,685.47,1,,,,,,,,,,,,
2020-10-29 09:30:28,679.74,680.81,1,678.27,1,681.21,1,681.21,678.27,678.27,1,678.2,1,678.14,1,678.08,1,678.03,1,677.98,1,677.85,1,677.82,1,677.8,1,677.69,1,681.21,1,683.67,2,684.13,2,685.47,1,,,,,,,,,,,,
2020-10-29 09:30:29,679.755,680.81,1,678.3,1,681.21,1,681.21,678.3,678.3,1,678.28,1,678.27,1,678.2,1,678.14,1,678.08,1,678.03,1,677.98,1,677.85,1,677.82,1,681.21,1,683.67,2,684.13,2,685.47,1,,,,,,,,,,,,
2020-10-29 09:30:30,679.775,680.81,1,678.34,1,681.21,1,681.21,678.34,678.34,1,678.3,1,678.28,1,678.27,1,678.2,1,678.14,1,678.08,1,678.03,1,677.98,1,677.85,1,681.21,1,683.67,2,684.13,2,685.47,1,,,,,,,,,,,,
2020-10-29 09:30:31,679.775,680.81,1,678.34,1,681.21,1,681.21,678.34,678.34,1,678.3,1,678.28,1,678.27,1,678.2,1,678.14,1,678.08,1,678.03,1,677.98,1,677.85,1,681.21,1,683.67,2,684.13,2,685.47,1,,,,,,,,,,,,
2020-10-29 09:30:32,679.775,680.81,1,678.34,1,681.21,1,681.21,678.34,678.34,1,678.3,1,678.28,1,678.27,1,678.2,1,678.14,1,678.08,1,678.03,1,677.98,1,677.85,1,681.21,1,683.67,2,684.13,2,685.47,1,,,,,,,,,,,,
2020-10-29 09:30:34,679.775,680.81,1,678.34,1,681.21,1,681.21,678.34,678.34,1,678.3,1,678.28,1,678.27,1,678.2,1,678.14,1,678.08,1,678.03,1,677.98,1,677.85,1,681.21,1,683.67,2,684.13,2,685.47,1,,,,,,,,,,,,
2020-10-29 09:30:35,679.775,680.81,1,678.34,1,681.21,1,681.21,678.34,678.34,1,678.3,1,678.28,1,678.27,1,678.2,1,678.14,1,678.08,1,678.03,1,677.98,1,677.85,1,681.21,1,683.67,2,684.13,2,685.47,1,,,,,,,,,,,,
2020-10-29 09:30:35,679.775,680.81,1,678.34,1,681.21,1,681.21,678.34,678.34,1,678.3,1,678.28,1,678.27,1,678.2,1,678.14,1,678.08,1,678.03,1,677.98,1,677.85,1,681.21,1,683.67,2,684.13,2,685.47,1,,,,,,,,,,,,
2020-10-29 09:30:37,679.775,680.81,1,678.34,1,681.21,1,681.21,678.34,678.34,1,678.3,1,678.28,1,678.27,1,678.2,1,678.14,1,678.08,1,678.03,1,677.98,1,677.85,1,681.21,1,683.67,2,684.13,2,685.47,1,,,,,,,,,,,,
2020-10-29 09:30:38,679.955,680.81,1,678.28,3,681.63,1,681.63,678.28,678.28,3,678.27,1,678.2,1,678.14,1,678.08,1,678.03,1,677.98,1,677.85,1,677.82,1,677.8,1,681.63,1,681.95,1,683.17,1,683.67,2,684.13,2,685.47,1,,,,,,,,
2020-10-29 09:30:39,680.14,680.81,1,678.74,1,681.54,1,681.54,678.74,678.74,1,678.28,2,678.27,1,678.2,1,678.14,1,678.08,1,678.03,1,677.98,1,677.85,1,677.82,1,681.54,1,681.63,1,681.95,1,683.17,1,683.67,2,684.13,2,685.47,1,,,,,,
2020-10-29 09:30:40,680.14,680.81,1,678.74,1,681.54,1,681.54,678.74,678.74,1,678.28,2,678.27,1,678.2,1,678.14,1,678.08,1,678.03,1,677.98,1,677.85,1,677.82,1,681.54,1,681.63,1,681.95,1,683.17,1,683.67,2,684.13,2,685.47,1,,,,,,
2020-10-29 09:30:41,680.14,680.81,1,678.74,1,681.54,1,681.54,678.74,678.74,1,678.28,2,678.27,1,678.2,1,678.14,1,678.08,1,678.03,1,677.98,1,677.85,1,677.82,1,681.54,1,681.63,1,681.95,1,683.17,1,683.67,2,684.13,2,685.47,1,,,,,,
2020-10-29 09:30:41,680.14,680.81,1,678.74,1,681.54,1,681.54,678.74,678.74,1,678.28,2,678.27,1,678.2,1,678.14,1,678.08,1,678.03,1,677.98,1,677.85,1,677.82,1,681.54,1,681.63,1,681.95,1,683.17,1,683.67,2,684.13,2,685.47,1,,,,,,
2020-10-29 09:30:43,680.14,680.81,1,678.74,1,681.54,1,681.54,678.74,678.74,1,678.28,2,678.27,1,678.2,1,678.14,1,678.08,1,678.03,1,677.98,1,677.85,1,677.82,1,681.54,1,681.63,1,681.95,1,683.17,1,683.67,2,684.13,2,685.47,1,,,,,,
2020-10-29 09:30:43,679.875,680.81,1,678.28,2,681.47,1,681.47,678.28,678.28,2,678.27,1,678.2,1,678.14,1,678.08,1,678.03,1,677.98,1,677.85,1,677.82,1,677.8,1,681.47,1,681.53,1,681.54,1,681.63,1,681.95,1,683.17,1,683.67,2,684.13,2,685.47,1,,
2020-10-29 09:30:44,680.025,680.81,1,678.75,1,681.3,1,681.3,678.75,678.75,1,678.28,2,678.27,1,678.2,1,678.14,1,678.08,1,678.03,1,677.98,1,677.85,1,677.82,1,681.3,1,681.41,1,681.47,1,681.53,1,681.54,1,681.63,1,681.95,1,683.17,1,683.67,2,684.13,2
2020-10-29 09:30:46,680.02,680.81,1,678.75,1,681.29,1,681.29,678.75,678.75,1,678.28,2,678.27,1,678.2,1,678.14,1,678.08,1,678.03,1,677.98,1,677.85,1,677.82,1,681.29,1,681.3,1,681.41,1,681.47,1,681.53,1,681.54,1,681.63,1,681.95,1,683.17,1,683.67,2
2020-10-29 09:30:47,680.02,680.81,1,678.75,1,681.29,1,681.29,678.75,678.75,1,678.28,2,678.27,1,678.2,1,678.14,1,678.08,1,678.03,1,677.98,1,677.85,1,677.82,1,681.29,1,681.3,1,681.41,1,681.47,1,681.53,1,681.54,1,681.63,1,681.95,1,683.17,1,683.67,2
2020-10-29 09:30:47,680.02,680.81,1,678.75,1,681.29,1,681.29,678.75,678.75,1,678.28,2,678.27,1,678.2,1,678.14,1,678.08,1,678.03,1,677.98,1,677.85,1,677.82,1,681.29,1,681.3,1,681.41,1,681.47,1,681.53,1,681.54,1,681.63,1,681.95,1,683.17,1,683.67,2
2020-10-29 09:30:49,680.02,680.81,1,678.75,1,681.29,1,681.29,678.75,678.75,1,678.28,2,678.27,1,678.2,1,678.14,1,678.08,1,678.03,1,677.98,1,677.85,1,677.82,1,681.29,1,681.3,1,681.41,1,681.47,1,681.53,1,681.54,1,681.63,1,681.95,1,683.17,1,683.67,2
2020-10-29 09:30:50,680.015,680.81,1,678.75,1,681.28,1,681.28,678.75,678.75,1,678.28,2,678.27,1,678.2,1,678.14,1,678.08,1,678.03,1,677.98,1,677.85,1,677.82,1,681.28,1,681.29,1,681.3,1,681.41,1,681.47,1,681.53,1,681.54,1,681.63,1,681.95,1,683.17,1
2020-10-29 09:30:51,679.995,680.81,1,678.75,1,681.24,1,681.24,678.75,678.75,1,678.28,2,678.27,1,678.2,1,678.14,1,678.08,1,678.03,1,677.98,1,677.85,1,677.82,1,681.24,1,681.28,1,681.29,1,681.3,1,681.41,1,681.47,1,681.53,1,681.54,1,681.63,1,681.95,1
2020-10-29 09:30:51,679.975,680.81,1,678.75,1,681.2,1,681.2,678.75,678.75,1,678.28,2,678.27,1,678.2,1,678.14,1,678.08,1,678.03,1,677.98,1,677.85,1,677.82,1,681.2,1,681.24,1,681.28,1,681.29,1,681.3,1,681.41,1,681.47,1,681.53,1,681.54,1,681.63,1
2020-10-29 09:30:53,679.975,680.81,1,678.75,1,681.2,1,681.2,678.75,678.75,1,678.28,2,678.27,1,678.2,1,678.14,1,678.08,1,678.03,1,677.98,1,677.85,1,677.82,1,681.2,1,681.24,1,681.28,1,681.29,1,681.3,1,681.41,1,681.47,1,681.53,1,681.54,1,681.63,1
2020-10-29 09:30:54,679.975,680.81,1,678.75,1,681.2,1,681.2,678.75,678.75,1,678.28,2,678.27,1,678.2,1,678.14,1,678.08,1,678.03,1,677.98,1,677.85,1,677.82,1,681.2,1,681.24,1,681.28,1,681.29,1,681.3,1,681.41,1,681.47,1,681.53,1,681.54,1,681.63,1
2020-10-29 09:30:55,679.975,680.81,1,678.75,1,681.2,1,681.2,678.75,678.75,1,678.28,2,678.27,1,678.2,1,678.14,1,678.08,1,678.03,1,677.98,1,677.85,1,677.82,1,681.2,1,681.24,1,681.28,1,681.29,1,681.3,1,681.41,1,681.47,1,681.53,1,681.54,1,681.63,1
2020-10-29 09:30:56,679.975,680.81,1,678.75,1,681.2,1,681.2,678.75,678.75,1,678.28,2,678.27,1,678.2,1,678.14,1,678.08,1,678.03,1,677.98,1,677.85,1,677.82,1,681.2,1,681.24,1,681.28,1,681.29,1,681.3,1,681.41,1,681.47,1,681.53,1,681.54,1,681.63,1
2020-10-29 09:30:57,679.975,680.81,1,678.75,1,681.2,1,681.2,678.75,678.75,1,678.28,2,678.27,1,678.2,1,678.14,1,678.08,1,678.03,1,677.98,1,677.85,1,677.82,1,681.2,1,681.24,1,681.28,1,681.29,1,681.3,1,681.41,1,681.47,1,681.53,1,681.54,1,681.63,1
2020-10-29 09:30:58,679.975,680.81,1,678.75,1,681.2,1,681.2,678.75,678.75,1,678.28,2,678.27,1,678.2,1,678.14,1,678.08,1,678.03,1,677.98,1,677.85,1,677.82,1,681.2,1,681.24,1,681.28,1,681.29,1,681.3,1,681.41,1,681.47,1,681.53,1,681.54,1,681.63,1
2020-10-29 09:30:59,679.98,679.98,1,678.76,1,681.2,2,681.2,678.76,678.76,1,678.71,1,678.28,2,678.27,1,678.2,1,678.14,1,678.08,1,678.03,1,677.98,1,677.85,1,681.2,2,681.24,1,681.28,1,681.29,1,681.3,1,681.41,1,681.47,1,681.53,1,681.54,1,681.63,1
2020-10-29 09:31:00,679.975,679.98,1,678.76,1,681.19,1,681.19,678.76,678.76,1,678.71,1,678.28,2,678.27,1,678.2,1,678.14,1,678.08,1,678.03,1,677.98,1,677.85,1,681.19,1,681.2,2,681.24,1,681.28,1,681.29,1,681.3,1,681.41,1,681.47,1,681.53,1,681.54,1
2020-10-29 09:31:01,679.975,679.98,1,678.76,1,681.19,1,681.19,678.76,678.76,1,678.71,1,678.28,2,678.27,1,678.2,1,678.14,1,678.08,1,678.03,1,677.98,1,677.85,1,681.19,1,681.2,2,681.24,1,681.28,1,681.29,1,681.3,1,681.41,1,681.47,1,681.53,1,681.54,1
2020-10-29 09:31:02,679.975,679.98,1,678.76,1,681.19,1,681.19,678.76,678.76,1,678.71,1,678.28,2,678.27,1,678.2,1,678.14,1,678.08,1,678.03,1,677.98,1,677.85,1,681.19,1,681.2,2,681.24,1,681.28,1,681.29,1,681.3,1,681.41,1,681.47,1,681.53,1,681.54,1
2020-10-29 09:31:03,679.975,679.98,1,678.76,1,681.19,1,681.19,678.76,678.76,1,678.71,1,678.28,2,678.27,1,678.2,1,678.14,1,678.08,1,678.03,1,677.98,1,677.85,1,681.19,1,681.2,2,681.24,1,681.28,1,681.29,1,681.3,1,681.41,1,681.47,1,681.53,1,681.54,1
2020-10-29 09:31:04,679.975,679.98,1,678.76,1,681.19,1,681.19,678.76,678.76,1,678.71,1,678.28,2,678.27,1,678.2,1,678.14,1,678.08,1,678.03,1,677.98,1,677.85,1,681.19,1,681.2,2,681.24,1,681.28,1,681.29,1,681.3,1,681.41,1,681.47,1,681.53,1,681.54,1
2020-10-29 09:31:05,679.975,679.98,1,678.76,1,681.19,1,681.19,678.76,678.76,1,678.71,1,678.28,2,678.27,1,678.2,1,678.14,1,678.08,1,678.03,1,677.98,1,677.85,1,681.19,1,681.2,2,681.24,1,681.28,1,681.29,1,681.3,1,681.41,1,681.47,1,681.53,1,681.54,1
2020-10-29 09:31:06,679.975,679.98,1,678.76,1,681.19,1,681.19,678.76,678.76,1,678.71,1,678.28,2,678.27,1,678.2,1,678.14,1,678.08,1,678.03,1,677.98,1,677.85,1,681.19,1,681.2,2,681.24,1,681.28,1,681.29,1,681.3,1,681.41,1,681.47,1,681.53,1,681.54,1
2020-10-29 09:31:08,679.975,679.98,1,678.76,1,681.19,1,681.19,678.76,678.76,1,678.71,1,678.28,2,678.27,1,678.2,1,678.14,1,678.08,1,678.03,1,677.98,1,677.85,1,681.19,1,681.2,2,681.24,1,681.28,1,681.29,1,681.3,1,681.41,1,681.47,1,681.53,1,681.54,1
2020-10-29 09:31:09,679.975,679.98,1,678.76,1,681.19,1,681.19,678.76,678.76,1,678.71,1,678.28,2,678.27,1,678.2,1,678.14,1,678.08,1,678.03,1,677.98,1,677.85,1,681.19,1,681.2,2,681.24,1,681.28,1,681.29,1,681.3,1,681.41,1,681.47,1,681.53,1,681.54,1
2020-10-29 09:31:10,679.975,679.98,1,678.76,1,681.19,1,681.19,678.76,678.76,1,678.71,1,678.28,2,678.27,1,678.2,1,678.14,1,678.08,1,678.03,1,677.98,1,677.85,1,681.19,1,681.2,2,681.24,1,681.28,1,681.29,1,681.3,1,681.41,1,681.47,1,681.53,1,681.54,1
2020-10-29 09:31:11,679.975,679.98,1,678.76,1,681.19,1,681.19,678.76,678.76,1,678.71,1,678.28,2,678.27,1,678.2,1,678.14,1,678.08,1,678.03,1,677.98,1,677.85,1,681.19,1,681.2,2,681.24,1,681.28,1,681.29,1,681.3,1,681.41,1,681.47,1,681.53,1,681.54,1
2020-10-29 09:31:12,679.98,679.98,1,678.76,1,681.2,2,681.2,678.76,678.76,1,678.71,1,678.28,2,678.27,1,678.2,1,678.14,1,678.08,1,678.03,1,677.98,1,677.85,1,681.2,2,681.24,1,681.28,1,681.29,1,681.3,1,681.41,1,681.47,1,681.53,1,681.54,1,681.63,1
2020-10-29 09:31:13,679.98,679.98,1,678.76,1,681.2,2,681.2,678.76,678.76,1,678.71,1,678.28,2,678.27,1,678.2,1,678.14,1,678.08,1,678.03,1,677.98,1,677.85,1,681.2,2,681.24,1,681.28,1,681.29,1,681.3,1,681.41,1,681.47,1,681.53,1,681.54,1,681.63,1
2020-10-29 09:31:14,680.08,679.98,1,678.98,1,681.18,1,681.18,678.98,678.98,1,678.93,1,678.67,1,678.28,2,678.27,1,678.2,1,678.14,1,678.08,1,678.03,1,677.98,1,681.18,1,681.2,2,681.24,1,681.28,1,681.29,1,681.3,1,681.41,1,681.47,1,681.53,1,681.54,1
2020-10-29 09:31:15,681.585,679.98,1,680.0,1,683.17,2,683.17,680.0,680.0,1,679.89,1,679.67,1,679.61,1,679.16,1,678.98,1,678.19,1,678.14,1,678.08,1,678.03,1,683.17,2,683.67,2,684.13,2,685.47,1,,,,,,,,,,,,
2020-10-29 09:31:16,681.585,679.98,1,680.0,1,683.17,2,683.17,680.0,680.0,1,679.89,1,679.67,1,679.61,1,679.16,1,678.98,1,678.19,1,678.14,1,678.08,1,678.03,1,683.17,2,683.67,2,684.13,2,685.47,1,,,,,,,,,,,,
2020-10-29 09:31:17,681.585,679.98,1,680.0,1,683.17,2,683.17,680.0,680.0,1,679.89,1,679.67,1,679.61,1,679.16,1,678.98,1,678.19,1,678.14,1,678.08,1,678.03,1,683.17,2,683.67,2,684.13,2,685.47,1,,,,,,,,,,,,
2020-10-29 09:31:18,681.585,679.98,1,680.0,1,683.17,2,683.17,680.0,680.0,1,679.89,1,679.67,1,679.61,1,679.16,1,678.98,1,678.19,1,678.14,1,678.08,1,678.03,1,683.17,2,683.67,2,684.13,2,685.47,1,,,,,,,,,,,,
2020-10-29 09:31:19,681.585,679.98,1,680.0,1,683.17,2,683.17,680.0,680.0,1,679.89,1,679.67,1,679.61,1,679.16,1,678.98,1,678.19,1,678.14,1,678.08,1,678.03,1,683.17,2,683.67,2,684.13,2,685.47,1,,,,,,,,,,,,
2020-10-29 09:31:20,681.585,679.98,1,680.0,1,683.17,2,683.17,680.0,680.0,1,679.89,1,679.67,1,679.61,1,679.16,1,678.98,1,678.19,1,678.14,1,678.08,1,678.03,1,683.17,2,683.67,2,684.13,2,685.47,1,,,,,,,,,,,,
2020-10-29 09:31:21,681.585,679.98,1,680.0,1,683.17,2,683.17,680.0,680.0,1,679.89,1,679.67,1,679.61,1,679.16,1,678.98,1,678.19,1,678.14,1,678.08,1,678.03,1,683.17,2,683.67,2,684.13,2,685.47,1,,,,,,,,,,,,
2020-10-29 09:31:22,681.585,679.98,1,680.0,1,683.17,2,683.17,680.0,680.0,1,679.89,1,679.67,1,679.61,1,679.16,1,678.98,1,678.19,1,678.14,1,678.08,1,678.03,1,683.17,2,683.67,2,684.13,2,685.47,1,,,,,,,,,,,,
2020-10-29 09:31:23,681.59,679.98,1,680.01,1,683.17,2,683.17,680.01,680.01,1,679.74,1,679.67,1,679.61,1,679.16,1,678.98,1,678.19,1,678.14,1,678.08,1,678.03,1,683.17,2,683.67,2,684.13,2,685.47,1,,,,,,,,,,,,
2020-10-29 09:31:24,681.59,679.98,1,680.01,1,683.17,2,683.17,680.01,680.01,1,679.74,1,679.67,1,679.61,1,679.16,1,678.98,1,678.19,1,678.14,1,678.08,1,678.03,1,683.17,2,683.67,2,684.13,2,685.47,1,,,,,,,,,,,,
2020-10-29 09:31:25,681.59,679.98,1,680.01,1,683.17,2,683.17,680.01,680.01,1,679.74,1,679.67,1,679.61,1,679.16,1,678.98,1,678.19,1,678.14,1,678.08,1,678.03,1,683.17,2,683.67,2,684.13,2,685.47,1,,,,,,,,,,,,
2020-10-29 09:31:26,681.59,679.98,1,680.01,1,683.17,2,683.17,680.01,680.01,1,679.74,1,679.67,1,679.61,1,679.16,1,678.98,1,678.19,1,678.14,1,678.08,1,678.03,1,683.17,2,683.67,2,684.13,2,685.47,1,,,,,,,,,,,,
2020-10-29 09:31:27,682.51,679.98,1,680.02,3,685.0,1,685.0,680.02,680.02,3,680.01,1,679.74,1,679.67,1,679.61,1,679.16,1,678.98,1,678.19,1,678.14,1,678.08,1,685.0,1,685.03,1,685.13,1,685.47,1,,,,,,,,,,,,
2020-10-29 09:31:28,682.51,679.98,1,680.02,3,685.0,3,685.0,680.02,680.02,3,680.01,1,679.74,1,679.67,1,679.61,1,679.16,1,678.98,1,678.19,1,678.14,1,678.08,1,685.0,3,685.03,1,685.13,1,685.47,1,,,,,,,,,,,,
2020-10-29 09:31:29,682.51,679.98,1,680.02,3,685.0,3,685.0,680.02,680.02,3,680.01,1,679.74,1,679.67,1,679.61,1,679.16,1,678.98,1,678.19,1,678.14,1,678.08,1,685.0,3,685.03,1,685.13,1,685.47,1,,,,,,,,,,,,
2020-10-29 09:31:30,682.51,679.98,1,680.02,3,685.0,3,685.0,680.02,680.02,3,680.01,1,679.74,1,679.67,1,679.61,1,679.16,1,678.98,1,678.19,1,678.14,1,678.08,1,685.0,3,685.03,1,685.13,1,685.47,1,,,,,,,,,,,,
2020-10-29 09:31:31,682.51,679.98,1,680.02,3,685.0,3,685.0,680.02,680.02,3,680.01,1,679.74,1,679.67,1,679.61,1,679.16,1,678.98,1,678.19,1,678.14,1,678.08,1,685.0,3,685.03,1,685.13,1,685.47,1,,,,,,,,,,,,
2020-10-29 09:31:32,682.51,679.98,1,680.02,3,685.0,3,685.0,680.02,680.02,3,680.01,1,679.74,1,679.67,1,679.61,1,679.16,1,678.98,1,678.19,1,678.14,1,678.08,1,685.0,3,685.03,1,685.13,1,685.47,1,,,,,,,,,,,,
2020-10-29 09:31:33,682.51,679.98,1,680.02,3,685.0,3,685.0,680.02,680.02,3,680.01,1,679.74,1,679.67,1,679.61,1,679.16,1,678.98,1,678.19,1,678.14,1,678.08,1,685.0,3,685.03,1,685.13,1,685.47,1,,,,,,,,,,,,
2020-10-29 09:31:34,682.51,679.98,1,680.02,3,685.0,3,685.0,680.02,680.02,3,680.01,1,679.74,1,679.67,1,679.61,1,679.16,1,678.98,1,678.19,1,678.14,1,678.08,1,685.0,3,685.03,1,685.13,1,685.47,1,,,,,,,,,,,,
2020-10-29 09:31:35,682.51,679.98,1,680.02,3,685.0,3,685.0,680.02,680.02,3,680.01,1,679.74,1,679.67,1,679.61,1,679.16,1,678.98,1,678.19,1,678.14,1,678.08,1,685.0,3,685.03,1,685.13,1,685.47,1,,,,,,,,,,,,
2020-10-29 09:31:36,682.51,679.98,1,680.02,3,685.0,3,685.0,680.02,680.02,3,680.01,1,679.74,1,679.67,1,679.61,1,679.16,1,678.98,1,678.19,1,678.14,1,678.08,1,685.0,3,685.03,1,685.13,1,685.47,1,,,,,,,,,,,,
2020-10-29 09:31:37,682.51,679.98,1,680.02,3,685.0,3,685.0,680.02,680.02,3,680.01,1,679.74,1,679.67,1,679.61,1,679.16,1,678.98,1,678.19,1,678.14,1,678.08,1,685.0,3,685.03,1,685.13,1,685.47,1,,,,,,,,,,,,
2020-10-29 09:31:38,682.51,679.98,1,680.02,3,685.0,3,685.0,680.02,680.02,3,680.01,1,679.74,1,679.67,1,679.61,1,679.16,1,678.98,1,678.19,1,678.14,1,678.08,1,685.0,3,685.03,1,685.13,1,685.47,1,,,,,,,,,,,,
2020-10-29 09:31:39,682.51,679.98,1,680.02,3,685.0,3,685.0,680.02,680.02,3,680.01,1,679.74,1,679.67,1,679.61,1,679.16,1,678.98,1,678.19,1,678.14,1,678.08,1,685.0,3,685.03,1,685.13,1,685.47,1,,,,,,,,,,,,
2020-10-29 09:31:40,682.51,679.98,1,680.02,3,685.0,3,685.0,680.02,680.02,3,680.01,1,679.74,1,679.67,1,679.61,1,679.16,1,678.98,1,678.19,1,678.14,1,678.08,1,685.0,3,685.03,1,685.13,1,685.47,1,,,,,,,,,,,,
2020-10-29 09:31:41,682.51,679.98,1,680.02,3,685.0,3,685.0,680.02,680.02,3,680.01,1,679.74,1,679.67,1,679.61,1,679.16,1,678.98,1,678.19,1,678.14,1,678.08,1,685.0,3,685.03,1,685.13,1,685.47,1,,,,,,,,,,,,
2020-10-29 09:31:42,682.51,679.98,1,680.02,3,685.0,3,685.0,680.02,680.02,3,680.01,1,679.74,1,679.67,1,679.61,1,679.16,1,678.98,1,678.19,1,678.14,1,678.08,1,685.0,3,685.03,1,685.13,1,685.47,1,,,,,,,,,,,,
2020-10-29 09:31:43,682.51,679.98,1,680.02,3,685.0,3,685.0,680.02,680.02,3,680.01,1,679.74,1,679.67,1,679.61,1,679.16,1,678.98,1,678.19,1,678.14,1,678.08,1,685.0,3,685.03,1,685.13,1,685.47,1,,,,,,,,,,,,
2020-10-29 09:31:44,682.51,679.98,1,680.02,3,685.0,3,685.0,680.02,680.02,3,680.01,1,679.74,1,679.67,1,679.61,1,679.16,1,678.98,1,678.19,1,678.14,1,678.08,1,685.0,3,685.03,1,685.13,1,685.47,1,,,,,,,,,,,,
2020-10-29 09:31:45,682.51,679.98,1,680.02,3,685.0,3,685.0,680.02,680.02,3,680.01,1,679.74,1,679.67,1,679.61,1,679.16,1,678.98,1,678.19,1,678.14,1,678.08,1,685.0,3,685.03,1,685.13,1,685.47,1,,,,,,,,,,,,
2020-10-29 09:31:46,682.51,679.98,1,680.02,3,685.0,3,685.0,680.02,680.02,3,680.01,1,679.74,1,679.67,1,679.61,1,679.16,1,678.98,1,678.19,1,678.14,1,678.08,1,685.0,3,685.03,1,685.13,1,685.47,1,,,,,,,,,,,,
2020-10-29 09:31:47,682.51,679.98,1,680.02,3,685.0,3,685.0,680.02,680.02,3,680.01,1,679.74,1,679.67,1,679.61,1,679.16,1,678.98,1,678.19,1,678.14,1,678.08,1,685.0,3,685.03,1,685.13,1,685.47,1,,,,,,,,,,,,
2020-10-29 09:31:48,682.51,679.98,1,680.02,3,685.0,3,685.0,680.02,680.02,3,680.01,1,679.74,1,679.67,1,679.61,1,679.16,1,678.98,1,678.19,1,678.14,1,678.08,1,685.0,3,685.03,1,685.13,1,685.47,1,,,,,,,,,,,,
2020-10-29 09:31:49,682.51,679.98,1,680.02,3,685.0,3,685.0,680.02,680.02,3,680.01,1,679.74,1,679.67,1,679.61,1,679.16,1,678.98,1,678.19,1,678.14,1,678.08,1,685.0,3,685.03,1,685.13,1,685.47,1,,,,,,,,,,,,
2020-10-29 09:31:50,682.51,679.98,1,680.02,3,685.0,3,685.0,680.02,680.02,3,680.01,1,679.74,1,679.67,1,679.61,1,679.16,1,678.98,1,678.19,1,678.14,1,678.08,1,685.0,3,685.03,1,685.13,1,685.47,1,,,,,,,,,,,,
2020-10-29 09:31:51,682.51,679.98,1,680.02,3,685.0,3,685.0,680.02,680.02,3,680.01,1,679.74,1,679.67,1,679.61,1,679.16,1,678.98,1,678.19,1,678.14,1,678.08,1,685.0,3,685.03,1,685.13,1,685.47,1,,,,,,,,,,,,
2020-10-29 09:31:52,682.505,679.98,1,680.02,3,684.99,2,684.99,680.02,680.02,3,680.01,1,679.74,1,679.67,1,679.61,1,679.16,1,678.98,1,678.19,1,678.14,1,678.08,1,684.99,2,685.0,3,685.03,1,685.13,1,685.47,1,,,,,,,,,,
2020-10-29 09:31:53,682.505,680.02,1,680.02,3,684.99,2,684.99,680.02,680.02,3,680.01,1,679.74,1,679.67,1,679.61,1,679.16,1,678.98,1,678.19,1,678.14,1,678.08,1,684.99,2,685.0,3,685.03,1,685.13,1,685.47,1,,,,,,,,,,
2020-10-29 09:31:54,682.505,680.02,1,680.02,3,684.99,2,684.99,680.02,680.02,3,680.01,1,679.74,1,679.67,1,679.61,1,679.16,1,678.98,1,678.19,1,678.14,1,678.08,1,684.99,2,685.0,3,685.03,1,685.13,1,685.47,1,,,,,,,,,,
2020-10-29 09:31:55,682.505,680.02,1,680.02,3,684.99,2,684.99,680.02,680.02,3,680.01,1,679.74,1,679.67,1,679.61,1,679.16,1,678.98,1,678.19,1,678.14,1,678.08,1,684.99,2,685.0,3,685.03,1,685.13,1,685.47,1,,,,,,,,,,
2020-10-29 09:31:56,682.495,680.02,1,680.02,3,684.97,2,684.97,680.02,680.02,3,680.01,1,679.74,1,679.67,1,679.61,1,679.16,1,678.98,1,678.19,1,678.14,1,678.08,1,684.97,2,684.98,1,684.99,2,685.0,3,685.03,1,685.13,1,685.47,1,,,,,,
2020-10-29 09:31:57,682.495,680.02,1,680.02,3,684.97,2,684.97,680.02,680.02,3,680.01,1,679.74,1,679.67,1,679.61,1,679.16,1,678.98,1,678.19,1,678.14,1,678.08,1,684.97,2,684.98,1,684.99,2,685.0,3,685.03,1,685.13,1,685.47,1,,,,,,
2020-10-29 09:31:58,682.495,680.02,1,680.02,3,684.97,2,684.97,680.02,680.02,3,680.01,1,679.74,1,679.67,1,679.61,1,679.16,1,678.98,1,678.19,1,678.14,1,678.08,1,684.97,2,684.98,1,684.99,2,685.0,3,685.03,1,685.13,1,685.47,1,,,,,,
2020-10-29 09:31:59,682.495,680.02,1,680.02,3,684.97,2,684.97,680.02,680.02,3,680.01,1,679.74,1,679.67,1,679.61,1,679.16,1,678.98,1,678.19,1,678.14,1,678.08,1,684.97,2,684.98,1,684.99,2,685.0,3,685.03,1,685.13,1,685.47,1,,,,,,
2020-10-29 09:32:00,682.495,680.02,1,680.02,3,684.97,2,684.97,680.02,680.02,3,680.01,1,679.74,1,679.67,1,679.61,1,679.16,1,678.98,1,678.19,1,678.14,1,678.08,1,684.97,2,684.98,1,684.99,2,685.0,3,685.03,1,685.13,1,685.47,1,,,,,,
2020-10-29 09:32:01,682.495,680.02,1,680.02,3,684.97,2,684.97,680.02,680.02,3,680.01,1,679.74,1,679.67,1,679.61,1,679.16,1,678.98,1,678.19,1,678.14,1,678.08,1,684.97,2,684.98,1,684.99,2,685.0,3,685.03,1,685.13,1,685.47,1,,,,,,
2020-10-29 09:32:02,682.495,680.02,1,680.02,3,684.97,2,684.97,680.02,680.02,3,680.01,1,679.74,1,679.67,1,679.61,1,679.16,1,678.98,1,678.19,1,678.14,1,678.08,1,684.97,2,684.98,1,684.99,2,685.0,3,685.03,1,685.13,1,685.47,1,,,,,,
2020-10-29 09:32:03,682.495,680.02,1,680.02,3,684.97,2,684.97,680.02,680.02,3,680.01,1,679.74,1,679.67,1,679.61,1,679.16,1,678.98,1,678.19,1,678.14,1,678.08,1,684.97,2,684.98,1,684.99,2,685.0,3,685.03,1,685.13,1,685.47,1,,,,,,
2020-10-29 09:32:04,682.495,680.02,1,680.02,3,684.97,2,684.97,680.02,680.02,3,680.01,1,679.74,1,679.67,1,679.61,1,679.16,1,678.98,1,678.19,1,678.14,1,678.08,1,684.97,2,684.98,1,684.99,2,685.0,3,685.03,1,685.13,1,685.47,1,,,,,,
2020-10-29 09:32:05,682.495,680.02,1,680.02,3,684.97,1,684.97,680.02,680.02,3,680.01,1,679.74,1,679.67,1,679.61,1,679.16,1,678.98,1,678.19,1,678.14,1,678.08,1,684.97,1,684.98,1,684.99,2,685.0,3,685.03,1,685.13,1,685.47,1,,,,,,
2020-10-29 09:32:06,682.49,680.02,1,680.02,3,684.96,1,684.96,680.02,680.02,3,680.01,1,679.74,1,679.67,1,679.61,1,679.16,1,678.98,1,678.19,1,678.14,1,678.08,1,684.96,1,685.0,5,685.03,1,685.13,1,685.47,1,,,,,,,,,,
2020-10-29 09:32:07,682.49,680.02,1,680.02,3,684.96,1,684.96,680.02,680.02,3,680.01,1,679.74,1,679.67,1,679.61,1,679.16,1,678.98,1,678.19,1,678.14,1,678.08,1,684.96,1,685.0,5,685.03,1,685.13,1,685.47,1,,,,,,,,,,
2020-10-29 09:32:08,682.49,680.02,1,680.02,3,684.96,1,684.96,680.02,680.02,3,680.01,1,679.74,1,679.67,1,679.61,1,679.16,1,678.98,1,678.19,1,678.14,1,678.08,1,684.96,1,685.0,5,685.03,1,685.13,1,685.47,1,,,,,,,,,,
2020-10-29 09:32:09,682.49,680.02,1,680.02,3,684.96,1,684.96,680.02,680.02,3,680.01,1,679.74,1,679.67,1,679.61,1,679.16,1,678.98,1,678.19,1,678.14,1,678.08,1,684.96,1,685.0,5,685.03,1,685.13,1,685.47,1,,,,,,,,,,
2020-10-29 09:32:10,682.31,680.02,1,679.67,2,684.95,1,684.95,679.67,679.67,2,679.61,1,679.16,1,678.98,1,678.19,1,678.14,1,678.08,1,678.03,1,677.98,1,677.85,1,684.95,1,684.96,1,685.0,5,685.03,1,685.13,1,685.47,1,,,,,,,,
2020-10-29 09:32:11,682.305,680.02,1,679.67,2,684.94,1,684.94,679.67,679.67,2,679.61,1,679.16,1,678.98,1,678.19,1,678.14,1,678.08,1,678.03,1,677.98,1,677.85,1,684.94,1,684.95,3,684.96,1,685.0,5,685.03,1,685.13,1,685.47,1,,,,,,
2020-10-29 09:32:12,682.3,680.02,1,679.67,2,684.93,1,684.93,679.67,679.67,2,679.61,1,679.16,1,678.98,1,678.19,1,678.14,1,678.08,1,678.03,1,677.98,1,677.85,1,684.93,1,684.94,1,684.95,3,684.96,1,685.0,5,685.03,1,685.13,1,685.47,1,,,,
2020-10-29 09:32:13,682.3,680.02,1,679.67,2,684.93,1,684.93,679.67,679.67,2,679.61,1,679.16,1,678.98,1,678.19,1,678.14,1,678.08,1,678.03,1,677.98,1,677.85,1,684.93,1,684.94,1,684.95,3,684.96,1,685.0,5,685.03,1,685.13,1,685.47,1,,,,
2020-10-29 09:32:14,682.3,680.02,1,679.67,2,684.93,1,684.93,679.67,679.67,2,679.61,1,679.16,1,678.98,1,678.19,1,678.14,1,678.08,1,678.03,1,677.98,1,677.85,1,684.93,1,684.94,1,684.95,3,684.96,1,685.0,5,685.03,1,685.13,1,685.47,1,,,,
2020-10-29 09:32:15,682.3,680.02,1,679.67,2,684.93,2,684.93,679.67,679.67,2,679.61,1,679.16,1,678.98,1,678.19,1,678.14,1,678.08,1,678.03,1,677.98,1,677.85,1,684.93,2,684.94,1,684.95,3,684.96,1,685.0,5,685.03,1,685.13,1,685.47,1,,,,
2020-10-29 09:32:16,682.3,680.02,1,679.67,2,684.93,2,684.93,679.67,679.67,2,679.61,1,679.16,1,678.98,1,678.19,1,678.14,1,678.08,1,678.03,1,677.98,1,677.85,1,684.93,2,684.94,1,684.95,3,684.96,1,685.0,5,685.03,1,685.13,1,685.47,1,,,,
2020-10-29 09:32:17,682.3,680.02,1,679.67,2,684.93,2,684.93,679.67,679.67,2,679.61,1,679.16,1,678.98,1,678.19,1,678.14,1,678.08,1,678.03,1,677.98,1,677.85,1,684.93,2,684.94,1,684.95,3,684.96,1,685.0,5,685.03,1,685.13,1,685.47,1,,,,
2020-10-29 09:32:18,682.3,680.02,1,679.67,2,684.93,2,684.93,679.67,679.67,2,679.61,1,679.16,1,678.98,1,678.19,1,678.14,1,678.08,1,678.03,1,677.98,1,677.85,1,684.93,2,684.94,1,684.95,3,684.96,1,685.0,5,685.03,1,685.13,1,685.47,1,,,,
2020-10-29 09:32:19,682.3,680.02,1,679.67,2,684.93,2,684.93,679.67,679.67,2,679.61,1,679.16,1,678.98,1,678.19,1,678.14,1,678.08,1,678.03,1,677.98,1,677.85,1,684.93,2,684.94,1,684.95,3,684.96,1,685.0,5,685.03,1,685.13,1,685.47,1,,,,
2020-10-29 09:32:20,682.3,680.02,1,679.67,2,684.93,3,684.93,679.67,679.67,2,679.61,1,679.16,1,678.98,1,678.19,1,678.14,1,678.08,1,678.03,1,677.98,1,677.85,1,684.93,3,684.94,1,684.95,3,684.96,1,685.0,5,685.03,1,685.13,1,685.47,1,,,,
2020-10-29 09:32:21,682.3,680.02,1,679.67,2,684.93,3,684.93,679.67,679.67,2,679.61,1,679.16,1,678.98,1,678.19,1,678.14,1,678.08,1,678.03,1,677.98,1,677.85,1,684.93,3,684.94,1,684.95,3,684.96,1,685.0,5,685.03,1,685.13,1,685.47,1,,,,
2020-10-29 09:32:22,682.3,680.02,1,679.67,2,684.93,3,684.93,679.67,679.67,2,679.61,1,679.16,1,678.98,1,678.19,1,678.14,1,678.08,1,678.03,1,677.98,1,677.85,1,684.93,3,684.94,1,684.95,3,684.96,1,685.0,5,685.03,1,685.13,1,685.47,1,,,,
2020-10-29 09:32:23,682.3,680.02,1,679.67,2,684.93,3,684.93,679.67,679.67,2,679.61,1,679.16,1,678.98,1,678.19,1,678.14,1,678.08,1,678.03,1,677.98,1,677.85,1,684.93,3,684.94,1,684.95,3,684.96,1,685.0,5,685.03,1,685.13,1,685.47,1,,,,
2020-10-29 09:32:24,682.3,680.02,1,679.67,2,684.93,3,684.93,679.67,679.67,2,679.61,1,679.16,1,678.98,1,678.19,1,678.14,1,678.08,1,678.03,1,677.98,1,677.85,1,684.93,3,684.94,1,684.95,3,684.96,1,685.0,5,685.03,1,685.13,1,685.47,1,,,,
2020-10-29 09:32:25,682.3,680.02,1,679.67,2,684.93,3,684.93,679.67,679.67,2,679.61,1,679.16,1,678.98,1,678.19,1,678.14,1,678.08,1,678.03,1,677.98,1,677.85,1,684.93,3,684.94,1,684.95,3,684.96,1,685.0,5,685.03,1,685.13,1,685.47,1,,,,
2020-10-29 09:32:26,682.3,680.02,1,679.67,2,684.93,3,684.93,679.67,679.67,2,679.61,1,679.16,1,678.98,1,678.19,1,678.14,1,678.08,1,678.03,1,677.98,1,677.85,1,684.93,3,684.94,1,684.95,3,684.96,1,685.0,5,685.03,1,685.13,1,685.47,1,,,,
2020-10-29 09:32:27,682.3,680.02,1,679.67,2,684.93,3,684.93,679.67,679.67,2,679.61,1,679.16,1,678.98,1,678.19,1,678.14,1,678.08,1,678.03,1,677.98,1,677.85,1,684.93,3,684.94,1,684.95,3,684.96,1,685.0,5,685.03,1,685.13,1,685.47,1,,,,
2020-10-29 09:32:28,682.3,680.02,1,679.67,2,684.93,3,684.93,679.67,679.67,2,679.61,1,679.16,1,678.98,1,678.19,1,678.14,1,678.08,1,678.03,1,677.98,1,677.85,1,684.93,3,684.94,1,684.95,3,684.96,1,685.0,5,685.03,1,685.13,1,685.47,1,,,,
2020-10-29 09:32:29,682.3,680.02,1,679.67,2,684.93,3,684.93,679.67,679.67,2,679.61,1,679.16,1,678.98,1,678.19,1,678.14,1,678.08,1,678.03,1,677.98,1,677.85,1,684.93,3,684.94,1,684.95,3,684.96,1,685.0,5,685.03,1,685.13,1,685.47,1,,,,
2020-10-29 09:32:30,682.295,680.02,1,679.67,2,684.92,2,684.92,679.67,679.67,2,679.61,1,679.16,1,678.98,1,678.19,1,678.14,1,678.08,1,678.03,1,677.98,1,677.85,1,684.92,2,684.99,1,685.0,5,685.03,1,685.13,1,685.47,1,,,,,,,,
2020-10-29 09:32:31,682.295,680.02,1,679.67,2,684.92,2,684.92,679.67,679.67,2,679.61,1,679.16,1,678.98,1,678.19,1,678.14,1,678.08,1,678.03,1,677.98,1,677.85,1,684.92,2,684.99,1,685.0,5,685.03,1,685.13,1,685.47,1,,,,,,,,
2020-10-29 09:32:32,682.295,680.02,1,679.67,2,684.92,2,684.92,679.67,679.67,2,679.61,1,679.16,1,678.98,1,678.19,1,678.14,1,678.08,1,678.03,1,677.98,1,677.85,1,684.92,2,684.99,1,685.0,5,685.03,1,685.13,1,685.47,1,,,,,,,,
2020-10-29 09:32:33,682.295,680.02,1,679.67,2,684.92,2,684.92,679.67,679.67,2,679.61,1,679.16,1,678.98,1,678.19,1,678.14,1,678.08,1,678.03,1,677.98,1,677.85,1,684.92,2,684.99,1,685.0,5,685.03,1,685.13,1,685.47,1,,,,,,,,
2020-10-29 09:32:34,682.295,680.02,1,679.67,2,684.92,2,684.92,679.67,679.67,2,679.61,1,679.16,1,678.98,1,678.19,1,678.14,1,678.08,1,678.03,1,677.98,1,677.85,1,684.92,2,684.99,1,685.0,5,685.03,1,685.13,1,685.47,1,,,,,,,,
2020-10-29 09:32:35,682.295,680.02,1,679.67,2,684.92,2,684.92,679.67,679.67,2,679.61,1,679.16,1,678.98,1,678.19,1,678.14,1,678.08,1,678.03,1,677.98,1,677.85,1,684.92,2,684.99,1,685.0,5,685.03,1,685.13,1,685.47,1,,,,,,,,
2020-10-29 09:32:36,682.295,680.02,1,679.67,2,684.92,2,684.92,679.67,679.67,2,679.61,1,679.16,1,678.98,1,678.19,1,678.14,1,678.08,1,678.03,1,677.98,1,677.85,1,684.92,2,684.99,1,685.0,5,685.03,1,685.13,1,685.47,1,,,,,,,,
2020-10-29 09:32:37,682.295,680.02,1,679.67,2,684.92,2,684.92,679.67,679.67,2,679.61,1,679.16,1,678.98,1,678.19,1,678.14,1,678.08,1,678.03,1,677.98,1,677.85,1,684.92,2,684.99,1,685.0,5,685.03,1,685.13,1,685.47,1,,,,,,,,
2020-10-29 09:32:38,682.295,680.02,1,679.67,2,684.92,2,684.92,679.67,679.67,2,679.61,1,679.16,1,678.98,1,678.19,1,678.14,1,678.08,1,678.03,1,677.98,1,677.85,1,684.92,2,684.99,1,685.0,5,685.03,1,685.13,1,685.47,1,,,,,,,,
2020-10-29 09:32:39,682.295,680.02,1,679.67,2,684.92,2,684.92,679.67,679.67,2,679.61,1,679.16,1,678.98,1,678.19,1,678.14,1,678.08,1,678.03,1,677.98,1,677.85,1,684.92,2,684.99,1,685.0,5,685.03,1,685.13,1,685.47,1,,,,,,,,
2020-10-29 09:32:40,682.295,680.02,1,679.67,2,684.92,2,684.92,679.67,679.67,2,679.61,1,679.16,1,678.98,1,678.19,1,678.14,1,678.08,1,678.03,1,677.98,1,677.85,1,684.92,2,684.99,1,685.0,5,685.03,1,685.13,1,685.47,1,,,,,,,,
2020-10-29 09:32:41,682.295,680.02,1,679.67,2,684.92,2,684.92,679.67,679.67,2,679.61,1,679.16,1,678.98,1,678.19,1,678.14,1,678.08,1,678.03,1,677.98,1,677.85,1,684.92,2,684.99,1,685.0,5,685.03,1,685.13,1,685.47,1,,,,,,,,
2020-10-29 09:32:42,682.295,680.02,1,679.67,2,684.92,2,684.92,679.67,679.67,2,679.61,1,679.16,1,678.98,1,678.19,1,678.14,1,678.08,1,678.03,1,677.98,1,677.85,1,684.92,2,684.99,1,685.0,5,685.03,1,685.13,1,685.47,1,,,,,,,,
2020-10-29 09:32:43,682.295,680.02,1,679.67,2,684.92,2,684.92,679.67,679.67,2,679.61,1,679.16,1,678.98,1,678.19,1,678.14,1,678.08,1,678.03,1,677.98,1,677.85,1,684.92,2,684.99,1,685.0,5,685.03,1,685.13,1,685.47,1,,,,,,,,
2020-10-29 09:32:44,682.295,680.02,1,679.67,2,684.92,2,684.92,679.67,679.67,2,679.61,1,679.16,1,678.98,1,678.19,1,678.14,1,678.08,1,678.03,1,677.98,1,677.85,1,684.92,2,684.99,1,685.0,5,685.03,1,685.13,1,685.47,1,,,,,,,,
2020-10-29 09:32:45,682.295,680.02,1,679.67,2,684.92,2,684.92,679.67,679.67,2,679.61,1,679.16,1,678.98,1,678.19,1,678.14,1,678.08,1,678.03,1,677.98,1,677.85,1,684.92,2,684.99,1,685.0,5,685.03,1,685.13,1,685.47,1,,,,,,,,
2020-10-29 09:32:47,682.295,680.02,1,679.67,2,684.92,2,684.92,679.67,679.67,2,679.61,1,679.16,1,678.98,1,678.19,1,678.14,1,678.08,1,678.03,1,677.98,1,677.85,1,684.92,2,684.99,1,685.0,5,685.03,1,685.13,1,685.47,1,,,,,,,,
2020-10-29 09:32:47,682.295,680.02,1,679.67,2,684.92,2,684.92,679.67,679.67,2,679.61,1,679.16,1,678.98,1,678.19,1,678.14,1,678.08,1,678.03,1,677.98,1,677.85,1,684.92,2,684.99,1,685.0,5,685.03,1,685.13,1,685.47,1,,,,,,,,
2020-10-29 09:32:48,682.295,680.02,1,679.67,2,684.92,2,684.92,679.67,679.67,2,679.61,1,679.16,1,678.98,1,678.19,1,678.14,1,678.08,1,678.03,1,677.98,1,677.85,1,684.92,2,684.99,1,685.0,5,685.03,1,685.13,1,685.47,1,,,,,,,,
2020-10-29 09:32:49,682.3,680.02,1,679.68,1,684.92,2,684.92,679.68,679.68,1,679.67,2,679.61,1,679.16,1,678.98,1,678.19,1,678.14,1,678.08,1,678.03,1,677.98,1,684.92,2,684.99,1,685.0,5,685.03,1,685.13,1,685.47,1,,,,,,,,
2020-10-29 09:32:50,682.465,680.02,1,680.02,1,684.91,1,684.91,680.02,680.02,1,679.67,2,679.61,1,679.16,1,678.98,1,678.19,1,678.14,1,678.08,1,678.03,1,677.98,1,684.91,1,684.99,1,685.0,5,685.03,1,685.13,1,685.47,1,,,,,,,,
2020-10-29 09:32:52,682.465,680.02,1,680.02,1,684.91,1,684.91,680.02,680.02,1,679.67,2,679.61,1,679.16,1,678.98,1,678.19,1,678.14,1,678.08,1,678.03,1,677.98,1,684.91,1,684.99,1,685.0,5,685.03,1,685.13,1,685.47,1,,,,,,,,
2020-10-29 09:32:52,682.465,680.02,1,680.02,1,684.91,1,684.91,680.02,680.02,1,679.67,2,679.61,1,679.16,1,678.98,1,678.19,1,678.14,1,678.08,1,678.03,1,677.98,1,684.91,1,684.99,1,685.0,5,685.03,1,685.13,1,685.47,1,,,,,,,,
2020-10-29 09:32:54,682.46,680.02,1,680.02,1,684.9,1,684.9,680.02,680.02,1,679.67,2,679.61,1,679.16,1,678.98,1,678.19,1,678.14,1,678.08,1,678.03,1,677.98,1,684.9,1,684.91,1,684.99,1,685.0,5,685.03,1,685.13,1,685.47,1,,,,,,
2020-10-29 09:32:54,682.46,680.02,1,680.02,1,684.9,1,684.9,680.02,680.02,1,679.67,2,679.61,1,679.16,1,678.98,1,678.19,1,678.14,1,678.08,1,678.03,1,677.98,1,684.9,1,684.91,1,684.99,1,685.0,5,685.03,1,685.13,1,685.47,1,,,,,,
2020-10-29 09:32:55,682.46,680.02,1,680.02,1,684.9,1,684.9,680.02,680.02,1,679.67,2,679.61,1,679.16,1,678.98,1,678.19,1,678.14,1,678.08,1,678.03,1,677.98,1,684.9,1,684.91,1,684.99,1,685.0,5,685.03,1,685.13,1,685.47,1,,,,,,
2020-10-29 09:32:57,682.46,680.02,1,680.02,1,684.9,1,684.9,680.02,680.02,1,679.67,2,679.61,1,679.16,1,678.98,1,678.19,1,678.14,1,678.08,1,678.03,1,677.98,1,684.9,1,684.91,1,684.99,1,685.0,5,685.03,1,685.13,1,685.47,1,,,,,,
2020-10-29 09:32:57,682.46,680.02,1,680.02,1,684.9,1,684.9,680.02,680.02,1,679.67,2,679.61,1,679.16,1,678.98,1,678.19,1,678.14,1,678.08,1,678.03,1,677.98,1,684.9,1,684.91,1,684.99,1,685.0,5,685.03,1,685.13,1,685.47,1,,,,,,
2020-10-29 09:32:59,682.465,680.02,1,680.03,1,684.9,1,684.9,680.03,680.03,1,679.87,1,679.67,2,679.61,1,679.16,1,678.98,1,678.19,1,678.14,1,678.08,1,678.03,1,684.9,1,684.91,1,684.99,1,685.0,5,685.03,1,685.13,1,685.47,1,,,,,,
2020-10-29 09:33:00,682.465,680.02,1,680.03,1,684.9,1,684.9,680.03,680.03,1,679.87,1,679.67,2,679.61,1,679.16,1,678.98,1,678.19,1,678.14,1,678.08,1,678.03,1,684.9,1,684.91,1,684.99,1,685.0,5,685.03,1,685.13,1,685.47,1,,,,,,
2020-10-29 09:33:01,682.47,680.02,1,680.04,1,684.9,1,684.9,680.04,680.04,1,680.03,2,679.87,1,679.67,2,679.61,1,679.16,1,678.98,1,678.19,1,678.14,1,678.08,1,684.9,1,684.91,1,684.99,1,685.0,5,685.03,1,685.13,1,685.47,1,,,,,,
2020-10-29 09:33:02,682.47,680.02,1,680.04,1,684.9,1,684.9,680.04,680.04,1,680.03,2,679.87,1,679.67,2,679.61,1,679.16,1,678.98,1,678.19,1,678.14,1,678.08,1,684.9,1,684.91,1,684.99,1,685.0,5,685.03,1,685.13,1,685.47,1,,,,,,
2020-10-29 09:33:03,682.47,680.02,1,680.04,1,684.9,1,684.9,680.04,680.04,1,680.03,2,679.87,1,679.67,2,679.61,1,679.16,1,678.98,1,678.19,1,678.14,1,678.08,1,684.9,1,684.91,1,684.99,1,685.0,5,685.03,1,685.13,1,685.47,1,,,,,,
2020-10-29 09:33:04,682.47,680.02,1,680.04,1,684.9,1,684.9,680.04,680.04,1,680.03,2,679.87,1,679.67,2,679.61,1,679.16,1,678.98,1,678.19,1,678.14,1,678.08,1,684.9,1,684.91,1,684.99,1,685.0,5,685.03,1,685.13,1,685.47,1,,,,,,
2020-10-29 09:33:05,682.47,680.02,1,680.04,1,684.9,1,684.9,680.04,680.04,1,680.03,2,679.87,1,679.67,2,679.61,1,679.16,1,678.98,1,678.19,1,678.14,1,678.08,1,684.9,1,684.91,1,684.99,1,685.0,5,685.03,1,685.13,1,685.47,1,,,,,,
2020-10-29 09:33:06,681.54,680.02,1,679.94,1,683.14,2,683.14,679.94,679.94,1,679.9,1,679.88,1,679.67,2,679.61,1,679.16,1,678.98,1,678.19,1,678.14,1,678.08,1,683.14,2,683.37,1,685.23,1,685.47,1,,,,,,,,,,,,
2020-10-29 09:33:07,681.585,680.02,1,680.03,1,683.14,2,683.14,680.03,680.03,1,680.0,1,679.98,1,679.94,1,679.9,1,679.88,1,679.67,2,679.61,1,679.16,1,678.98,1,683.14,2,683.37,1,685.23,1,685.47,1,,,,,,,,,,,,
2020-10-29 09:33:08,681.595,680.02,1,680.05,1,683.14,2,683.14,680.05,680.05,1,680.03,1,680.0,1,679.98,1,679.94,1,679.9,1,679.88,1,679.67,2,679.61,1,679.16,1,683.14,2,683.37,1,685.23,1,685.47,1,,,,,,,,,,,,
2020-10-29 09:33:09,681.6,680.02,1,680.06,1,683.14,2,683.14,680.06,680.06,1,680.05,1,679.96,1,679.8,1,679.67,2,679.61,1,679.16,1,678.98,1,678.19,1,678.14,1,683.14,2,683.37,1,685.23,1,685.47,1,,,,,,,,,,,,
2020-10-29 09:33:10,681.6,680.02,1,680.06,1,683.14,2,683.14,680.06,680.06,1,680.05,1,679.96,1,679.8,1,679.67,2,679.61,1,679.16,1,678.98,1,678.19,1,678.14,1,683.14,2,683.37,1,685.23,1,685.47,1,,,,,,,,,,,,
2020-10-29 09:33:11,681.6,680.02,1,680.06,1,683.14,2,683.14,680.06,680.06,1,680.05,1,679.96,1,679.8,1,679.67,2,679.61,1,679.16,1,678.98,1,678.19,1,678.14,1,683.14,2,683.37,1,685.23,1,685.47,1,,,,,,,,,,,,
2020-10-29 09:33:12,681.6,680.02,1,680.06,1,683.14,2,683.14,680.06,680.06,1,680.05,1,679.96,1,679.8,1,679.67,2,679.61,1,679.16,1,678.98,1,678.19,1,678.14,1,683.14,2,683.37,1,685.23,1,685.47,1,,,,,,,,,,,,
2020-10-29 09:33:13,681.6,680.02,1,680.06,1,683.14,2,683.14,680.06,680.06,1,680.05,1,679.96,1,679.8,1,679.67,2,679.61,1,679.16,1,678.98,1,678.19,1,678.14,1,683.14,2,683.37,1,685.23,1,685.47,1,,,,,,,,,,,,
2020-10-29 09:33:14,681.6,680.02,1,680.06,1,683.14,2,683.14,680.06,680.06,1,680.05,1,679.96,1,679.8,1,679.67,2,679.61,1,679.16,1,678.98,1,678.19,1,678.14,1,683.14,2,683.37,1,685.23,1,685.47,1,,,,,,,,,,,,
2020-10-29 09:33:15,681.6,680.02,1,680.06,1,683.14,2,683.14,680.06,680.06,1,680.05,1,679.96,1,679.8,1,679.67,2,679.61,1,679.16,1,678.98,1,678.19,1,678.14,1,683.14,2,683.37,1,685.23,1,685.47,1,,,,,,,,,,,,
2020-10-29 09:33:16,681.6,680.02,1,680.06,1,683.14,2,683.14,680.06,680.06,1,680.05,1,679.96,1,679.8,1,679.67,2,679.61,1,679.16,1,678.98,1,678.19,1,678.14,1,683.14,2,683.37,1,685.23,1,685.47,1,,,,,,,,,,,,
2020-10-29 09:33:17,681.6,680.02,1,680.06,1,683.14,2,683.14,680.06,680.06,1,680.05,1,679.96,1,679.8,1,679.67,2,679.61,1,679.16,1,678.98,1,678.19,1,678.14,1,683.14,2,683.37,1,685.23,1,685.47,1,,,,,,,,,,,,
2020-10-29 09:33:18,681.6,680.06,2,680.06,1,683.14,2,683.14,680.06,680.06,1,680.05,1,679.96,1,679.8,1,679.67,2,679.61,1,679.16,1,678.98,1,678.19,1,678.14,1,683.14,2,683.37,1,685.23,1,685.47,1,,,,,,,,,,,,
2020-10-29 09:33:18,681.6,680.06,2,680.06,1,683.14,2,683.14,680.06,680.06,1,680.05,1,679.96,1,679.8,1,679.67,2,679.61,1,679.16,1,678.98,1,678.19,1,678.14,1,683.14,2,683.37,1,685.23,1,685.47,1,,,,,,,,,,,,
2020-10-29 09:33:20,681.6,680.06,2,680.06,1,683.14,2,683.14,680.06,680.06,1,680.05,1,679.96,1,679.8,1,679.67,2,679.61,1,679.16,1,678.98,1,678.19,1,678.14,1,683.14,2,683.37,1,685.23,1,685.47,1,,,,,,,,,,,,
2020-10-29 09:33:21,681.6,680.06,2,680.06,1,683.14,2,683.14,680.06,680.06,1,680.05,1,679.96,1,679.8,1,679.67,2,679.61,1,679.16,1,678.98,1,678.19,1,678.14,1,683.14,2,683.37,1,685.23,1,685.47,1,,,,,,,,,,,,
2020-10-29 09:33:22,681.6,680.06,2,680.06,1,683.14,2,683.14,680.06,680.06,1,680.05,1,679.96,1,679.8,1,679.67,2,679.61,1,679.16,1,678.98,1,678.19,1,678.14,1,683.14,2,683.37,1,685.23,1,685.47,1,,,,,,,,,,,,
2020-10-29 09:33:23,681.6,680.06,2,680.06,1,683.14,2,683.14,680.06,680.06,1,680.05,1,679.96,1,679.8,1,679.67,2,679.61,1,679.16,1,678.98,1,678.19,1,678.14,1,683.14,2,683.37,1,685.23,1,685.47,1,,,,,,,,,,,,
2020-10-29 09:33:24,681.6,680.06,2,680.06,1,683.14,2,683.14,680.06,680.06,1,680.05,1,679.96,1,679.8,1,679.67,2,679.61,1,679.16,1,678.98,1,678.19,1,678.14,1,683.14,2,683.37,1,685.23,1,685.47,1,,,,,,,,,,,,
2020-10-29 09:33:25,681.6,680.06,2,680.06,1,683.14,2,683.14,680.06,680.06,1,680.05,1,679.96,1,679.8,1,679.67,2,679.61,1,679.16,1,678.98,1,678.19,1,678.14,1,683.14,2,683.37,1,685.23,1,685.47,1,,,,,,,,,,,,
2020-10-29 09:33:26,681.6,680.06,2,680.06,1,683.14,2,683.14,680.06,680.06,1,680.05,1,679.96,1,679.8,1,679.67,2,679.61,1,679.16,1,678.98,1,678.19,1,678.14,1,683.14,2,683.37,1,685.23,1,685.47,1,,,,,,,,,,,,
2020-10-29 09:33:27,681.6,680.06,2,680.06,1,683.14,2,683.14,680.06,680.06,1,680.05,1,679.96,1,679.8,1,679.67,2,679.61,1,679.16,1,678.98,1,678.19,1,678.14,1,683.14,2,683.37,1,685.23,1,685.47,1,,,,,,,,,,,,
2020-10-29 09:33:28,681.6,680.06,2,680.06,1,683.14,2,683.14,680.06,680.06,1,680.05,1,679.96,1,679.8,1,679.67,2,679.61,1,679.16,1,678.98,1,678.19,1,678.14,1,683.14,2,683.37,1,685.23,1,685.47,1,,,,,,,,,,,,
2020-10-29 09:33:29,681.6,680.06,2,680.06,1,683.14,2,683.14,680.06,680.06,1,680.05,1,679.96,1,679.8,1,679.67,2,679.61,1,679.16,1,678.98,1,678.19,1,678.14,1,683.14,2,683.37,1,685.23,1,685.47,1,,,,,,,,,,,,
2020-10-29 09:33:30,681.6,680.06,2,680.06,1,683.14,2,683.14,680.06,680.06,1,680.05,1,679.96,1,679.8,1,679.67,2,679.61,1,679.16,1,678.98,1,678.19,1,678.14,1,683.14,2,683.37,1,685.23,1,685.47,1,,,,,,,,,,,,
2020-10-29 09:33:31,681.6,680.06,2,680.06,1,683.14,2,683.14,680.06,680.06,1,680.05,1,679.96,1,679.8,1,679.67,2,679.61,1,679.16,1,678.98,1,678.19,1,678.14,1,683.14,2,683.37,1,685.23,1,685.47,1,,,,,,,,,,,,
2020-10-29 09:33:32,681.6,680.06,2,680.06,1,683.14,2,683.14,680.06,680.06,1,680.05,1,679.96,1,679.8,1,679.67,2,679.61,1,679.16,1,678.98,1,678.19,1,678.14,1,683.14,2,683.37,1,685.23,1,685.47,1,,,,,,,,,,,,
2020-10-29 09:33:33,681.6,680.06,2,680.06,1,683.14,2,683.14,680.06,680.06,1,680.05,1,679.96,1,679.8,1,679.67,2,679.61,1,679.16,1,678.98,1,678.19,1,678.14,1,683.14,2,683.37,1,685.23,1,685.47,1,,,,,,,,,,,,
2020-10-29 09:33:34,681.6,680.06,2,680.06,1,683.14,2,683.14,680.06,680.06,1,680.05,1,679.96,1,679.8,1,679.67,2,679.61,1,679.16,1,678.98,1,678.19,1,678.14,1,683.14,2,683.37,1,685.23,1,685.47,1,,,,,,,,,,,,
2020-10-29 09:33:35,681.6,680.06,2,680.06,1,683.14,2,683.14,680.06,680.06,1,680.05,1,679.96,1,679.8,1,679.67,2,679.61,1,679.16,1,678.98,1,678.19,1,678.14,1,683.14,2,683.37,1,685.23,1,685.47,1,,,,,,,,,,,,
2020-10-29 09:33:36,681.6,680.06,2,680.06,1,683.14,2,683.14,680.06,680.06,1,680.05,1,679.96,1,679.8,1,679.67,2,679.61,1,679.16,1,678.98,1,678.19,1,678.14,1,683.14,2,683.37,1,685.23,1,685.47,1,,,,,,,,,,,,
2020-10-29 09:33:37,681.6,680.06,2,680.06,1,683.14,2,683.14,680.06,680.06,1,680.05,1,679.96,1,679.8,1,679.67,2,679.61,1,679.16,1,678.98,1,678.19,1,678.14,1,683.14,2,683.37,1,685.23,1,685.47,1,,,,,,,,,,,,
2020-10-29 09:33:38,681.6,680.06,2,680.06,1,683.14,2,683.14,680.06,680.06,1,680.05,1,679.96,1,679.8,1,679.67,2,679.61,1,679.16,1,678.98,1,678.19,1,678.14,1,683.14,2,683.37,1,685.23,1,685.47,1,,,,,,,,,,,,
2020-10-29 09:33:39,681.405,680.06,2,679.67,2,683.14,2,683.14,679.67,679.67,2,679.61,1,679.16,1,678.98,1,678.19,1,678.14,1,678.08,1,678.03,1,677.98,1,677.85,1,683.14,2,683.37,1,685.23,1,685.47,1,,,,,,,,,,,,
2020-10-29 09:33:40,681.455,680.06,2,679.77,1,683.14,2,683.14,679.77,679.77,1,679.74,1,679.67,2,679.61,1,679.16,1,678.98,1,678.19,1,678.14,1,678.08,1,678.03,1,683.14,2,683.37,1,685.23,1,685.47,1,,,,,,,,,,,,
2020-10-29 09:33:41,681.47,680.06,2,679.8,1,683.14,2,683.14,679.8,679.8,1,679.77,1,679.74,1,679.67,2,679.61,1,679.16,1,678.98,1,678.19,1,678.14,1,678.08,1,683.14,2,683.37,1,685.23,1,685.47,1,,,,,,,,,,,,
2020-10-29 09:33:42,681.485,680.06,2,679.83,1,683.14,2,683.14,679.83,679.83,1,679.8,1,679.77,1,679.74,1,679.67,2,679.61,1,679.16,1,678.98,1,678.19,1,678.14,1,683.14,2,683.37,1,685.23,1,685.47,1,,,,,,,,,,,,
2020-10-29 09:33:43,681.5,680.06,2,679.86,1,683.14,2,683.14,679.86,679.86,1,679.85,1,679.83,1,679.8,1,679.77,1,679.74,1,679.67,2,679.61,1,679.16,1,678.98,1,683.14,2,683.37,1,685.23,1,685.47,1,,,,,,,,,,,,
2020-10-29 09:33:44,681.53,680.06,2,679.92,1,683.14,2,683.14,679.92,679.92,1,679.88,1,679.86,1,679.85,1,679.83,1,679.8,1,679.77,1,679.74,1,679.67,2,679.61,1,683.14,2,683.37,1,685.23,1,685.47,1,,,,,,,,,,,,
2020-10-29 09:33:45,681.545,680.06,2,679.95,1,683.14,2,683.14,679.95,679.95,1,679.94,1,679.92,1,679.88,1,679.86,1,679.85,1,679.83,1,679.8,1,679.77,1,679.74,1,683.14,2,683.37,1,685.23,1,685.47,1,,,,,,,,,,,,
2020-10-29 09:33:46,681.575,680.06,2,680.01,1,683.14,2,683.14,680.01,680.01,1,679.99,1,679.95,1,679.94,1,679.92,1,679.88,1,679.86,1,679.85,1,679.83,1,679.8,1,683.14,2,683.37,1,685.23,1,685.47,1,,,,,,,,,,,,
2020-10-29 09:33:48,681.595,680.06,2,680.05,1,683.14,2,683.14,680.05,680.05,1,680.04,1,680.03,1,680.01,1,679.99,1,679.95,1,679.94,1,679.92,1,679.88,1,679.86,1,683.14,2,683.37,1,685.23,1,685.47,1,,,,,,,,,,,,
2020-10-29 09:33:48,681.595,680.06,2,680.05,1,683.14,2,683.14,680.05,680.05,1,680.04,1,680.03,1,680.01,1,679.99,1,679.95,1,679.94,1,679.92,1,679.88,1,679.86,1,683.14,2,683.37,1,685.23,1,685.47,1,,,,,,,,,,,,
2020-10-29 09:33:49,681.595,680.06,2,680.05,1,683.14,2,683.14,680.05,680.05,1,680.04,1,680.03,1,680.01,1,679.99,1,679.95,1,679.94,1,679.92,1,679.88,1,679.86,1,683.14,2,683.37,1,685.23,1,685.47,1,,,,,,,,,,,,
2020-10-29 09:33:50,681.405,680.06,2,679.67,2,683.14,2,683.14,679.67,679.67,2,679.61,1,679.16,1,678.98,1,678.19,1,678.14,1,678.08,1,678.03,1,677.98,1,677.85,1,683.14,2,683.37,1,685.23,1,685.47,1,,,,,,,,,,,,
2020-10-29 09:33:51,681.415,680.06,2,679.69,1,683.14,2,683.14,679.69,679.69,1,679.68,1,679.67,2,679.61,1,679.16,1,678.98,1,678.19,1,678.14,1,678.08,1,678.03,1,683.14,2,683.37,1,685.23,1,685.47,1,,,,,,,,,,,,
2020-10-29 09:33:52,681.48,680.06,2,679.82,1,683.14,2,683.14,679.82,679.82,1,679.81,1,679.77,1,679.76,1,679.69,1,679.68,1,679.67,2,679.61,1,679.16,1,678.98,1,683.14,2,683.37,1,685.23,1,685.47,1,,,,,,,,,,,,
2020-10-29 09:33:53,681.495,680.06,2,679.85,1,683.14,2,683.14,679.85,679.85,1,679.84,1,679.82,1,679.81,1,679.77,1,679.76,1,679.69,1,679.68,1,679.67,2,679.61,1,683.14,2,683.37,1,685.23,1,685.47,1,,,,,,,,,,,,
2020-10-29 09:33:54,681.51,680.06,2,679.88,1,683.14,2,683.14,679.88,679.88,1,679.87,1,679.86,1,679.85,1,679.84,1,679.82,1,679.81,1,679.77,1,679.76,1,679.69,1,683.14,2,683.37,1,685.23,1,685.47,1,,,,,,,,,,,,
2020-10-29 09:33:55,681.53,680.06,2,679.92,1,683.14,2,683.14,679.92,679.92,1,679.89,1,679.88,1,679.87,1,679.86,1,679.85,1,679.84,1,679.82,1,679.81,1,679.77,1,683.14,2,683.37,1,685.23,1,685.47,1,,,,,,,,,,,,
2020-10-29 09:33:56,681.55,680.06,2,679.96,1,683.14,2,683.14,679.96,679.96,1,679.94,1,679.92,1,679.89,1,679.88,1,679.87,1,679.86,1,679.85,1,679.84,1,679.82,1,683.14,2,683.37,1,685.23,1,685.47,1,,,,,,,,,,,,
2020-10-29 09:33:57,681.555,680.06,2,679.97,1,683.14,2,683.14,679.97,679.97,1,679.96,1,679.94,1,679.92,1,679.89,1,679.88,1,679.87,1,679.86,1,679.85,1,679.84,1,683.14,2,683.37,1,685.23,1,685.47,1,,,,,,,,,,,,
2020-10-29 09:33:58,681.595,680.06,2,680.05,1,683.14,2,683.14,680.05,680.05,1,680.04,1,680.0,1,679.99,1,679.97,1,679.96,1,679.94,1,679.92,1,679.89,1,679.88,1,683.14,2,683.37,1,685.23,1,685.47,1,,,,,,,,,,,,
2020-10-29 09:33:59,681.61,680.06,2,680.08,1,683.14,2,683.14,680.08,680.08,1,680.05,1,680.04,1,680.0,1,679.99,1,679.97,1,679.96,1,679.94,1,679.92,1,679.89,1,683.14,2,683.37,1,685.23,1,685.47,1,,,,,,,,,,,,
2020-10-29 09:34:00,681.61,680.06,2,680.08,1,683.14,2,683.14,680.08,680.08,1,680.05,1,680.04,1,680.0,1,679.99,1,679.97,1,679.96,1,679.94,1,679.92,1,679.89,1,683.14,2,683.37,1,685.23,1,685.47,1,,,,,,,,,,,,
2020-10-29 09:34:01,681.475,680.06,2,679.81,1,683.14,2,683.14,679.81,679.81,1,679.67,2,679.61,1,679.16,1,678.98,1,678.19,1,678.14,1,678.08,1,678.03,1,677.98,1,683.14,2,683.37,1,685.23,1,685.47,1,,,,,,,,,,,,
2020-10-29 09:34:02,681.54,680.06,2,679.94,1,683.14,2,683.14,679.94,679.94,1,679.86,1,679.83,1,679.81,1,679.67,2,679.61,1,679.16,1,678.98,1,678.19,1,678.14,1,683.14,2,683.37,1,685.23,1,685.47,1,,,,,,,,,,,,
2020-10-29 09:34:03,681.56,680.06,2,679.98,1,683.14,2,683.14,679.98,679.98,1,679.97,1,679.94,1,679.86,1,679.83,1,679.81,1,679.67,2,679.61,1,679.16,1,678.98,1,683.14,2,683.37,1,685.23,1,685.47,1,,,,,,,,,,,,
2020-10-29 09:34:05,681.575,680.06,2,680.01,1,683.14,2,683.14,680.01,680.01,1,679.98,1,679.97,1,679.94,1,679.86,1,679.83,1,679.81,1,679.67,2,679.61,1,679.16,1,683.14,2,683.37,1,685.23,1,685.47,1,,,,,,,,,,,,
2020-10-29 09:34:05,681.595,680.06,2,680.05,1,683.14,2,683.14,680.05,680.05,1,680.03,1,680.01,1,679.98,1,679.97,1,679.94,1,679.86,1,679.83,1,679.81,1,679.67,2,683.14,2,683.37,1,685.23,1,685.47,1,,,,,,,,,,,,
2020-10-29 09:34:06,681.61,680.06,2,680.08,1,683.14,2,683.14,680.08,680.08,1,680.05,1,680.03,1,680.01,1,679.98,1,679.97,1,679.94,1,679.86,1,679.83,1,679.81,1,683.14,2,683.37,1,685.23,1,685.47,1,,,,,,,,,,,,
2020-10-29 09:34:07,681.61,680.06,2,680.08,1,683.14,2,683.14,680.08,680.08,1,680.05,1,680.03,1,680.01,1,679.98,1,679.97,1,679.94,1,679.86,1,679.83,1,679.81,1,683.14,2,683.37,1,685.23,1,685.47,1,,,,,,,,,,,,
2020-10-29 09:34:08,681.61,680.06,2,680.08,1,683.14,2,683.14,680.08,680.08,1,680.05,1,680.03,1,680.01,1,679.98,1,679.97,1,679.94,1,679.86,1,679.83,1,679.81,1,683.14,2,683.37,1,685.23,1,685.47,1,,,,,,,,,,,,
2020-10-29 09:34:09,681.61,680.06,2,680.08,1,683.14,2,683.14,680.08,680.08,1,680.05,1,680.03,1,680.01,1,679.98,1,679.97,1,679.94,1,679.86,1,679.83,1,679.81,1,683.14,2,683.37,1,685.23,1,685.47,1,,,,,,,,,,,,
2020-10-29 09:34:10,681.61,680.06,2,680.08,1,683.14,2,683.14,680.08,680.08,1,680.05,1,680.03,1,680.01,1,679.98,1,679.97,1,679.94,1,679.86,1,679.83,1,679.81,1,683.14,2,683.37,1,685.23,1,685.47,1,,,,,,,,,,,,
2020-10-29 09:34:11,681.61,680.06,2,680.08,1,683.14,2,683.14,680.08,680.08,1,680.05,1,680.03,1,680.01,1,679.98,1,679.97,1,679.94,1,679.86,1,679.83,1,679.81,1,683.14,2,683.37,1,685.23,1,685.47,1,,,,,,,,,,,,
2020-10-29 09:34:12,681.61,680.06,2,680.08,1,683.14,2,683.14,680.08,680.08,1,680.05,1,680.03,1,680.01,1,679.98,1,679.97,1,679.94,1,679.86,1,679.83,1,679.81,1,683.14,2,683.37,1,685.23,1,685.47,1,,,,,,,,,,,,
2020-10-29 09:34:13,681.61,680.06,2,680.08,1,683.14,2,683.14,680.08,680.08,1,680.05,1,680.03,1,680.01,1,679.98,1,679.97,1,679.94,1,679.86,1,679.83,1,679.81,1,683.14,2,683.37,1,685.23,1,685.47,1,,,,,,,,,,,,
2020-10-29 09:34:14,681.61,680.06,2,680.08,1,683.14,2,683.14,680.08,680.08,1,680.05,1,680.03,1,680.01,1,679.98,1,679.97,1,679.94,1,679.86,1,679.83,1,679.81,1,683.14,2,683.37,1,685.23,1,685.47,1,,,,,,,,,,,,
2020-10-29 09:34:15,681.61,680.06,2,680.08,1,683.14,2,683.14,680.08,680.08,1,680.05,1,680.03,1,680.01,1,679.98,1,679.97,1,679.94,1,679.86,1,679.83,1,679.81,1,683.14,2,683.37,1,685.23,1,685.47,1,,,,,,,,,,,,
2020-10-29 09:34:16,681.505,680.06,2,679.87,1,683.14,2,683.14,679.87,679.87,1,679.67,2,679.61,1,679.16,1,678.98,1,678.19,1,678.14,1,678.08,1,678.03,1,677.98,1,683.14,2,683.37,1,685.23,1,685.47,1,,,,,,,,,,,,
2020-10-29 09:34:17,681.59,680.06,2,680.04,1,683.14,2,683.14,680.04,680.04,1,679.99,1,679.97,1,679.93,1,679.87,1,679.67,2,679.61,1,679.16,1,678.98,1,678.19,1,683.14,2,683.37,1,685.23,1,685.47,1,,,,,,,,,,,,
2020-10-29 09:34:18,681.59,680.06,2,680.04,1,683.14,2,683.14,680.04,680.04,1,679.99,1,679.97,1,679.93,1,679.87,1,679.67,2,679.61,1,679.16,1,678.98,1,678.19,1,683.14,2,683.37,1,685.23,1,685.47,1,,,,,,,,,,,,
2020-10-29 09:34:19,681.59,680.06,2,680.04,1,683.14,2,683.14,680.04,680.04,1,679.99,1,679.78,1,679.67,2,679.61,1,679.16,1,678.98,1,678.19,1,678.14,1,678.08,1,683.14,2,683.37,1,685.23,1,685.47,1,,,,,,,,,,,,
2020-10-29 09:34:20,681.62,680.06,2,680.1,1,683.14,2,683.14,680.1,680.1,1,680.04,1,679.99,1,679.78,1,679.67,2,679.61,1,679.16,1,678.98,1,678.19,1,678.14,1,683.14,2,683.37,1,685.23,1,685.47,1,,,,,,,,,,,,
2020-10-29 09:34:21,681.62,680.06,2,680.1,1,683.14,2,683.14,680.1,680.1,1,680.04,1,679.99,1,679.78,1,679.67,2,679.61,1,679.16,1,678.98,1,678.19,1,678.14,1,683.14,2,683.37,1,685.23,1,685.47,1,,,,,,,,,,,,
2020-10-29 09:34:22,681.3,680.06,2,680.1,1,682.5,1,682.5,680.1,680.1,1,680.04,1,679.99,1,679.78,1,679.67,2,679.61,1,679.16,1,678.98,1,678.19,1,678.14,1,682.5,1,683.14,2,683.37,1,685.23,1,685.47,1,,,,,,,,,,
2020-10-29 09:34:23,681.145,680.06,2,679.8,1,682.49,1,682.49,679.8,679.8,1,679.72,1,679.67,2,679.61,1,679.16,1,678.98,1,678.19,1,678.14,1,678.08,1,678.03,1,682.49,1,682.5,1,683.14,2,683.37,1,685.23,1,685.47,1,,,,,,,,
2020-10-29 09:34:24,681.19,680.06,2,679.89,1,682.49,1,682.49,679.89,679.89,1,679.83,1,679.8,1,679.72,1,679.67,2,679.61,1,679.16,1,678.98,1,678.19,1,678.14,1,682.49,1,682.5,1,683.14,2,683.37,1,685.23,1,685.47,1,,,,,,,,
2020-10-29 09:34:25,681.23,680.06,2,679.97,1,682.49,1,682.49,679.97,679.97,1,679.96,1,679.95,1,679.89,1,679.83,1,679.8,1,679.72,1,679.67,2,679.61,1,679.16,1,682.49,1,682.5,1,683.14,2,683.37,1,685.23,1,685.47,1,,,,,,,,
2020-10-29 09:34:26,681.255,680.06,2,680.02,1,682.49,1,682.49,680.02,680.02,1,680.01,1,679.97,1,679.96,1,679.95,1,679.89,1,679.83,1,679.8,1,679.72,1,679.67,2,682.49,1,682.5,1,683.14,2,683.37,1,685.23,1,685.47,1,,,,,,,,
2020-10-29 09:34:27,681.255,680.06,2,680.02,1,682.49,1,682.49,680.02,680.02,1,680.01,1,679.97,1,679.96,1,679.95,1,679.89,1,679.83,1,679.8,1,679.72,1,679.67,2,682.49,1,682.5,1,683.14,2,683.37,1,685.23,1,685.47,1,,,,,,,,
2020-10-29 09:34:28,681.08,680.06,2,679.67,2,682.49,1,682.49,679.67,679.67,2,679.61,1,679.16,1,678.98,1,678.19,1,678.14,1,678.08,1,678.03,1,677.98,1,677.85,1,682.49,1,682.5,1,683.14,2,683.37,1,685.23,1,685.47,1,,,,,,,,
2020-10-29 09:34:29,681.165,680.06,2,679.84,1,682.49,1,682.49,679.84,679.84,1,679.73,1,679.67,2,679.61,1,679.16,1,678.98,1,678.19,1,678.14,1,678.08,1,678.03,1,682.49,1,682.5,1,683.14,2,683.37,1,685.23,1,685.47,1,,,,,,,,
2020-10-29 09:34:30,681.27,680.06,2,680.05,1,682.49,1,682.49,680.05,680.05,1,680.03,1,679.84,1,679.73,1,679.67,2,679.61,1,679.16,1,678.98,1,678.19,1,678.14,1,682.49,1,682.5,1,683.14,2,683.37,1,685.23,1,685.47,1,,,,,,,,
2020-10-29 09:34:31,681.08,680.06,2,679.67,2,682.49,2,682.49,679.67,679.67,2,679.61,1,679.16,1,678.98,1,678.19,1,678.14,1,678.08,1,678.03,1,677.98,1,677.85,1,682.49,2,682.5,1,683.14,2,683.37,1,685.23,1,685.47,1,,,,,,,,
2020-10-29 09:34:32,681.285,680.06,2,680.08,1,682.49,2,682.49,680.08,680.08,1,680.02,1,679.67,2,679.61,1,679.16,1,678.98,1,678.19,1,678.14,1,678.08,1,678.03,1,682.49,2,682.5,1,683.14,2,683.37,1,685.23,1,685.47,1,,,,,,,,
2020-10-29 09:34:33,681.08,680.06,2,679.67,2,682.49,3,682.49,679.67,679.67,2,679.61,1,679.16,1,678.98,1,678.19,1,678.14,1,678.08,1,678.03,1,677.98,1,677.85,1,682.49,3,682.5,1,683.14,2,683.37,1,685.23,1,685.47,1,,,,,,,,
2020-10-29 09:34:34,681.29,680.06,2,680.09,1,682.49,3,682.49,680.09,680.09,1,679.99,1,679.98,1,679.94,1,679.67,2,679.61,1,679.16,1,678.98,1,678.19,1,678.14,1,682.49,3,682.5,1,683.14,2,683.37,1,685.23,1,685.47,1,,,,,,,,
2020-10-29 09:34:35,681.08,680.06,2,679.67,2,682.49,3,682.49,679.67,679.67,2,679.61,1,679.16,1,678.98,1,678.19,1,678.14,1,678.08,1,678.03,1,677.98,1,677.85,1,682.49,3,682.5,1,683.14,2,683.37,1,685.23,1,685.47,1,,,,,,,,
2020-10-29 09:34:37,681.215,680.06,2,679.94,1,682.49,3,682.49,679.94,679.94,1,679.88,1,679.67,2,679.61,1,679.16,1,678.98,1,678.19,1,678.14,1,678.08,1,678.03,1,682.49,3,682.5,1,683.14,2,683.37,1,685.23,1,685.47,1,,,,,,,,
2020-10-29 09:34:37,681.28,680.06,2,680.07,1,682.49,3,682.49,680.07,680.07,1,680.03,1,679.94,1,679.88,1,679.67,2,679.61,1,679.16,1,678.98,1,678.19,1,678.14,1,682.49,3,682.5,1,683.14,2,683.37,1,685.23,1,685.47,1,,,,,,,,
2020-10-29 09:34:38,681.08,680.06,2,679.67,2,682.49,3,682.49,679.67,679.67,2,679.61,1,679.16,1,678.98,1,678.19,1,678.14,1,678.08,1,678.03,1,677.98,1,677.85,1,682.49,3,682.5,1,683.14,2,683.37,1,685.23,1,685.47,1,,,,,,,,
2020-10-29 09:34:39,681.22,680.06,2,679.95,1,682.49,3,682.49,679.95,679.95,1,679.9,1,679.86,1,679.67,2,679.61,1,679.16,1,678.98,1,678.19,1,678.14,1,678.08,1,682.49,3,682.5,1,683.14,2,683.37,1,685.23,1,685.47,1,,,,,,,,
2020-10-29 09:34:40,681.245,680.06,2,680.0,1,682.49,3,682.49,680.0,680.0,1,679.95,1,679.9,1,679.86,1,679.67,2,679.61,1,679.16,1,678.98,1,678.19,1,678.14,1,682.49,3,682.5,1,683.14,2,683.37,1,685.23,1,685.47,1,,,,,,,,
2020-10-29 09:34:42,681.245,680.06,2,680.0,1,682.49,3,682.49,680.0,680.0,1,679.95,1,679.9,1,679.86,1,679.67,2,679.61,1,679.16,1,678.98,1,678.19,1,678.14,1,682.49,3,682.5,1,683.14,2,683.37,1,685.23,1,685.47,1,,,,,,,,
2020-10-29 09:34:42,681.275,680.06,2,680.06,1,682.49,3,682.49,680.06,680.06,1,680.05,1,680.0,1,679.95,1,679.9,1,679.86,1,679.67,2,679.61,1,679.16,1,678.98,1,682.49,3,682.5,1,683.14,2,683.37,1,685.23,1,685.47,1,,,,,,,,
2020-10-29 09:34:43,681.295,680.06,2,680.1,1,682.49,3,682.49,680.1,680.1,1,680.06,1,680.05,1,680.0,1,679.95,1,679.9,1,679.86,1,679.67,2,679.61,1,679.16,1,682.49,3,682.5,1,683.14,2,683.37,1,685.23,1,685.47,1,,,,,,,,
2020-10-29 09:34:44,681.31,680.06,2,680.13,1,682.49,3,682.49,680.13,680.13,1,680.12,1,680.1,1,680.06,1,680.05,1,680.0,1,679.95,1,679.9,1,679.86,1,679.67,2,682.49,3,682.5,1,683.14,2,683.37,1,685.23,1,685.47,1,,,,,,,,
2020-10-29 09:34:45,681.315,680.06,2,680.14,1,682.49,3,682.49,680.14,680.14,1,680.13,1,680.12,1,680.1,1,680.06,1,680.05,1,680.0,1,679.95,1,679.9,1,679.86,1,682.49,3,682.5,1,683.14,2,683.37,1,685.23,1,685.47,1,,,,,,,,
2020-10-29 09:34:47,681.08,680.06,2,679.67,2,682.49,3,682.49,679.67,679.67,2,679.61,1,679.16,1,678.98,1,678.19,1,678.14,1,678.08,1,678.03,1,677.98,1,677.85,1,682.49,3,682.5,1,683.14,2,683.37,1,685.23,1,685.47,1,,,,,,,,
2020-10-29 09:34:48,681.155,680.06,2,679.82,1,682.49,3,682.49,679.82,679.82,1,679.67,2,679.61,1,679.16,1,678.98,1,678.19,1,678.14,1,678.08,1,678.03,1,677.98,1,682.49,3,682.5,1,683.14,2,683.37,1,685.23,1,685.47,1,,,,,,,,
2020-10-29 09:34:49,681.27,680.06,2,680.05,1,682.49,3,682.49,680.05,680.05,1,679.98,1,679.82,1,679.67,2,679.61,1,679.16,1,678.98,1,678.19,1,678.14,1,678.08,1,682.49,3,682.5,1,683.14,2,683.37,1,685.23,1,685.47,1,,,,,,,,
2020-10-29 09:34:50,681.275,680.06,2,680.06,1,682.49,3,682.49,680.06,680.06,1,680.05,1,679.98,1,679.82,1,679.67,2,679.61,1,679.16,1,678.98,1,678.19,1,678.14,1,682.49,3,682.5,1,683.14,2,683.37,1,685.23,1,685.47,1,,,,,,,,
2020-10-29 09:34:51,681.305,680.06,2,680.12,1,682.49,3,682.49,680.12,680.12,1,680.11,1,680.06,1,680.05,1,679.98,1,679.82,1,679.67,2,679.61,1,679.16,1,678.98,1,682.49,3,682.5,1,683.14,2,683.37,1,685.23,1,685.47,1,,,,,,,,
2020-10-29 09:34:52,681.325,680.06,2,680.16,1,682.49,3,682.49,680.16,680.16,1,680.15,1,680.12,1,680.11,1,680.06,1,680.05,1,679.98,1,679.82,1,679.67,2,679.61,1,682.49,3,682.5,1,683.14,2,683.37,1,685.23,1,685.47,1,,,,,,,,
2020-10-29 09:34:53,681.345,680.06,2,680.2,1,682.49,3,682.49,680.2,680.2,1,679.55,1,679.16,1,678.98,1,678.19,1,678.14,1,678.08,1,678.03,1,677.98,1,677.85,1,682.49,3,682.5,1,683.14,2,683.37,1,685.23,1,685.47,1,,,,,,,,
2020-10-29 09:34:54,681.345,680.06,2,680.2,1,682.49,3,682.49,680.2,680.2,1,679.55,1,679.16,1,678.98,1,678.19,1,678.14,1,678.08,1,678.03,1,677.98,1,677.85,1,682.49,3,682.5,1,683.14,2,683.37,1,685.23,1,685.47,1,,,,,,,,
2020-10-29 09:34:55,681.345,680.06,2,680.2,1,682.49,3,682.49,680.2,680.2,1,679.55,1,679.16,1,678.98,1,678.19,1,678.14,1,678.08,1,678.03,1,677.98,1,677.85,1,682.49,3,682.5,1,683.14,2,683.37,1,685.23,1,685.47,1,,,,,,,,
2020-10-29 09:34:55,681.345,680.06,2,680.2,1,682.49,3,682.49,680.2,680.2,1,679.55,1,679.16,1,678.98,1,678.19,1,678.14,1,678.08,1,678.03,1,677.98,1,677.85,1,682.49,3,682.5,1,683.14,2,683.37,1,685.23,1,685.47,1,,,,,,,,
2020-10-29 09:34:57,681.345,680.06,2,680.2,1,682.49,3,682.49,680.2,680.2,1,679.55,1,679.16,1,678.98,1,678.19,1,678.14,1,678.08,1,678.03,1,677.98,1,677.85,1,682.49,3,682.5,1,683.14,2,683.37,1,685.23,1,685.47,1,,,,,,,,
2020-10-29 09:34:58,681.345,680.06,2,680.2,1,682.49,3,682.49,680.2,680.2,1,679.55,1,679.16,1,678.98,1,678.19,1,678.14,1,678.08,1,678.03,1,677.98,1,677.85,1,682.49,3,682.5,1,683.14,2,683.37,1,685.23,1,685.47,1,,,,,,,,
2020-10-29 09:34:59,681.345,680.06,2,680.2,1,682.49,3,682.49,680.2,680.2,1,679.55,1,679.16,1,678.98,1,678.19,1,678.14,1,678.08,1,678.03,1,677.98,1,677.85,1,682.49,3,682.5,1,683.14,2,683.37,1,685.23,1,685.47,1,,,,,,,,
2020-10-29 09:35:00,681.345,680.06,2,680.2,1,682.49,3,682.49,680.2,680.2,1,679.55,1,679.16,1,678.98,1,678.19,1,678.14,1,678.08,1,678.03,1,677.98,1,677.85,1,682.49,3,682.5,1,683.14,2,683.37,1,685.23,1,685.47,1,,,,,,,,
2020-10-29 09:35:01,681.345,680.06,2,680.2,1,682.49,3,682.49,680.2,680.2,1,679.55,1,679.16,1,678.98,1,678.19,1,678.14,1,678.08,1,678.03,1,677.98,1,677.85,1,682.49,3,682.5,1,683.14,2,683.37,1,685.23,1,685.47,1,,,,,,,,
2020-10-29 09:35:02,681.345,680.06,2,680.2,1,682.49,3,682.49,680.2,680.2,1,679.55,1,679.16,1,678.98,1,678.19,1,678.14,1,678.08,1,678.03,1,677.98,1,677.85,1,682.49,3,682.5,1,683.14,2,683.37,1,685.23,1,685.47,1,,,,,,,,
2020-10-29 09:35:03,681.06,680.06,2,680.2,1,681.92,2,681.92,680.2,680.2,1,679.55,1,679.16,1,678.98,1,678.19,1,678.14,1,678.08,1,678.03,1,677.98,1,677.85,1,681.92,2,681.93,1,682.49,3,682.5,1,683.14,2,683.37,1,685.23,1,685.47,1,,,,
2020-10-29 09:35:04,681.06,680.06,2,680.2,1,681.92,2,681.92,680.2,680.2,1,679.55,1,679.16,1,678.98,1,678.19,1,678.14,1,678.08,1,678.03,1,677.98,1,677.85,1,681.92,2,681.93,1,682.49,3,682.5,1,683.14,2,683.37,1,685.23,1,685.47,1,,,,
2020-10-29 09:35:05,681.06,680.06,2,680.2,1,681.92,2,681.92,680.2,680.2,1,679.55,1,679.16,1,678.98,1,678.19,1,678.14,1,678.08,1,678.03,1,677.98,1,677.85,1,681.92,2,681.93,1,682.49,3,682.5,1,683.14,2,683.37,1,685.23,1,685.47,1,,,,
2020-10-29 09:35:06,681.06,680.06,2,680.2,1,681.92,2,681.92,680.2,680.2,1,679.55,1,679.16,1,678.98,1,678.19,1,678.14,1,678.08,1,678.03,1,677.98,1,677.85,1,681.92,2,681.93,1,682.49,3,682.5,1,683.14,2,683.37,1,685.23,1,685.47,1,,,,
2020-10-29 09:35:07,681.06,680.06,2,680.2,1,681.92,2,681.92,680.2,680.2,1,679.55,1,679.16,1,678.98,1,678.19,1,678.14,1,678.08,1,678.03,1,677.98,1,677.85,1,681.92,2,681.93,1,682.49,3,682.5,1,683.14,2,683.37,1,685.23,1,685.47,1,,,,
2020-10-29 09:35:08,681.06,680.06,2,680.2,1,681.92,2,681.92,680.2,680.2,1,679.55,1,679.16,1,678.98,1,678.19,1,678.14,1,678.08,1,678.03,1,677.98,1,677.85,1,681.92,2,681.93,1,682.49,3,682.5,1,683.14,2,683.37,1,685.23,1,685.47,1,,,,
2020-10-29 09:35:09,681.06,680.06,2,680.2,1,681.92,2,681.92,680.2,680.2,1,679.55,1,679.16,1,678.98,1,678.19,1,678.14,1,678.08,1,678.03,1,677.98,1,677.85,1,681.92,2,681.93,1,682.49,3,682.5,1,683.14,2,683.37,1,685.23,1,685.47,1,,,,
2020-10-29 09:35:10,681.06,680.06,2,680.2,1,681.92,2,681.92,680.2,680.2,1,679.55,1,679.16,1,678.98,1,678.19,1,678.14,1,678.08,1,678.03,1,677.98,1,677.85,1,681.92,2,681.93,1,682.49,3,682.5,1,683.14,2,683.37,1,685.23,1,685.47,1,,,,
2020-10-29 09:35:11,681.06,680.06,2,680.2,1,681.92,3,681.92,680.2,680.2,1,679.55,1,679.16,1,678.98,1,678.19,1,678.14,1,678.08,1,678.03,1,677.98,1,677.85,1,681.92,3,681.93,1,682.49,3,682.5,1,683.14,2,683.37,1,685.23,1,685.47,1,,,,
2020-10-29 09:35:12,681.06,680.06,2,680.2,1,681.92,3,681.92,680.2,680.2,1,679.55,1,679.16,1,678.98,1,678.19,1,678.14,1,678.08,1,678.03,1,677.98,1,677.85,1,681.92,3,681.93,1,682.49,3,682.5,1,683.14,2,683.37,1,685.23,1,685.47,1,,,,
2020-10-29 09:35:13,681.06,680.06,2,680.2,1,681.92,3,681.92,680.2,680.2,1,679.55,1,679.16,1,678.98,1,678.19,1,678.14,1,678.08,1,678.03,1,677.98,1,677.85,1,681.92,3,681.93,1,682.49,3,682.5,1,683.14,2,683.37,1,685.23,1,685.47,1,,,,
2020-10-29 09:35:14,681.06,680.06,2,680.2,1,681.92,3,681.92,680.2,680.2,1,679.55,1,679.16,1,678.98,1,678.19,1,678.14,1,678.08,1,678.03,1,677.98,1,677.85,1,681.92,3,681.93,1,682.49,3,682.5,1,683.14,2,683.37,1,685.23,1,685.47,1,,,,
2020-10-29 09:35:15,681.06,680.06,2,680.2,1,681.92,3,681.92,680.2,680.2,1,679.55,1,679.16,1,678.98,1,678.19,1,678.14,1,678.08,1,678.03,1,677.98,1,677.85,1,681.92,3,681.93,1,682.49,3,682.5,1,683.14,2,683.37,1,685.23,1,685.47,1,,,,
2020-10-29 09:35:16,681.06,680.06,2,680.2,1,681.92,3,681.92,680.2,680.2,1,679.55,1,679.16,1,678.98,1,678.19,1,678.14,1,678.08,1,678.03,1,677.98,1,677.85,1,681.92,3,681.93,1,682.49,3,682.5,1,683.14,2,683.37,1,685.23,1,685.47,1,,,,
2020-10-29 09:35:17,681.06,680.06,2,680.2,1,681.92,3,681.92,680.2,680.2,1,679.55,1,679.16,1,678.98,1,678.19,1,678.14,1,678.08,1,678.03,1,677.98,1,677.85,1,681.92,3,681.93,1,682.49,3,682.5,1,683.14,2,683.37,1,685.23,1,685.47,1,,,,
2020-10-29 09:35:18,681.06,680.06,2,680.2,1,681.92,3,681.92,680.2,680.2,1,679.55,1,679.16,1,678.98,1,678.19,1,678.14,1,678.08,1,678.03,1,677.98,1,677.85,1,681.92,3,681.93,1,682.49,3,682.5,1,683.14,2,683.37,1,685.23,1,685.47,1,,,,
2020-10-29 09:35:19,681.06,680.06,2,680.2,1,681.92,3,681.92,680.2,680.2,1,679.55,1,679.16,1,678.98,1,678.19,1,678.14,1,678.08,1,678.03,1,677.98,1,677.85,1,681.92,3,681.93,1,682.49,3,682.5,1,683.14,2,683.37,1,685.23,1,685.47,1,,,,
2020-10-29 09:35:20,681.06,680.06,2,680.2,1,681.92,3,681.92,680.2,680.2,1,679.55,1,679.16,1,678.98,1,678.19,1,678.14,1,678.08,1,678.03,1,677.98,1,677.85,1,681.92,3,681.93,1,682.49,3,682.5,1,683.14,2,683.37,1,685.23,1,685.47,1,,,,
2020-10-29 09:35:21,681.06,680.21,1,680.2,1,681.92,3,681.92,680.2,680.2,1,679.55,1,679.16,1,678.98,1,678.19,1,678.14,1,678.08,1,678.03,1,677.98,1,677.85,1,681.92,3,681.93,1,682.49,3,682.5,1,683.14,2,683.37,1,685.23,1,685.47,1,,,,
2020-10-29 09:35:22,681.06,680.21,1,680.2,1,681.92,3,681.92,680.2,680.2,1,679.55,1,679.16,1,678.98,1,678.19,1,678.14,1,678.08,1,678.03,1,677.98,1,677.85,1,681.92,3,681.93,1,682.49,3,682.5,1,683.14,2,683.37,1,685.23,1,685.47,1,,,,
2020-10-29 09:35:23,681.06,680.21,1,680.2,1,681.92,3,681.92,680.2,680.2,1,679.55,1,679.16,1,678.98,1,678.19,1,678.14,1,678.08,1,678.03,1,677.98,1,677.85,1,681.92,3,681.93,1,682.49,3,682.5,1,683.14,2,683.37,1,685.23,1,685.47,1,,,,
2020-10-29 09:35:24,681.06,680.21,1,680.2,1,681.92,3,681.92,680.2,680.2,1,679.55,1,679.16,1,678.98,1,678.19,1,678.14,1,678.08,1,678.03,1,677.98,1,677.85,1,681.92,3,681.93,1,682.49,3,682.5,1,683.14,2,683.37,1,685.23,1,685.47,1,,,,
2020-10-29 09:35:25,681.06,680.22,1,680.2,1,681.92,3,681.92,680.2,680.2,1,679.55,1,679.16,1,678.98,1,678.19,1,678.14,1,678.08,1,678.03,1,677.98,1,677.85,1,681.92,3,681.93,1,682.49,3,682.5,1,683.14,2,683.37,1,685.23,1,685.47,1,,,,
2020-10-29 09:35:26,681.06,680.22,1,680.2,1,681.92,3,681.92,680.2,680.2,1,679.55,1,679.16,1,678.98,1,678.19,1,678.14,1,678.08,1,678.03,1,677.98,1,677.85,1,681.92,3,681.93,1,682.49,3,682.5,1,683.14,2,683.37,1,685.23,1,685.47,1,,,,
2020-10-29 09:35:27,680.65,680.2,1,679.38,1,681.92,3,681.92,679.38,679.38,1,679.36,1,679.31,1,679.16,1,678.98,1,678.19,1,678.14,1,678.08,1,678.03,1,677.98,1,681.92,3,681.93,1,682.49,3,682.5,1,683.14,2,683.37,1,685.23,1,685.47,1,,,,
2020-10-29 09:35:28,680.65,680.2,1,679.38,1,681.92,3,681.92,679.38,679.38,1,679.36,1,679.31,1,679.16,1,678.98,1,678.19,1,678.14,1,678.08,1,678.03,1,677.98,1,681.92,3,681.93,1,682.49,3,682.5,1,683.14,2,683.37,1,685.23,1,685.47,1,,,,
2020-10-29 09:35:29,680.665,680.2,1,679.41,1,681.92,3,681.92,679.41,679.41,1,679.38,1,679.36,1,679.31,1,679.16,1,678.98,1,678.19,1,678.14,1,678.08,1,678.03,1,681.92,3,681.93,1,682.49,3,682.5,1,683.14,2,683.37,1,685.23,1,685.47,1,,,,
2020-10-29 09:35:30,680.665,680.2,1,679.41,2,681.92,3,681.92,679.41,679.41,2,679.38,1,679.36,1,679.31,1,679.16,1,678.98,1,678.19,1,678.14,1,678.08,1,678.03,1,681.92,3,681.93,1,682.49,3,682.5,1,683.14,2,683.37,1,685.23,1,685.47,1,,,,
2020-10-29 09:35:31,680.665,680.2,1,679.41,2,681.92,3,681.92,679.41,679.41,2,679.38,1,679.36,1,679.31,1,679.16,1,678.98,1,678.19,1,678.14,1,678.08,1,678.03,1,681.92,3,681.93,1,682.49,3,682.5,1,683.14,2,683.37,1,685.23,1,685.47,1,,,,
2020-10-29 09:35:32,680.665,680.2,1,679.41,3,681.92,3,681.92,679.41,679.41,3,679.38,1,679.36,1,679.31,1,679.16,1,678.98,1,678.19,1,678.14,1,678.08,1,678.03,1,681.92,3,681.93,1,682.49,3,682.5,1,683.14,2,683.37,1,685.23,1,685.47,1,,,,
2020-10-29 09:35:33,680.665,680.2,1,679.41,3,681.92,3,681.92,679.41,679.41,3,679.38,1,679.36,1,679.31,1,679.16,1,678.98,1,678.19,1,678.14,1,678.08,1,678.03,1,681.92,3,681.93,1,682.49,3,682.5,1,683.14,2,683.37,1,685.23,1,685.47,1,,,,
2020-10-29 09:35:34,680.665,680.2,1,679.41,3,681.92,3,681.92,679.41,679.41,3,679.38,1,679.36,1,679.31,1,679.16,1,678.98,1,678.19,1,678.14,1,678.08,1,678.03,1,681.92,3,681.93,1,682.49,3,682.5,1,683.14,2,683.37,1,685.23,1,685.47,1,,,,
2020-10-29 09:35:35,680.665,680.2,1,679.41,3,681.92,3,681.92,679.41,679.41,3,679.38,1,679.36,1,679.31,1,679.16,1,678.98,1,678.19,1,678.14,1,678.08,1,678.03,1,681.92,3,681.93,1,682.49,3,682.5,1,683.14,2,683.37,1,685.23,1,685.47,1,,,,
2020-10-29 09:35:36,680.665,680.2,1,679.41,3,681.92,3,681.92,679.41,679.41,3,679.38,1,679.36,1,679.31,1,679.16,1,678.98,1,678.19,1,678.14,1,678.08,1,678.03,1,681.92,3,681.93,1,682.49,3,682.5,1,683.14,2,683.37,1,685.23,1,685.47,1,,,,
2020-10-29 09:35:37,680.665,680.2,1,679.41,3,681.92,3,681.92,679.41,679.41,3,679.38,1,679.36,1,679.31,1,679.16,1,678.98,1,678.19,1,678.14,1,678.08,1,678.03,1,681.92,3,681.93,1,682.49,3,682.5,1,683.14,2,683.37,1,685.23,1,685.47,1,,,,
2020-10-29 09:35:38,680.665,680.2,1,679.41,3,681.92,3,681.92,679.41,679.41,3,679.38,1,679.36,1,679.31,1,679.16,1,678.98,1,678.19,1,678.14,1,678.08,1,678.03,1,681.92,3,681.93,1,682.49,3,682.5,1,683.14,2,683.37,1,685.23,1,685.47,1,,,,
2020-10-29 09:35:39,680.695,680.2,1,679.47,1,681.92,3,681.92,679.47,679.47,1,679.41,3,679.38,1,679.36,1,679.31,1,679.16,1,678.98,1,678.19,1,678.14,1,678.08,1,681.92,3,681.93,1,682.49,3,682.5,1,683.14,2,683.37,1,685.23,1,685.47,1,,,,
2020-10-29 09:35:40,680.695,680.2,1,679.47,1,681.92,3,681.92,679.47,679.47,1,679.41,3,679.38,1,679.36,1,679.31,1,679.16,1,678.98,1,678.19,1,678.14,1,678.08,1,681.92,3,681.93,1,682.49,3,682.5,1,683.14,2,683.37,1,685.23,1,685.47,1,,,,
2020-10-29 09:35:41,680.695,680.2,1,679.47,1,681.92,3,681.92,679.47,679.47,1,679.41,3,679.38,1,679.36,1,679.31,1,679.16,1,678.98,1,678.19,1,678.14,1,678.08,1,681.92,3,681.93,1,682.49,3,682.5,1,683.14,2,683.37,1,685.23,1,685.47,1,,,,
2020-10-29 09:35:42,680.695,680.2,1,679.47,1,681.92,3,681.92,679.47,679.47,1,679.41,3,679.38,1,679.36,1,679.31,1,679.16,1,678.98,1,678.19,1,678.14,1,678.08,1,681.92,3,681.93,1,682.49,3,682.5,1,683.14,2,683.37,1,685.23,1,685.47,1,,,,
2020-10-29 09:35:43,680.695,680.2,1,679.47,1,681.92,3,681.92,679.47,679.47,1,679.41,3,679.38,1,679.36,1,679.31,1,679.16,1,678.98,1,678.19,1,678.14,1,678.08,1,681.92,3,681.93,1,682.49,3,682.5,1,683.14,2,683.37,1,685.23,1,685.47,1,,,,
2020-10-29 09:35:44,680.695,680.2,1,679.47,1,681.92,3,681.92,679.47,679.47,1,679.41,3,679.38,1,679.36,1,679.31,1,679.16,1,678.98,1,678.19,1,678.14,1,678.08,1,681.92,3,681.93,1,682.49,3,682.5,1,683.14,2,683.37,1,685.23,1,685.47,1,,,,
2020-10-29 09:35:45,680.72,680.2,1,679.52,1,681.92,3,681.92,679.52,679.52,1,679.47,1,679.41,3,679.38,1,679.36,1,679.31,1,679.16,1,678.98,1,678.19,1,678.14,1,681.92,3,681.93,1,682.49,3,682.5,1,683.14,2,683.37,1,685.23,1,685.47,1,,,,
2020-10-29 09:35:46,680.72,680.2,1,679.52,2,681.92,3,681.92,679.52,679.52,2,679.47,1,679.41,3,679.38,1,679.36,1,679.31,1,679.16,1,678.98,1,678.19,1,678.14,1,681.92,3,681.93,1,682.49,3,682.5,1,683.14,2,683.37,1,685.23,1,685.47,1,,,,
2020-10-29 09:35:47,680.815,680.2,1,679.71,1,681.92,3,681.92,679.71,679.71,1,679.63,1,679.52,2,679.47,1,679.41,3,679.38,1,679.36,1,679.31,1,679.16,1,678.98,1,681.92,3,681.93,1,682.49,3,682.5,1,683.14,2,683.37,1,685.23,1,685.47,1,,,,
2020-10-29 09:35:48,680.865,680.2,1,679.81,1,681.92,3,681.92,679.81,679.81,1,679.8,1,679.71,1,679.63,1,679.52,2,679.47,1,679.41,3,679.38,1,679.36,1,679.31,1,681.92,3,681.93,1,682.49,3,682.5,1,683.14,2,683.37,1,685.23,1,685.47,1,,,,
2020-10-29 09:35:49,680.935,680.2,1,679.95,1,681.92,3,681.92,679.95,679.95,1,679.81,1,679.8,1,679.71,1,679.63,1,679.52,2,679.47,1,679.41,3,679.38,1,679.36,1,681.92,3,681.93,1,682.49,3,682.5,1,683.14,2,683.37,1,685.23,1,685.47,1,,,,
2020-10-29 09:35:50,680.935,680.2,1,679.95,1,681.92,3,681.92,679.95,679.95,1,679.81,1,679.8,1,679.71,1,679.63,1,679.52,2,679.47,1,679.41,3,679.38,1,679.36,1,681.92,3,681.93,1,682.49,3,682.5,1,683.14,2,683.37,1,685.23,1,685.47,1,,,,
2020-10-29 09:35:51,680.455,680.46,3,678.99,2,681.92,4,681.92,678.99,678.99,2,678.33,1,678.19,1,678.14,1,678.08,1,678.03,1,677.98,1,677.85,1,677.82,1,677.8,1,681.92,4,681.93,1,682.49,3,682.5,1,683.14,2,683.37,1,685.23,1,685.47,1,,,,
2020-10-29 09:35:52,680.455,680.46,3,678.99,2,681.92,4,681.92,678.99,678.99,2,678.33,1,678.19,1,678.14,1,678.08,1,678.03,1,677.98,1,677.85,1,677.82,1,677.8,1,681.92,4,681.93,1,682.49,3,682.5,1,683.14,2,683.37,1,685.23,1,685.47,1,,,,
2020-10-29 09:35:53,680.455,680.46,3,678.99,1,681.92,4,681.92,678.99,678.99,1,678.33,1,678.19,1,678.14,1,678.08,1,678.03,1,677.98,1,677.85,1,677.82,1,677.8,1,681.92,4,681.93,1,682.49,3,682.5,1,683.14,2,683.37,1,685.23,1,685.47,1,,,,
2020-10-29 09:35:54,680.455,680.46,1,678.99,1,681.92,4,681.92,678.99,678.99,1,678.33,1,678.19,1,678.14,1,678.08,1,678.03,1,677.98,1,677.85,1,677.82,1,677.8,1,681.92,4,681.93,1,682.49,3,682.5,1,683.14,2,683.37,1,685.23,1,685.47,1,,,,
2020-10-29 09:35:55,680.455,680.46,1,678.99,1,681.92,4,681.92,678.99,678.99,1,678.33,1,678.19,1,678.14,1,678.08,1,678.03,1,677.98,1,677.85,1,677.82,1,677.8,1,681.92,4,681.93,1,682.49,3,682.5,1,683.14,2,683.37,1,685.23,1,685.47,1,,,,
2020-10-29 09:35:56,680.455,680.46,1,678.99,1,681.92,4,681.92,678.99,678.99,1,678.33,1,678.19,1,678.14,1,678.08,1,678.03,1,677.98,1,677.85,1,677.82,1,677.8,1,681.92,4,681.93,1,682.49,3,682.5,1,683.14,2,683.37,1,685.23,1,685.47,1,,,,
2020-10-29 09:35:57,680.425,680.46,1,678.99,1,681.86,1,681.86,678.99,678.99,1,678.33,1,678.19,1,678.14,1,678.08,1,678.03,1,677.98,1,677.85,1,677.82,1,677.8,1,681.86,1,681.92,4,681.93,1,682.49,3,682.5,1,683.14,2,683.37,1,685.23,1,685.47,1,,
2020-10-29 09:35:58,680.36,680.46,1,678.86,1,681.86,2,681.86,678.86,678.86,1,678.33,1,678.19,1,678.14,1,678.08,1,678.03,1,677.98,1,677.85,1,677.82,1,677.8,1,681.86,2,681.92,4,681.93,1,682.49,3,682.5,1,683.14,2,683.37,1,685.23,1,685.47,1,,
2020-10-29 09:35:59,680.36,680.46,1,678.86,1,681.86,2,681.86,678.86,678.86,1,678.33,1,678.19,1,678.14,1,678.08,1,678.03,1,677.98,1,677.85,1,677.82,1,677.8,1,681.86,2,681.92,4,681.93,1,682.49,3,682.5,1,683.14,2,683.37,1,685.23,1,685.47,1,,
2020-10-29 09:36:00,680.58,680.46,1,679.67,1,681.49,2,681.49,679.67,679.67,1,678.62,1,677.8,2,677.69,1,677.68,1,677.5,1,677.43,1,676.92,5,676.12,2,675.0,2,681.49,2,681.5,1,681.86,3,681.92,4,681.93,1,682.49,3,682.5,1,683.14,2,683.37,1,685.23,1
2020-10-29 09:36:01,680.58,680.46,1,679.67,1,681.49,3,681.49,679.67,679.67,1,678.62,1,677.8,2,677.69,1,677.68,1,677.5,1,677.43,1,676.92,5,676.12,2,675.0,2,681.49,3,681.5,1,681.86,3,681.92,4,681.93,1,682.49,3,682.5,1,683.14,2,683.37,1,685.23,1
2020-10-29 09:36:02,680.58,680.46,1,679.67,1,681.49,3,681.49,679.67,679.67,1,678.62,1,677.8,2,677.69,1,677.68,1,677.5,1,677.43,1,676.92,5,676.12,2,675.0,2,681.49,3,681.5,1,681.86,3,681.92,4,681.93,1,682.49,3,682.5,1,683.14,2,683.37,1,685.23,1
2020-10-29 09:36:03,680.58,680.46,1,679.67,1,681.49,3,681.49,679.67,679.67,1,678.62,1,677.8,2,677.69,1,677.68,1,677.5,1,677.43,1,676.92,5,676.12,2,675.0,2,681.49,3,681.5,1,681.86,3,681.92,4,681.93,1,682.49,3,682.5,1,683.14,2,683.37,1,685.23,1
2020-10-29 09:36:04,680.58,680.46,1,679.67,1,681.49,3,681.49,679.67,679.67,1,678.62,1,677.8,2,677.69,1,677.68,1,677.5,1,677.43,1,676.92,5,676.12,2,675.0,2,681.49,3,681.5,1,681.86,3,681.92,4,681.93,1,682.49,3,682.5,1,683.14,2,683.37,1,685.23,1
2020-10-29 09:36:05,680.58,680.46,1,679.67,1,681.49,3,681.49,679.67,679.67,1,678.62,1,677.8,2,677.69,1,677.68,1,677.5,1,677.43,1,676.92,5,676.12,2,675.0,2,681.49,3,681.5,1,681.86,3,681.92,4,681.93,1,682.49,3,682.5,1,683.14,2,683.37,1,685.23,1
2020-10-29 09:36:06,680.58,680.46,1,679.67,1,681.49,3,681.49,679.67,679.67,1,678.62,1,677.8,2,677.69,1,677.68,1,677.5,1,677.43,1,676.92,5,676.12,2,675.0,2,681.49,3,681.5,1,681.86,3,681.92,4,681.93,1,682.49,3,682.5,1,683.14,2,683.37,1,685.23,1
2020-10-29 09:36:07,680.155,680.16,1,678.82,1,681.49,4,681.49,678.82,678.82,1,677.56,1,677.5,1,677.43,1,676.92,5,676.12,2,675.0,2,673.7,1,,,,,681.49,4,681.5,1,681.86,3,681.92,4,681.93,1,682.49,3,682.5,1,683.14,2,683.37,1,685.23,1
2020-10-29 09:36:08,680.155,680.16,1,678.82,1,681.49,4,681.49,678.82,678.82,1,677.56,1,677.5,1,677.43,1,676.92,5,676.12,2,675.0,2,673.7,1,,,,,681.49,4,681.5,1,681.86,3,681.92,4,681.93,1,682.49,3,682.5,1,683.14,2,683.37,1,685.23,1
2020-10-29 09:36:09,680.155,680.16,1,678.82,1,681.49,3,681.49,678.82,678.82,1,677.56,1,677.5,1,677.43,1,676.92,5,676.12,2,675.0,2,673.7,1,,,,,681.49,3,681.5,1,681.86,3,681.92,4,681.93,1,682.49,3,682.5,1,683.14,2,683.37,1,685.23,1
2020-10-29 09:36:10,680.155,680.16,1,678.82,1,681.49,3,681.49,678.82,678.82,1,677.56,1,677.5,1,677.43,1,676.92,5,676.12,2,675.0,2,673.7,1,,,,,681.49,3,681.5,1,681.86,3,681.92,4,681.93,1,682.49,3,682.5,1,683.14,2,683.37,1,685.23,1
2020-10-29 09:36:11,680.155,680.16,1,678.82,1,681.49,3,681.49,678.82,678.82,1,677.56,1,677.5,1,677.43,1,676.92,5,676.12,2,675.0,2,673.7,1,,,,,681.49,3,681.5,1,681.86,3,681.92,4,681.93,1,682.49,3,682.5,1,683.14,2,683.37,1,685.23,1
2020-10-29 09:36:12,680.155,680.16,1,678.82,1,681.49,3,681.49,678.82,678.82,1,677.56,1,677.5,1,677.43,1,676.92,5,676.12,2,675.0,2,673.7,1,,,,,681.49,3,681.5,1,681.86,3,681.92,4,681.93,1,682.49,3,682.5,1,683.14,2,683.37,1,685.23,1
2020-10-29 09:36:13,680.155,680.16,1,678.82,1,681.49,3,681.49,678.82,678.82,1,677.56,1,677.5,1,677.43,1,676.92,5,676.12,2,675.0,2,673.7,1,,,,,681.49,3,681.5,1,681.86,3,681.92,4,681.93,1,682.49,3,682.5,1,683.14,2,683.37,1,685.23,1
2020-10-29 09:36:14,679.99,680.16,1,678.49,1,681.49,3,681.49,678.49,678.49,1,677.56,1,677.5,1,677.43,1,676.92,5,676.12,2,675.0,2,673.7,1,,,,,681.49,3,681.5,1,681.86,3,681.92,4,681.93,1,682.49,3,682.5,1,683.14,2,683.37,1,685.23,1
2020-10-29 09:36:15,680.16,680.16,1,678.83,1,681.49,3,681.49,678.83,678.83,1,678.14,1,677.56,1,677.5,1,677.43,1,676.92,5,676.12,2,675.0,2,673.7,1,,,681.49,3,681.5,1,681.86,3,681.92,4,681.93,1,682.49,3,682.5,1,683.14,2,683.37,1,685.23,1
2020-10-29 09:36:16,680.16,680.16,1,678.83,1,681.49,3,681.49,678.83,678.83,1,678.14,1,677.56,1,677.5,1,677.43,1,676.92,5,676.12,2,675.0,2,673.7,1,,,681.49,3,681.5,1,681.86,3,681.92,4,681.93,1,682.49,3,682.5,1,683.14,2,683.37,1,685.23,1
2020-10-29 09:36:17,680.16,680.16,1,678.83,1,681.49,3,681.49,678.83,678.83,1,678.14,1,677.56,1,677.5,1,677.43,1,676.92,5,676.12,2,675.0,2,673.7,1,,,681.49,3,681.5,1,681.86,3,681.92,4,681.93,1,682.49,3,682.5,1,683.14,2,683.37,1,685.23,1
2020-10-29 09:36:18,680.16,680.16,1,678.83,1,681.49,3,681.49,678.83,678.83,1,678.14,1,677.56,1,677.5,1,677.43,1,676.92,5,676.12,2,675.0,2,673.7,1,,,681.49,3,681.5,1,681.86,3,681.92,4,681.93,1,682.49,3,682.5,1,683.14,2,683.37,1,685.23,1
2020-10-29 09:36:19,680.16,680.16,1,678.83,1,681.49,3,681.49,678.83,678.83,1,678.14,1,677.56,1,677.5,1,677.43,1,676.92,5,676.12,2,675.0,2,673.7,1,,,681.49,3,681.5,1,681.86,3,681.92,4,681.93,1,682.49,3,682.5,1,683.14,2,683.37,1,685.23,1
2020-10-29 09:36:20,680.16,680.16,1,678.83,1,681.49,3,681.49,678.83,678.83,1,678.14,1,677.56,1,677.5,1,677.43,1,676.92,5,676.12,2,675.0,2,673.7,1,,,681.49,3,681.5,1,681.86,3,681.92,4,681.93,1,682.49,3,682.5,1,683.14,2,683.37,1,685.23,1
2020-10-29 09:36:21,680.16,680.16,1,678.83,1,681.49,3,681.49,678.83,678.83,1,678.14,1,677.56,1,677.5,1,677.43,1,676.92,5,676.12,2,675.0,2,673.7,1,,,681.49,3,681.5,1,681.86,3,681.92,4,681.93,1,682.49,3,682.5,1,683.14,2,683.37,1,685.23,1
2020-10-29 09:36:22,679.815,680.3,1,678.14,1,681.49,3,681.49,678.14,678.14,1,677.56,1,677.5,1,677.43,1,676.92,5,676.12,2,675.0,2,673.7,1,,,,,681.49,3,681.5,1,681.86,3,681.92,4,681.93,1,682.49,3,682.5,1,683.14,2,683.37,1,685.23,1
2020-10-29 09:36:23,679.815,680.3,1,678.14,1,681.49,3,681.49,678.14,678.14,1,677.56,1,677.5,1,677.43,1,676.92,5,676.12,2,675.0,2,673.7,1,,,,,681.49,3,681.5,1,681.86,3,681.92,4,681.93,1,682.49,3,682.5,1,683.14,2,683.37,1,685.23,1
2020-10-29 09:36:24,679.74,680.3,1,678.14,1,681.34,2,681.34,678.14,678.14,1,677.56,1,677.5,1,677.43,1,676.92,5,676.12,2,675.0,2,673.7,1,,,,,681.34,2,681.49,5,681.5,1,681.86,3,681.92,4,681.93,1,682.49,3,682.5,1,683.14,2,683.37,1
2020-10-29 09:36:25,679.72,680.3,1,678.14,1,681.3,2,681.3,678.14,678.14,1,677.56,1,677.5,1,677.43,1,676.92,5,676.12,2,675.0,2,673.7,1,,,,,681.3,2,681.34,2,681.49,5,681.5,1,681.86,3,681.92,4,681.93,1,682.49,3,682.5,1,683.14,2
2020-10-29 09:36:26,679.72,680.3,1,678.14,1,681.3,2,681.3,678.14,678.14,1,677.56,1,677.5,1,677.43,1,676.92,5,676.12,2,675.0,2,673.7,1,,,,,681.3,2,681.34,2,681.49,5,681.5,1,681.86,3,681.92,4,681.93,1,682.49,3,682.5,1,683.14,2
2020-10-29 09:36:27,679.72,680.3,1,678.14,1,681.3,2,681.3,678.14,678.14,1,677.56,1,677.5,1,677.43,1,676.92,5,676.12,2,675.0,2,673.7,1,,,,,681.3,2,681.34,2,681.49,5,681.5,1,681.86,3,681.92,4,681.93,1,682.49,3,682.5,1,683.14,2
2020-10-29 09:36:28,679.72,680.3,1,678.14,1,681.3,2,681.3,678.14,678.14,1,677.56,1,677.5,1,677.43,1,676.92,5,676.12,2,675.0,2,673.7,1,,,,,681.3,2,681.34,2,681.49,5,681.5,1,681.86,3,681.92,4,681.93,1,682.49,3,682.5,1,683.14,2
2020-10-29 09:36:29,679.72,680.3,1,678.14,1,681.3,2,681.3,678.14,678.14,1,677.56,1,677.5,1,677.43,1,676.92,5,676.12,2,675.0,2,673.7,1,,,,,681.3,2,681.34,2,681.49,5,681.5,1,681.86,3,681.92,4,681.93,1,682.49,3,682.5,1,683.14,2
2020-10-29 09:36:30,679.72,680.3,1,678.14,1,681.3,2,681.3,678.14,678.14,1,677.56,1,677.5,1,677.43,1,676.92,5,676.12,2,675.0,2,673.7,1,,,,,681.3,2,681.34,2,681.49,5,681.5,1,681.86,3,681.92,4,681.93,1,682.49,3,682.5,1,683.14,2
2020-10-29 09:36:31,679.72,680.3,1,678.14,1,681.3,2,681.3,678.14,678.14,1,677.56,1,677.5,1,677.43,1,676.92,5,676.12,2,675.0,2,673.7,1,,,,,681.3,2,681.34,2,681.49,5,681.5,1,681.86,3,681.92,4,681.93,1,682.49,3,682.5,1,683.14,2
2020-10-29 09:36:32,679.72,680.3,1,678.14,1,681.3,2,681.3,678.14,678.14,1,677.56,1,677.5,1,677.43,1,676.92,5,676.12,2,675.0,2,673.7,1,,,,,681.3,2,681.34,2,681.49,5,681.5,1,681.86,3,681.92,4,681.93,1,682.49,3,682.5,1,683.14,2
2020-10-29 09:36:33,679.72,680.3,1,678.14,1,681.3,2,681.3,678.14,678.14,1,677.56,1,677.5,1,677.43,1,676.92,5,676.12,2,675.0,2,673.7,1,,,,,681.3,2,681.34,2,681.49,5,681.5,1,681.86,3,681.92,4,681.93,1,682.49,3,682.5,1,683.14,2
2020-10-29 09:36:34,679.72,680.3,1,678.14,1,681.3,2,681.3,678.14,678.14,1,677.56,1,677.5,1,677.43,1,676.92,5,676.12,2,675.0,2,673.7,1,,,,,681.3,2,681.34,2,681.49,5,681.5,1,681.86,3,681.92,4,681.93,1,682.49,3,682.5,1,683.14,2
2020-10-29 09:36:35,679.72,680.3,1,678.14,1,681.3,2,681.3,678.14,678.14,1,677.56,1,677.5,1,677.43,1,676.92,5,676.12,2,675.0,2,673.7,1,,,,,681.3,2,681.34,2,681.49,5,681.5,1,681.86,3,681.92,4,681.93,1,682.49,3,682.5,1,683.14,2
2020-10-29 09:36:36,679.72,680.3,1,678.14,1,681.3,2,681.3,678.14,678.14,1,677.56,1,677.5,1,677.43,1,676.92,5,676.12,2,675.0,2,673.7,1,,,,,681.3,2,681.34,2,681.49,5,681.5,1,681.86,3,681.92,4,681.93,1,682.49,3,682.5,1,683.14,2
2020-10-29 09:36:37,679.72,680.3,1,678.14,1,681.3,2,681.3,678.14,678.14,1,677.56,1,677.5,1,677.43,1,676.92,5,676.12,2,675.0,2,673.7,1,,,,,681.3,2,681.34,2,681.49,5,681.5,1,681.86,3,681.92,4,681.93,1,682.49,3,682.5,1,683.14,2
2020-10-29 09:36:38,679.72,680.3,1,678.14,1,681.3,2,681.3,678.14,678.14,1,677.56,1,677.5,1,677.43,1,676.92,5,676.12,2,675.0,2,673.7,1,,,,,681.3,2,681.34,2,681.49,5,681.5,1,681.86,3,681.92,4,681.93,1,682.49,3,682.5,1,683.14,2
2020-10-29 09:36:39,679.72,680.3,1,678.14,1,681.3,2,681.3,678.14,678.14,1,677.56,1,677.5,1,677.43,1,676.92,5,676.12,2,675.0,2,673.7,1,,,,,681.3,2,681.34,2,681.49,5,681.5,1,681.86,3,681.92,4,681.93,1,682.49,3,682.5,1,683.14,2
2020-10-29 09:36:40,679.72,680.3,1,678.14,1,681.3,2,681.3,678.14,678.14,1,677.56,1,677.5,1,677.43,1,676.92,5,676.12,2,675.0,2,673.7,1,,,,,681.3,2,681.34,2,681.49,5,681.5,1,681.86,3,681.92,4,681.93,1,682.49,3,682.5,1,683.14,2
2020-10-29 09:36:41,679.72,680.3,1,678.14,1,681.3,2,681.3,678.14,678.14,1,677.56,1,677.5,1,677.43,1,676.92,5,676.12,2,675.0,2,673.7,1,,,,,681.3,2,681.34,2,681.49,5,681.5,1,681.86,3,681.92,4,681.93,1,682.49,3,682.5,1,683.14,2
