sim_time,mid_price,last_price,last_size,best_bid_price,best_bid_size,best_ask_price,best_ask_size,close_price_buy,close_price_sell,bid1_price,bid1_size,bid2_price,bid2_size,bid3_price,bid3_size,bid4_price,bid4_size,bid5_price,bid5_size,bid6_price,bid6_size,bid7_price,bid7_size,bid8_price,bid8_size,bid9_price,bid9_size,bid10_price,bid10_size,ask1_price,ask1_size,ask2_price,ask2_size,ask3_price,ask3_size,ask4_price,ask4_size,ask5_price,ask5_size,ask6_price,ask6_size,ask7_price,ask7_size,ask8_price,ask8_size,ask9_price,ask9_size,ask10_price,ask10_size
2026-02-05 09:30:17,,0.0,0,0.0,0,0.0,0,0.0,0.0,,,,,,,,,,,,,,,,,,,,,,,,,,,,,,,,,,,,,,,,
2026-02-05 09:30:18,,0.0,0,0.0,0,0.0,0,0.0,0.0,,,,,,,,,,,,,,,,,,,,,,,,,,,,,,,,,,,,,,,,
2026-02-05 09:30:20,,0.0,0,0.0,0,0.0,0,0.0,0.0,,,,,,,,,,,,,,,,,,,,,,,,,,,,,,,,,,,,,,,,
2026-02-05 09:30:21,,0.0,0,0.0,0,0.0,0,0.0,0.0,,,,,,,,,,,,,,,,,,,,,,,,,,,,,,,,,,,,,,,,
2026-02-05 09:30:22,367.355,366.17,2,366.12,80,368.59,280,368.59,366.12,366.12,80,366.07,80,365.23,160,364.83,120,,,,,,,,,,,,,368.59,280,369.24,280,369.8,160,370.0,160,370.6,160,,,,,,,,,,
2026-02-05 09:30:22,367.355,366.17,2,366.12,80,368.59,280,368.59,366.12,366.12,80,366.07,80,365.23,160,364.83,120,,,,,,,,,,,,,368.59,280,369.24,280,369.8,160,370.0,160,370.6,160,,,,,,,,,,
2026-02-05 09:30:24,367.355,366.17,2,366.12,80,368.59,280,368.59,366.12,366.12,80,366.07,80,365.23,160,364.83,120,,,,,,,,,,,,,368.59,280,369.24,280,369.8,160,370.0,160,370.6,160,,,,,,,,,,
2026-02-05 09:30:25,367.355,366.17,2,366.12,80,368.59,280,368.59,366.12,366.12,80,366.07,80,365.23,160,364.83,120,,,,,,,,,,,,,368.59,280,369.24,280,369.8,160,370.0,160,370.6,160,,,,,,,,,,
2026-02-05 09:30:26,367.355,366.17,2,366.12,80,368.59,280,368.59,366.12,366.12,80,366.07,80,365.23,160,364.83,120,,,,,,,,,,,,,368.59,280,369.24,280,369.8,160,370.0,160,370.6,160,,,,,,,,,,
2026-02-05 09:30:27,367.355,366.17,2,366.12,80,368.59,280,368.59,366.12,366.12,80,366.07,80,365.23,160,364.83,120,,,,,,,,,,,,,368.59,280,369.24,280,369.8,160,370.0,160,370.6,160,,,,,,,,,,
2026-02-05 09:30:28,367.355,366.17,2,366.12,80,368.59,280,368.59,366.12,366.12,80,366.07,80,365.23,160,364.83,120,,,,,,,,,,,,,368.59,280,369.24,280,369.8,160,370.0,160,370.6,160,,,,,,,,,,
2026-02-05 09:30:29,367.355,366.17,2,366.12,80,368.59,280,368.59,366.12,366.12,80,366.07,80,365.23,160,364.83,120,,,,,,,,,,,,,368.59,280,369.24,280,369.8,160,370.0,160,370.6,160,,,,,,,,,,
2026-02-05 09:30:30,367.355,366.17,2,366.12,80,368.59,280,368.59,366.12,366.12,80,366.07,80,365.23,160,364.83,120,,,,,,,,,,,,,368.59,280,369.24,280,369.8,160,370.0,160,370.6,160,,,,,,,,,,
2026-02-05 09:30:31,367.355,366.17,2,366.12,80,368.59,280,368.59,366.12,366.12,80,366.07,80,365.23,160,364.83,120,,,,,,,,,,,,,368.59,280,369.24,280,369.8,160,370.0,160,370.6,160,,,,,,,,,,
2026-02-05 09:30:32,367.355,366.17,2,366.12,80,368.59,280,368.59,366.12,366.12,80,366.07,80,365.23,160,364.83,120,,,,,,,,,,,,,368.59,280,369.24,280,369.8,160,370.0,160,370.6,160,,,,,,,,,,
2026-02-05 09:30:33,367.355,367.36,2,366.12,80,368.59,280,368.59,366.12,366.12,80,366.07,80,365.23,160,364.83,120,,,,,,,,,,,,,368.59,280,369.24,280,369.8,160,370.0,160,370.6,160,,,,,,,,,,
2026-02-05 09:30:34,367.355,367.36,2,366.12,120,368.59,280,368.59,366.12,366.12,120,366.07,80,365.23,160,364.83,120,,,,,,,,,,,,,368.59,280,369.24,280,369.8,160,370.0,160,370.6,160,,,,,,,,,,
2026-02-05 09:30:35,367.355,367.36,2,366.12,120,368.59,280,368.59,366.12,366.12,120,366.07,80,365.23,160,364.83,120,,,,,,,,,,,,,368.59,280,369.24,280,369.8,160,370.0,160,370.6,160,,,,,,,,,,
2026-02-05 09:30:36,367.355,367.36,2,366.12,120,368.59,280,368.59,366.12,366.12,120,366.07,80,365.23,160,364.83,120,,,,,,,,,,,,,368.59,280,369.24,280,369.8,160,370.0,160,370.6,160,,,,,,,,,,
2026-02-05 09:30:37,367.355,367.36,2,366.12,120,368.59,280,368.59,366.12,366.12,120,366.07,80,365.23,160,364.83,120,,,,,,,,,,,,,368.59,280,369.24,280,369.8,160,370.0,160,370.6,160,,,,,,,,,,
2026-02-05 09:30:38,367.355,367.36,2,366.12,120,368.59,280,368.59,366.12,366.12,120,366.07,80,365.23,160,364.83,120,,,,,,,,,,,,,368.59,280,369.24,280,369.8,160,370.0,160,370.6,160,,,,,,,,,,
2026-02-05 09:30:39,367.355,367.36,2,366.12,120,368.59,280,368.59,366.12,366.12,120,366.07,80,365.23,160,364.83,120,,,,,,,,,,,,,368.59,280,369.24,280,369.8,160,370.0,160,370.6,160,,,,,,,,,,
2026-02-05 09:30:40,367.355,367.36,2,366.12,120,368.59,280,368.59,366.12,366.12,120,366.07,80,365.23,160,364.83,120,,,,,,,,,,,,,368.59,280,369.24,280,369.8,160,370.0,160,370.6,160,,,,,,,,,,
2026-02-05 09:30:41,367.355,367.36,2,366.12,120,368.59,280,368.59,366.12,366.12,120,366.07,80,365.23,160,364.83,120,,,,,,,,,,,,,368.59,280,369.24,280,369.8,160,370.0,160,370.6,160,,,,,,,,,,
2026-02-05 09:30:41,367.355,367.36,2,366.12,120,368.59,280,368.59,366.12,366.12,120,366.07,80,365.23,160,364.83,120,,,,,,,,,,,,,368.59,280,369.24,280,369.8,160,370.0,160,370.6,160,,,,,,,,,,
2026-02-05 09:30:43,367.355,367.36,2,366.12,120,368.59,280,368.59,366.12,366.12,120,366.07,80,365.23,160,364.83,120,,,,,,,,,,,,,368.59,280,369.24,280,369.8,160,370.0,160,370.6,160,,,,,,,,,,
2026-02-05 09:30:44,367.355,367.36,2,366.12,120,368.59,280,368.59,366.12,366.12,120,366.07,80,365.23,160,364.83,120,,,,,,,,,,,,,368.59,280,369.24,280,369.8,160,370.0,160,370.6,160,,,,,,,,,,
2026-02-05 09:30:45,367.355,367.36,2,366.12,120,368.59,280,368.59,366.12,366.12,120,366.07,80,365.23,160,364.83,120,,,,,,,,,,,,,368.59,280,369.24,280,369.8,160,370.0,160,370.6,160,,,,,,,,,,
2026-02-05 09:30:46,367.355,367.36,2,366.12,160,368.59,280,368.59,366.12,366.12,160,366.07,80,365.23,160,364.83,120,,,,,,,,,,,,,368.59,280,369.24,280,369.8,160,370.0,160,370.6,160,,,,,,,,,,
2026-02-05 09:30:47,367.355,367.36,2,366.12,160,368.59,280,368.59,366.12,366.12,160,366.07,80,365.23,160,364.83,120,,,,,,,,,,,,,368.59,280,369.24,280,369.8,160,370.0,160,370.6,160,,,,,,,,,,
2026-02-05 09:30:48,367.355,367.36,2,366.12,160,368.59,280,368.59,366.12,366.12,160,366.07,80,365.23,160,364.83,120,,,,,,,,,,,,,368.59,280,369.24,280,369.8,160,370.0,160,370.6,160,,,,,,,,,,
2026-02-05 09:30:48,367.355,367.36,2,366.12,160,368.59,280,368.59,366.12,366.12,160,366.07,80,365.23,160,364.83,120,,,,,,,,,,,,,368.59,280,369.24,280,369.8,160,370.0,160,370.6,160,,,,,,,,,,
2026-02-05 09:30:50,367.355,367.36,2,366.12,160,368.59,280,368.59,366.12,366.12,160,366.07,80,365.23,160,364.83,120,,,,,,,,,,,,,368.59,280,369.24,280,369.8,160,370.0,160,370.6,160,,,,,,,,,,
2026-02-05 09:30:51,367.355,367.36,2,366.12,160,368.59,280,368.59,366.12,366.12,160,366.07,80,365.23,160,364.83,120,,,,,,,,,,,,,368.59,280,369.24,280,369.8,160,370.0,160,370.6,160,,,,,,,,,,
2026-02-05 09:30:52,367.355,367.36,2,366.12,160,368.59,280,368.59,366.12,366.12,160,366.07,80,365.23,160,364.83,120,,,,,,,,,,,,,368.59,280,369.24,280,369.8,160,370.0,160,370.6,160,,,,,,,,,,
2026-02-05 09:30:53,367.355,367.36,2,366.12,160,368.59,280,368.59,366.12,366.12,160,366.07,80,365.23,160,364.83,120,,,,,,,,,,,,,368.59,280,369.24,280,369.8,160,370.0,160,370.6,160,,,,,,,,,,
2026-02-05 09:30:54,367.355,367.36,2,366.12,160,368.59,280,368.59,366.12,366.12,160,366.07,80,365.23,160,364.83,120,,,,,,,,,,,,,368.59,280,369.24,280,369.8,160,370.0,160,370.6,160,,,,,,,,,,
2026-02-05 09:30:55,367.355,367.36,2,366.12,160,368.59,280,368.59,366.12,366.12,160,366.07,80,365.23,160,364.83,120,,,,,,,,,,,,,368.59,280,369.24,280,369.8,160,370.0,160,370.6,160,,,,,,,,,,
2026-02-05 09:30:56,367.355,367.36,2,366.12,160,368.59,280,368.59,366.12,366.12,160,366.07,80,365.23,160,364.83,120,,,,,,,,,,,,,368.59,280,369.24,280,369.8,160,370.0,160,370.6,160,,,,,,,,,,
2026-02-05 09:30:57,367.355,367.36,2,366.12,160,368.59,280,368.59,366.12,366.12,160,366.07,80,365.23,160,364.83,120,,,,,,,,,,,,,368.59,280,369.24,280,369.8,160,370.0,160,370.6,160,,,,,,,,,,
2026-02-05 09:30:58,367.355,367.36,2,366.12,160,368.59,280,368.59,366.12,366.12,160,366.07,80,365.23,160,364.83,120,,,,,,,,,,,,,368.59,280,369.24,280,369.8,160,370.0,160,370.6,160,,,,,,,,,,
2026-02-05 09:30:59,367.355,367.36,2,366.12,160,368.59,280,368.59,366.12,366.12,160,366.07,80,365.23,160,364.83,120,,,,,,,,,,,,,368.59,280,369.24,280,369.8,160,370.0,160,370.6,160,,,,,,,,,,
2026-02-05 09:31:00,367.355,367.36,2,366.12,160,368.59,280,368.59,366.12,366.12,160,366.07,80,365.23,160,364.83,120,,,,,,,,,,,,,368.59,280,369.24,280,369.8,160,370.0,160,370.6,160,,,,,,,,,,
2026-02-05 09:31:01,367.355,367.36,2,366.12,160,368.59,280,368.59,366.12,366.12,160,366.07,80,365.23,160,364.83,120,,,,,,,,,,,,,368.59,280,369.24,280,369.8,160,370.0,160,370.6,160,,,,,,,,,,
2026-02-05 09:31:02,367.355,367.36,2,366.12,160,368.59,280,368.59,366.12,366.12,160,366.07,80,365.23,160,364.83,120,,,,,,,,,,,,,368.59,280,369.24,280,369.8,160,370.0,160,370.6,160,,,,,,,,,,
2026-02-05 09:31:03,367.355,367.36,2,366.12,160,368.59,280,368.59,366.12,366.12,160,366.07,80,365.23,160,364.83,120,,,,,,,,,,,,,368.59,280,369.24,280,369.8,160,370.0,160,370.6,160,,,,,,,,,,
2026-02-05 09:31:04,367.355,367.36,2,366.12,160,368.59,280,368.59,366.12,366.12,160,366.07,80,365.23,160,364.83,120,,,,,,,,,,,,,368.59,280,369.24,280,369.8,160,370.0,160,370.6,160,,,,,,,,,,
2026-02-05 09:31:05,367.355,367.36,2,366.12,160,368.59,280,368.59,366.12,366.12,160,366.07,80,365.23,160,364.83,120,,,,,,,,,,,,,368.59,280,369.24,280,369.8,160,370.0,160,370.6,160,,,,,,,,,,
2026-02-05 09:31:06,367.355,367.36,2,366.12,160,368.59,280,368.59,366.12,366.12,160,366.07,80,365.23,160,364.83,120,,,,,,,,,,,,,368.59,280,369.24,280,369.8,160,370.0,160,370.6,160,,,,,,,,,,
2026-02-05 09:31:07,367.355,367.36,2,366.12,160,368.59,280,368.59,366.12,366.12,160,366.07,80,365.23,160,364.83,120,,,,,,,,,,,,,368.59,280,369.24,280,369.8,160,370.0,160,370.6,160,,,,,,,,,,
2026-02-05 09:31:08,367.355,367.36,2,366.12,160,368.59,280,368.59,366.12,366.12,160,366.07,80,365.23,160,364.83,120,,,,,,,,,,,,,368.59,280,369.24,280,369.8,160,370.0,160,370.6,160,,,,,,,,,,
2026-02-05 09:31:09,367.355,367.36,2,366.12,160,368.59,280,368.59,366.12,366.12,160,366.07,80,365.23,160,364.83,120,,,,,,,,,,,,,368.59,280,369.24,280,369.8,160,370.0,160,370.6,160,,,,,,,,,,
2026-02-05 09:31:10,367.355,367.36,2,366.12,160,368.59,280,368.59,366.12,366.12,160,366.07,80,365.23,160,364.83,120,,,,,,,,,,,,,368.59,280,369.24,280,369.8,160,370.0,160,370.6,160,,,,,,,,,,
2026-02-05 09:31:11,367.355,367.36,2,366.12,200,368.59,280,368.59,366.12,366.12,200,366.07,80,365.23,160,364.83,120,,,,,,,,,,,,,368.59,280,369.24,280,369.8,160,370.0,160,370.6,160,,,,,,,,,,
2026-02-05 09:31:12,367.355,367.36,2,366.12,200,368.59,280,368.59,366.12,366.12,200,366.07,80,365.23,160,364.83,120,,,,,,,,,,,,,368.59,280,369.24,280,369.8,160,370.0,160,370.6,160,,,,,,,,,,
2026-02-05 09:31:13,367.355,367.36,2,366.12,200,368.59,280,368.59,366.12,366.12,200,366.07,80,365.23,160,364.83,120,,,,,,,,,,,,,368.59,280,369.24,280,369.8,160,370.0,160,370.6,160,,,,,,,,,,
2026-02-05 09:31:14,367.355,367.36,2,366.12,200,368.59,280,368.59,366.12,366.12,200,366.07,80,365.23,160,364.83,120,,,,,,,,,,,,,368.59,280,369.24,280,369.8,160,370.0,160,370.6,160,,,,,,,,,,
2026-02-05 09:31:15,368.12,368.12,3,366.68,160,369.56,200,369.56,366.68,366.68,160,366.14,40,366.12,200,366.07,80,365.23,160,364.83,120,,,,,,,,,369.56,200,369.8,160,370.0,160,370.6,160,,,,,,,,,,,,
2026-02-05 09:31:16,368.125,368.12,3,366.69,160,369.56,200,369.56,366.69,366.69,160,366.68,200,366.14,40,366.12,200,366.07,80,365.23,160,364.83,120,,,,,,,369.56,200,369.8,160,370.0,160,370.6,160,,,,,,,,,,,,
2026-02-05 09:31:17,368.125,368.12,3,366.69,160,369.56,200,369.56,366.69,366.69,160,366.68,200,366.14,40,366.12,200,366.07,80,365.23,160,364.83,120,,,,,,,369.56,200,369.8,160,370.0,160,370.6,160,,,,,,,,,,,,
2026-02-05 09:31:18,368.125,368.12,3,366.69,160,369.56,200,369.56,366.69,366.69,160,366.68,200,366.14,40,366.12,200,366.07,80,365.23,160,364.83,120,,,,,,,369.56,200,369.8,160,370.0,160,370.6,160,,,,,,,,,,,,
2026-02-05 09:31:19,368.125,368.12,3,366.69,160,369.56,200,369.56,366.69,366.69,160,366.68,200,366.14,40,366.12,200,366.07,80,365.23,160,364.83,120,,,,,,,369.56,200,369.8,160,370.0,160,370.6,160,,,,,,,,,,,,
2026-02-05 09:31:20,368.125,368.12,3,366.69,160,369.56,200,369.56,366.69,366.69,160,366.68,200,366.14,40,366.12,200,366.07,80,365.23,160,364.83,120,,,,,,,369.56,200,369.8,160,370.0,160,370.6,160,,,,,,,,,,,,
2026-02-05 09:31:21,368.125,368.12,3,366.69,160,369.56,200,369.56,366.69,366.69,160,366.68,200,366.14,40,366.12,200,366.07,80,365.23,160,364.83,120,,,,,,,369.56,200,369.8,160,370.0,160,370.6,160,,,,,,,,,,,,
2026-02-05 09:31:22,368.125,368.12,3,366.69,160,369.56,200,369.56,366.69,366.69,160,366.68,200,366.14,40,366.12,200,366.07,80,365.23,160,364.83,120,,,,,,,369.56,200,369.8,160,370.0,160,370.6,160,,,,,,,,,,,,
2026-02-05 09:31:23,368.125,368.12,3,366.69,160,369.56,200,369.56,366.69,366.69,160,366.68,200,366.14,40,366.12,200,366.07,80,365.23,160,364.83,120,,,,,,,369.56,200,369.8,160,370.0,160,370.6,160,,,,,,,,,,,,
2026-02-05 09:31:24,368.125,368.12,3,366.69,160,369.56,200,369.56,366.69,366.69,160,366.68,200,366.14,40,366.12,200,366.07,80,365.23,160,364.83,120,,,,,,,369.56,200,369.8,160,370.0,160,370.6,160,,,,,,,,,,,,
2026-02-05 09:31:25,368.125,368.12,3,366.69,160,369.56,200,369.56,366.69,366.69,160,366.68,200,366.14,40,366.12,200,366.07,80,365.23,160,364.83,120,,,,,,,369.56,200,369.8,160,370.0,160,370.6,160,,,,,,,,,,,,
2026-02-05 09:31:26,368.125,368.12,3,366.69,160,369.56,200,369.56,366.69,366.69,160,366.68,200,366.14,40,366.12,200,366.07,80,365.23,160,364.83,120,,,,,,,369.56,200,369.8,160,370.0,160,370.6,160,,,,,,,,,,,,
2026-02-05 09:31:27,368.125,368.12,3,366.69,160,369.56,200,369.56,366.69,366.69,160,366.68,200,366.14,40,366.12,200,366.07,80,365.23,160,364.83,120,,,,,,,369.56,200,369.8,160,370.0,160,370.6,160,,,,,,,,,,,,
2026-02-05 09:31:28,368.125,368.12,3,366.69,160,369.56,200,369.56,366.69,366.69,160,366.68,200,366.14,40,366.12,200,366.07,80,365.23,160,364.83,120,,,,,,,369.56,200,369.8,160,370.0,160,370.6,160,,,,,,,,,,,,
2026-02-05 09:31:29,368.125,368.12,3,366.69,160,369.56,200,369.56,366.69,366.69,160,366.68,200,366.14,40,366.12,200,366.07,80,365.23,160,364.83,120,,,,,,,369.56,200,369.8,160,370.0,160,370.6,160,,,,,,,,,,,,
2026-02-05 09:31:30,368.125,368.12,3,366.69,160,369.56,240,369.56,366.69,366.69,160,366.68,200,366.14,40,366.12,200,366.07,80,365.23,160,364.83,120,,,,,,,369.56,240,369.8,160,370.0,160,370.6,160,,,,,,,,,,,,
2026-02-05 09:31:31,368.125,368.12,3,366.69,160,369.56,240,369.56,366.69,366.69,160,366.68,200,366.14,40,366.12,200,366.07,80,365.23,160,364.83,120,,,,,,,369.56,240,369.8,160,370.0,160,370.6,160,,,,,,,,,,,,
2026-02-05 09:31:32,368.125,368.12,3,366.69,160,369.56,240,369.56,366.69,366.69,160,366.68,200,366.14,40,366.12,200,366.07,80,365.23,160,364.83,120,,,,,,,369.56,240,369.8,160,370.0,160,370.6,160,,,,,,,,,,,,
2026-02-05 09:31:33,368.125,368.12,3,366.69,160,369.56,240,369.56,366.69,366.69,160,366.68,200,366.14,40,366.12,200,366.07,80,365.23,160,364.83,120,,,,,,,369.56,240,369.8,160,370.0,160,370.6,160,,,,,,,,,,,,
2026-02-05 09:31:34,368.125,368.12,3,366.69,160,369.56,240,369.56,366.69,366.69,160,366.68,200,366.14,40,366.12,200,366.07,80,365.23,160,364.83,120,,,,,,,369.56,240,369.8,160,370.0,160,370.6,160,,,,,,,,,,,,
2026-02-05 09:31:35,368.125,368.12,3,366.69,160,369.56,240,369.56,366.69,366.69,160,366.68,200,366.14,40,366.12,200,366.07,80,365.23,160,364.83,120,,,,,,,369.56,240,369.8,160,370.0,160,370.6,160,,,,,,,,,,,,
2026-02-05 09:31:36,368.485,368.12,3,367.41,160,369.56,240,369.56,367.41,367.41,160,366.69,160,366.68,200,366.14,40,366.12,200,366.07,80,365.23,160,364.83,120,,,,,369.56,240,369.8,160,370.0,160,370.6,160,,,,,,,,,,,,
2026-02-05 09:31:37,368.485,368.12,3,367.41,160,369.56,240,369.56,367.41,367.41,160,366.69,160,366.68,200,366.14,40,366.12,200,366.07,80,365.23,160,364.83,120,,,,,369.56,240,369.8,160,370.0,160,370.6,160,,,,,,,,,,,,
2026-02-05 09:31:38,368.34,367.41,1,367.36,80,369.32,80,369.32,367.36,367.36,80,366.66,40,366.14,40,366.12,200,366.07,80,365.23,160,364.83,120,,,,,,,369.32,80,369.56,280,369.8,160,370.0,160,370.6,160,,,,,,,,,,
2026-02-05 09:31:39,368.34,367.41,1,367.36,80,369.32,120,369.32,367.36,367.36,80,366.66,40,366.14,40,366.12,200,366.07,80,365.23,160,364.83,120,,,,,,,369.32,120,369.56,280,369.8,160,370.0,160,370.6,160,,,,,,,,,,
2026-02-05 09:31:40,368.335,367.41,1,367.36,120,369.31,40,369.31,367.36,367.36,120,366.66,40,366.14,40,366.12,200,366.07,80,365.23,160,364.83,120,,,,,,,369.31,40,369.32,240,369.56,280,369.8,160,370.0,160,370.6,160,,,,,,,,
2026-02-05 09:31:41,368.335,367.41,1,367.36,120,369.31,320,369.31,367.36,367.36,120,366.66,40,366.14,40,366.12,200,366.07,80,365.23,160,364.83,120,,,,,,,369.31,320,369.32,240,369.56,280,369.8,160,370.0,160,370.6,160,,,,,,,,
2026-02-05 09:31:42,368.135,367.41,1,367.36,80,368.91,80,368.91,367.36,367.36,80,366.66,40,366.14,40,366.12,200,366.07,80,365.23,160,364.83,120,,,,,,,368.91,80,369.14,80,369.3,240,369.31,320,369.32,240,369.56,280,369.8,160,370.0,160,370.6,160,,
2026-02-05 09:31:43,368.135,367.41,1,367.36,80,368.91,40,368.91,367.36,367.36,80,366.66,40,366.14,40,366.12,200,366.07,80,365.23,160,364.83,120,,,,,,,368.91,40,369.14,80,369.3,240,369.31,320,369.32,240,369.56,280,369.8,160,370.0,160,370.6,160,,
2026-02-05 09:31:44,368.135,367.41,1,367.36,80,368.91,240,368.91,367.36,367.36,80,366.66,40,366.14,40,366.12,200,366.07,80,365.23,160,364.83,120,,,,,,,368.91,240,369.14,80,369.3,240,369.31,320,369.32,240,369.56,280,369.8,160,370.0,160,370.6,160,,
2026-02-05 09:31:45,368.135,367.41,1,367.36,80,368.91,240,368.91,367.36,367.36,80,366.66,40,366.14,40,366.12,200,366.07,80,365.23,160,364.83,120,,,,,,,368.91,240,369.14,80,369.3,240,369.31,320,369.32,240,369.56,280,369.8,160,370.0,160,370.6,160,,
2026-02-05 09:31:46,368.135,367.41,1,367.36,80,368.91,240,368.91,367.36,367.36,80,366.66,40,366.14,40,366.12,200,366.07,80,365.23,160,364.83,120,,,,,,,368.91,240,369.14,80,369.3,240,369.31,320,369.32,240,369.56,280,369.8,160,370.0,160,370.6,160,,
2026-02-05 09:31:47,368.135,367.41,1,367.36,80,368.91,240,368.91,367.36,367.36,80,366.66,40,366.14,40,366.12,200,366.07,80,365.23,160,364.83,120,,,,,,,368.91,240,369.14,80,369.3,240,369.31,320,369.32,240,369.56,280,369.8,160,370.0,160,370.6,160,,
2026-02-05 09:31:48,368.135,367.41,1,367.36,80,368.91,240,368.91,367.36,367.36,80,366.66,40,366.14,40,366.12,200,366.07,80,365.23,160,364.83,120,,,,,,,368.91,240,369.14,80,369.3,240,369.31,320,369.32,240,369.56,280,369.8,160,370.0,160,370.6,160,,
2026-02-05 09:31:49,368.135,367.41,1,367.36,80,368.91,240,368.91,367.36,367.36,80,366.66,40,366.14,40,366.12,200,366.07,80,365.23,160,364.83,120,,,,,,,368.91,240,369.14,80,369.3,240,369.31,320,369.32,240,369.56,280,369.8,160,370.0,160,370.6,160,,
2026-02-05 09:31:50,368.135,367.41,1,367.36,80,368.91,240,368.91,367.36,367.36,80,366.66,40,366.14,40,366.12,200,366.07,80,365.23,160,364.83,120,,,,,,,368.91,240,369.14,80,369.3,240,369.31,320,369.32,240,369.56,280,369.8,160,370.0,160,370.6,160,,
2026-02-05 09:31:51,368.135,367.41,1,367.36,80,368.91,240,368.91,367.36,367.36,80,366.66,40,366.14,40,366.12,200,366.07,80,365.23,160,364.83,120,,,,,,,368.91,240,369.14,80,369.3,240,369.31,320,369.32,240,369.56,280,369.8,160,370.0,160,370.6,160,,
2026-02-05 09:31:52,368.135,367.41,1,367.36,80,368.91,240,368.91,367.36,367.36,80,366.66,40,366.14,40,366.12,200,366.07,80,365.23,160,364.83,120,,,,,,,368.91,240,369.14,80,369.3,240,369.31,320,369.32,240,369.56,280,369.8,160,370.0,160,370.6,160,,
2026-02-05 09:31:53,368.135,367.41,1,367.36,80,368.91,240,368.91,367.36,367.36,80,366.66,40,366.14,40,366.12,200,366.07,80,365.23,160,364.83,120,,,,,,,368.91,240,369.14,80,369.3,240,369.31,320,369.32,240,369.56,280,369.8,160,370.0,160,370.6,160,,
2026-02-05 09:31:54,368.135,367.41,1,367.36,80,368.91,240,368.91,367.36,367.36,80,366.66,40,366.14,40,366.12,200,366.07,80,365.23,160,364.83,120,,,,,,,368.91,240,369.14,80,369.3,240,369.31,320,369.32,240,369.56,280,369.8,160,370.0,160,370.6,160,,
2026-02-05 09:31:55,368.135,367.41,1,367.36,80,368.91,240,368.91,367.36,367.36,80,366.66,40,366.14,40,366.12,200,366.07,80,365.23,160,364.83,120,,,,,,,368.91,240,369.14,80,369.3,240,369.31,320,369.32,240,369.56,280,369.8,160,370.0,160,370.6,160,,
2026-02-05 09:31:56,368.135,367.41,1,367.36,80,368.91,240,368.91,367.36,367.36,80,366.66,40,366.14,40,366.12,200,366.07,80,365.23,160,364.83,120,,,,,,,368.91,240,369.14,80,369.3,240,369.31,320,369.32,240,369.56,280,369.8,160,370.0,160,370.6,160,,
2026-02-05 09:31:57,368.135,367.41,1,367.36,80,368.91,240,368.91,367.36,367.36,80,366.66,40,366.14,40,366.12,200,366.07,80,365.23,160,364.83,120,,,,,,,368.91,240,369.14,80,369.3,240,369.31,320,369.32,240,369.56,280,369.8,160,370.0,160,370.6,160,,
2026-02-05 09:31:58,368.135,367.41,1,367.36,80,368.91,240,368.91,367.36,367.36,80,366.66,40,366.14,40,366.12,200,366.07,80,365.23,160,364.83,120,,,,,,,368.91,240,369.14,80,369.3,240,369.31,320,369.32,240,369.56,280,369.8,160,370.0,160,370.6,160,,
2026-02-05 09:31:59,368.135,367.41,1,367.36,80,368.91,240,368.91,367.36,367.36,80,366.66,40,366.14,40,366.12,200,366.07,80,365.23,160,364.83,120,,,,,,,368.91,240,369.14,80,369.3,240,369.31,320,369.32,240,369.56,280,369.8,160,370.0,160,370.6,160,,
2026-02-05 09:32:00,368.135,367.41,1,367.36,80,368.91,240,368.91,367.36,367.36,80,366.66,40,366.14,40,366.12,200,366.07,80,365.23,160,364.83,120,,,,,,,368.91,240,369.14,80,369.3,240,369.31,320,369.32,240,369.56,280,369.8,160,370.0,160,370.6,160,,
2026-02-05 09:32:01,368.135,367.41,1,367.36,80,368.91,240,368.91,367.36,367.36,80,366.66,40,366.14,40,366.12,200,366.07,80,365.23,160,364.83,120,,,,,,,368.91,240,369.14,80,369.3,240,369.31,320,369.32,240,369.56,280,369.8,160,370.0,160,370.6,160,,
2026-02-05 09:32:02,368.135,367.41,1,367.36,80,368.91,240,368.91,367.36,367.36,80,366.66,40,366.14,40,366.12,200,366.07,80,365.23,160,364.83,120,,,,,,,368.91,240,369.14,80,369.3,240,369.31,320,369.32,240,369.56,280,369.8,160,370.0,160,370.6,160,,
2026-02-05 09:32:03,368.135,367.41,1,367.36,80,368.91,240,368.91,367.36,367.36,80,366.66,40,366.14,40,366.12,200,366.07,80,365.23,160,364.83,120,,,,,,,368.91,240,369.14,80,369.3,240,369.31,320,369.32,240,369.56,280,369.8,160,370.0,160,370.6,160,,
2026-02-05 09:32:04,368.135,367.41,1,367.36,80,368.91,240,368.91,367.36,367.36,80,366.66,40,366.14,40,366.12,200,366.07,80,365.23,160,364.83,120,,,,,,,368.91,240,369.14,80,369.3,240,369.31,320,369.32,240,369.56,280,369.8,160,370.0,160,370.6,160,,
2026-02-05 09:32:05,366.615,366.62,8,366.12,80,367.11,160,367.11,366.12,366.12,80,366.07,80,365.23,160,364.83,120,,,,,,,,,,,,,367.11,160,367.44,80,367.64,40,367.96,40,368.13,40,368.14,80,368.89,40,368.9,80,368.91,240,369.14,80
2026-02-05 09:32:06,366.615,366.62,8,366.12,80,367.11,160,367.11,366.12,366.12,80,366.07,80,365.23,160,364.83,120,,,,,,,,,,,,,367.11,160,367.44,80,367.64,40,367.96,40,368.13,40,368.14,80,368.89,40,368.9,80,368.91,240,369.14,80
2026-02-05 09:32:07,366.74,366.62,8,366.37,160,367.11,160,367.11,366.37,366.37,160,366.12,80,366.07,80,365.23,160,364.83,120,,,,,,,,,,,367.11,160,367.44,80,367.64,40,367.96,40,368.13,40,368.14,80,368.89,40,368.9,80,368.91,240,369.14,80
2026-02-05 09:32:08,366.26,366.37,1,365.41,40,367.11,160,367.11,365.41,365.41,40,365.39,80,365.23,160,364.83,120,,,,,,,,,,,,,367.11,160,367.44,80,367.64,40,367.96,40,368.13,40,368.14,80,368.89,40,368.9,80,368.91,240,369.14,80
2026-02-05 09:32:09,366.275,366.37,1,365.44,40,367.11,160,367.11,365.44,365.44,40,365.4,40,365.39,80,365.23,160,364.83,120,,,,,,,,,,,367.11,160,367.44,80,367.64,40,367.96,40,368.13,40,368.14,80,368.89,40,368.9,80,368.91,240,369.14,80
2026-02-05 09:32:10,366.275,366.37,1,365.44,40,367.11,160,367.11,365.44,365.44,40,365.4,40,365.39,80,365.23,160,364.83,120,,,,,,,,,,,367.11,160,367.44,80,367.64,40,367.96,40,368.13,40,368.14,80,368.89,40,368.9,80,368.91,240,369.14,80
2026-02-05 09:32:11,366.485,365.64,2,365.86,120,367.11,200,367.11,365.86,365.86,120,365.44,40,365.4,40,365.39,80,365.23,160,364.83,120,,,,,,,,,367.11,200,367.44,80,367.64,40,367.96,40,368.13,40,368.14,80,368.89,40,368.9,80,368.91,240,369.14,80
2026-02-05 09:32:12,366.485,365.64,2,365.86,160,367.11,200,367.11,365.86,365.86,160,365.44,40,365.4,40,365.39,80,365.23,160,364.83,120,,,,,,,,,367.11,200,367.44,80,367.64,40,367.96,40,368.13,40,368.14,80,368.89,40,368.9,80,368.91,240,369.14,80
2026-02-05 09:32:13,365.565,365.0,3,364.31,80,366.82,40,366.82,364.31,364.31,80,,,,,,,,,,,,,,,,,,,366.82,40,367.1,40,367.11,400,367.44,80,367.64,40,367.96,40,368.13,40,368.14,80,368.89,40,368.9,80
2026-02-05 09:32:14,365.565,365.0,3,364.31,80,366.82,320,366.82,364.31,364.31,80,,,,,,,,,,,,,,,,,,,366.82,320,367.1,40,367.11,400,367.44,80,367.64,40,367.96,40,368.13,40,368.14,80,368.89,40,368.9,80
2026-02-05 09:32:15,364.665,364.51,1,363.38,120,365.95,120,365.95,363.38,363.38,120,,,,,,,,,,,,,,,,,,,365.95,120,366.82,320,367.1,40,367.11,400,367.44,80,367.64,40,367.96,40,368.13,40,368.14,80,368.89,40
2026-02-05 09:32:16,364.685,363.64,1,363.9,80,365.47,200,365.47,363.9,363.9,80,363.38,160,,,,,,,,,,,,,,,,,365.47,200,365.48,120,365.95,120,366.82,320,367.1,40,367.11,400,367.44,80,367.64,40,367.96,40,368.13,40
2026-02-05 09:32:17,364.685,363.64,1,363.9,80,365.47,200,365.47,363.9,363.9,80,363.38,160,,,,,,,,,,,,,,,,,365.47,200,365.48,120,365.95,120,366.82,320,367.1,40,367.11,400,367.44,80,367.64,40,367.96,40,368.13,40
2026-02-05 09:32:18,364.685,363.64,1,363.9,80,365.47,200,365.47,363.9,363.9,80,363.38,160,,,,,,,,,,,,,,,,,365.47,200,365.48,120,365.95,120,366.82,320,367.1,40,367.11,400,367.44,80,367.64,40,367.96,40,368.13,40
2026-02-05 09:32:19,364.685,363.64,1,363.9,80,365.47,200,365.47,363.9,363.9,80,363.38,160,,,,,,,,,,,,,,,,,365.47,200,365.48,120,365.95,120,366.82,320,367.1,40,367.11,400,367.44,80,367.64,40,367.96,40,368.13,40
2026-02-05 09:32:20,364.685,363.64,1,363.9,80,365.47,200,365.47,363.9,363.9,80,363.38,160,,,,,,,,,,,,,,,,,365.47,200,365.48,120,365.95,120,366.82,320,367.1,40,367.11,400,367.44,80,367.64,40,367.96,40,368.13,40
2026-02-05 09:32:21,364.685,363.64,1,363.9,80,365.47,200,365.47,363.9,363.9,80,363.38,160,,,,,,,,,,,,,,,,,365.47,200,365.48,120,365.95,120,366.82,320,367.1,40,367.11,400,367.44,80,367.64,40,367.96,40,368.13,40
2026-02-05 09:32:22,364.685,363.64,1,363.9,80,365.47,200,365.47,363.9,363.9,80,363.38,160,,,,,,,,,,,,,,,,,365.47,200,365.48,120,365.95,120,366.82,320,367.1,40,367.11,400,367.44,80,367.64,40,367.96,40,368.13,40
2026-02-05 09:32:23,364.335,363.64,1,363.21,80,365.46,80,365.46,363.21,363.21,80,,,,,,,,,,,,,,,,,,,365.46,80,365.47,200,365.48,120,365.95,120,366.82,320,367.1,40,367.11,400,367.44,80,367.64,40,367.96,40
2026-02-05 09:32:24,364.175,363.64,1,362.89,40,365.46,240,365.46,362.89,362.89,40,,,,,,,,,,,,,,,,,,,365.46,240,365.47,200,365.48,120,365.95,120,366.82,320,367.1,40,367.11,400,367.44,80,367.64,40,367.96,40
2026-02-05 09:32:25,364.495,363.64,1,363.53,80,365.46,240,365.46,363.53,363.53,80,362.89,40,,,,,,,,,,,,,,,,,365.46,240,365.47,200,365.48,120,365.95,120,366.82,320,367.1,40,367.11,400,367.44,80,367.64,40,367.96,40
2026-02-05 09:32:26,364.495,363.64,1,363.53,80,365.46,240,365.46,363.53,363.53,80,362.89,40,,,,,,,,,,,,,,,,,365.46,240,365.47,200,365.48,120,365.95,120,366.82,320,367.1,40,367.11,400,367.44,80,367.64,40,367.96,40
2026-02-05 09:32:27,364.495,363.64,1,363.53,80,365.46,240,365.46,363.53,363.53,80,362.89,40,,,,,,,,,,,,,,,,,365.46,240,365.47,200,365.48,120,365.95,120,366.82,320,367.1,40,367.11,400,367.44,80,367.64,40,367.96,40
2026-02-05 09:32:28,364.495,363.64,1,363.53,80,365.46,240,365.46,363.53,363.53,80,362.89,40,,,,,,,,,,,,,,,,,365.46,240,365.47,200,365.48,120,365.95,120,366.82,320,367.1,40,367.11,400,367.44,80,367.64,40,367.96,40
2026-02-05 09:32:29,364.495,363.64,1,363.53,80,365.46,240,365.46,363.53,363.53,80,362.89,40,,,,,,,,,,,,,,,,,365.46,240,365.47,200,365.48,120,365.95,120,366.82,320,367.1,40,367.11,400,367.44,80,367.64,40,367.96,40
2026-02-05 09:32:30,364.495,363.64,1,363.53,80,365.46,240,365.46,363.53,363.53,80,362.89,40,,,,,,,,,,,,,,,,,365.46,240,365.47,200,365.48,120,365.95,120,366.82,320,367.1,40,367.11,400,367.44,80,367.64,40,367.96,40
2026-02-05 09:32:31,364.495,363.64,1,363.53,80,365.46,240,365.46,363.53,363.53,80,362.89,40,,,,,,,,,,,,,,,,,365.46,240,365.47,200,365.48,120,365.95,120,366.82,320,367.1,40,367.11,400,367.44,80,367.64,40,367.96,40
2026-02-05 09:32:32,364.495,363.64,1,363.53,80,365.46,240,365.46,363.53,363.53,80,362.89,40,,,,,,,,,,,,,,,,,365.46,240,365.47,200,365.48,120,365.95,120,366.82,320,367.1,40,367.11,400,367.44,80,367.64,40,367.96,40
2026-02-05 09:32:33,364.495,363.64,1,363.53,80,365.46,240,365.46,363.53,363.53,80,362.89,40,,,,,,,,,,,,,,,,,365.46,240,365.47,200,365.48,120,365.95,120,366.82,320,367.1,40,367.11,400,367.44,80,367.64,40,367.96,40
2026-02-05 09:32:34,364.495,363.64,1,363.53,80,365.46,240,365.46,363.53,363.53,80,362.89,40,,,,,,,,,,,,,,,,,365.46,240,365.47,200,365.48,120,365.95,120,366.82,320,367.1,40,367.11,400,367.44,80,367.64,40,367.96,40
2026-02-05 09:32:35,363.41,363.53,1,362.3,160,364.52,80,364.52,362.3,362.3,160,,,,,,,,,,,,,,,,,,,364.52,80,365.46,240,365.47,200,365.48,120,365.95,120,366.82,320,367.1,40,367.11,400,367.44,80,367.64,40
2026-02-05 09:32:36,363.41,363.41,1,362.3,160,364.52,80,364.52,362.3,362.3,160,,,,,,,,,,,,,,,,,,,364.52,80,365.46,240,365.47,200,365.48,120,365.95,120,366.82,320,367.1,40,367.11,400,367.44,80,367.64,40
2026-02-05 09:32:37,363.69,363.01,1,362.86,80,364.52,80,364.52,362.86,362.86,80,362.3,160,,,,,,,,,,,,,,,,,364.52,80,365.46,240,365.47,200,365.48,120,365.95,120,366.82,320,367.1,40,367.11,400,367.44,80,367.64,40
2026-02-05 09:32:38,363.69,363.69,7,362.86,120,364.52,80,364.52,362.86,362.86,120,362.3,160,,,,,,,,,,,,,,,,,364.52,80,365.46,240,365.47,200,365.48,120,365.95,120,366.82,320,367.1,40,367.11,400,367.44,80,367.64,40
2026-02-05 09:32:39,363.69,363.69,7,362.86,120,364.52,80,364.52,362.86,362.86,120,362.3,160,,,,,,,,,,,,,,,,,364.52,80,365.46,240,365.47,200,365.48,120,365.95,120,366.82,320,367.1,40,367.11,400,367.44,80,367.64,40
2026-02-05 09:32:40,363.685,363.69,7,362.86,160,364.51,40,364.51,362.86,362.86,160,362.3,160,,,,,,,,,,,,,,,,,364.51,40,364.52,80,365.46,240,365.47,200,365.48,120,365.95,120,366.82,320,367.1,40,367.11,400,367.44,80
2026-02-05 09:32:41,363.685,363.69,7,362.86,160,364.51,40,364.51,362.86,362.86,160,362.3,160,,,,,,,,,,,,,,,,,364.51,40,364.52,80,365.46,240,365.47,200,365.48,120,365.95,120,366.82,320,367.1,40,367.11,400,367.44,80
2026-02-05 09:32:42,363.685,362.95,1,362.86,160,364.51,40,364.51,362.86,362.86,160,362.3,160,,,,,,,,,,,,,,,,,364.51,40,364.52,80,365.46,240,365.47,200,365.48,120,365.95,120,366.82,320,367.1,40,367.11,400,367.44,80
2026-02-05 09:32:43,363.685,362.95,1,362.86,160,364.51,40,364.51,362.86,362.86,160,362.3,160,,,,,,,,,,,,,,,,,364.51,40,364.52,80,365.46,240,365.47,200,365.48,120,365.95,120,366.82,320,367.1,40,367.11,400,367.44,80
2026-02-05 09:32:44,363.685,362.95,1,362.86,120,364.51,40,364.51,362.86,362.86,120,362.3,160,,,,,,,,,,,,,,,,,364.51,40,364.52,80,365.46,240,365.47,200,365.48,120,365.95,120,366.82,320,367.1,40,367.11,400,367.44,80
2026-02-05 09:32:45,363.685,362.95,1,362.86,120,364.51,40,364.51,362.86,362.86,120,362.3,160,,,,,,,,,,,,,,,,,364.51,40,364.52,80,365.46,240,365.47,200,365.48,120,365.95,120,366.82,320,367.1,40,367.11,400,367.44,80
2026-02-05 09:32:46,363.685,362.95,1,362.86,120,364.51,40,364.51,362.86,362.86,120,362.3,160,,,,,,,,,,,,,,,,,364.51,40,364.52,80,365.46,240,365.47,200,365.48,120,365.95,120,366.82,320,367.1,40,367.11,400,367.44,80
2026-02-05 09:32:47,363.685,362.95,1,362.86,120,364.51,40,364.51,362.86,362.86,120,362.3,160,,,,,,,,,,,,,,,,,364.51,40,364.52,80,365.46,240,365.47,200,365.48,120,365.95,120,366.82,320,367.1,40,367.11,400,367.44,80
2026-02-05 09:32:48,363.685,362.95,1,362.86,120,364.51,40,364.51,362.86,362.86,120,362.3,160,,,,,,,,,,,,,,,,,364.51,40,364.52,80,365.46,240,365.47,200,365.48,120,365.95,120,366.82,320,367.1,40,367.11,400,367.44,80
2026-02-05 09:32:49,363.685,362.95,1,362.86,120,364.51,40,364.51,362.86,362.86,120,362.3,160,,,,,,,,,,,,,,,,,364.51,40,364.52,80,365.46,240,365.47,200,365.48,120,365.95,120,366.82,320,367.1,40,367.11,400,367.44,80
2026-02-05 09:32:50,363.685,362.95,1,362.86,120,364.51,40,364.51,362.86,362.86,120,362.3,160,,,,,,,,,,,,,,,,,364.51,40,364.52,80,365.46,240,365.47,200,365.48,120,365.95,120,366.82,320,367.1,40,367.11,400,367.44,80
2026-02-05 09:32:51,362.745,362.89,1,361.73,120,363.76,40,363.76,361.73,361.73,120,,,,,,,,,,,,,,,,,,,363.76,40,364.39,40,364.51,160,364.52,80,365.46,240,365.47,200,365.48,120,365.95,120,366.82,320,367.1,40
2026-02-05 09:32:52,362.745,362.89,1,361.73,80,363.76,40,363.76,361.73,361.73,80,,,,,,,,,,,,,,,,,,,363.76,40,364.39,40,364.51,160,364.52,80,365.46,240,365.47,200,365.48,120,365.95,120,366.82,320,367.1,40
2026-02-05 09:32:53,362.745,362.89,1,361.73,80,363.76,40,363.76,361.73,361.73,80,,,,,,,,,,,,,,,,,,,363.76,40,364.39,40,364.51,160,364.52,80,365.46,240,365.47,200,365.48,120,365.95,120,366.82,320,367.1,40
2026-02-05 09:32:54,362.895,362.89,1,362.03,120,363.76,120,363.76,362.03,362.03,120,361.45,120,,,,,,,,,,,,,,,,,363.76,120,364.39,40,364.51,160,364.52,80,365.46,240,365.47,200,365.48,120,365.95,120,366.82,320,367.1,40
2026-02-05 09:32:55,362.895,362.89,1,362.03,120,363.76,120,363.76,362.03,362.03,120,361.45,120,,,,,,,,,,,,,,,,,363.76,120,364.39,40,364.51,160,364.52,80,365.46,240,365.47,200,365.48,120,365.95,120,366.82,320,367.1,40
2026-02-05 09:32:56,362.895,362.89,1,362.03,120,363.76,120,363.76,362.03,362.03,120,361.45,120,,,,,,,,,,,,,,,,,363.76,120,364.39,40,364.51,160,364.52,80,365.46,240,365.47,200,365.48,120,365.95,120,366.82,320,367.1,40
2026-02-05 09:32:57,362.895,362.89,1,362.03,120,363.76,120,363.76,362.03,362.03,120,361.45,120,,,,,,,,,,,,,,,,,363.76,120,364.39,40,364.51,160,364.52,80,365.46,240,365.47,200,365.48,120,365.95,120,366.82,320,367.1,40
2026-02-05 09:32:58,362.895,362.89,1,362.03,120,363.76,120,363.76,362.03,362.03,120,361.45,120,,,,,,,,,,,,,,,,,363.76,120,364.39,40,364.51,160,364.52,80,365.46,240,365.47,200,365.48,120,365.95,120,366.82,320,367.1,40
2026-02-05 09:32:59,362.895,362.89,1,362.03,120,363.76,120,363.76,362.03,362.03,120,361.45,120,,,,,,,,,,,,,,,,,363.76,120,364.39,40,364.51,160,364.52,80,365.46,240,365.47,200,365.48,120,365.95,120,366.82,320,367.1,40
2026-02-05 09:33:00,362.645,362.89,1,362.03,120,363.26,40,363.26,362.03,362.03,120,361.45,120,,,,,,,,,,,,,,,,,363.26,40,363.76,120,364.39,40,364.51,160,364.52,80,365.46,240,365.47,200,365.48,120,365.95,120,366.82,320
2026-02-05 09:33:01,362.645,362.89,1,362.03,120,363.26,40,363.26,362.03,362.03,120,361.45,120,,,,,,,,,,,,,,,,,363.26,40,363.76,120,364.39,40,364.51,160,364.52,80,365.46,240,365.47,200,365.48,120,365.95,120,366.82,320
2026-02-05 09:33:02,362.645,362.89,1,362.03,120,363.26,40,363.26,362.03,362.03,120,361.45,120,,,,,,,,,,,,,,,,,363.26,40,363.76,120,364.39,40,364.51,160,364.52,80,365.46,240,365.47,200,365.48,120,365.95,120,366.82,320
2026-02-05 09:33:03,362.645,362.89,1,362.03,80,363.26,120,363.26,362.03,362.03,80,361.45,120,,,,,,,,,,,,,,,,,363.26,120,363.76,120,364.39,40,364.51,160,364.52,80,365.46,240,365.47,200,365.48,120,365.95,120,366.82,320
2026-02-05 09:33:04,362.645,362.89,1,362.03,80,363.26,120,363.26,362.03,362.03,80,361.45,120,,,,,,,,,,,,,,,,,363.26,120,363.76,120,364.39,40,364.51,160,364.52,80,365.46,240,365.47,200,365.48,120,365.95,120,366.82,320
2026-02-05 09:33:05,362.645,362.89,1,362.03,120,363.26,120,363.26,362.03,362.03,120,361.45,120,,,,,,,,,,,,,,,,,363.26,120,363.76,120,364.39,40,364.51,160,364.52,80,365.46,240,365.47,200,365.48,120,365.95,120,366.82,320
2026-02-05 09:33:06,362.645,362.89,1,362.03,120,363.26,120,363.26,362.03,362.03,120,361.45,120,,,,,,,,,,,,,,,,,363.26,120,363.76,120,364.39,40,364.51,160,364.52,80,365.46,240,365.47,200,365.48,120,365.95,120,366.82,320
2026-02-05 09:33:07,364.14,362.89,1,363.46,80,364.82,40,364.82,363.46,363.46,80,363.45,120,363.31,80,362.65,80,362.64,120,362.24,80,362.04,80,362.03,120,361.45,120,,,364.82,40,364.86,40,365.46,240,365.47,200,365.48,120,365.95,120,366.82,320,367.1,40,367.11,400,367.44,80
2026-02-05 09:33:08,364.14,362.89,1,363.46,80,364.82,40,364.82,363.46,363.46,80,363.45,120,363.31,80,362.65,80,362.64,120,362.24,80,362.04,80,362.03,120,361.45,120,,,364.82,40,364.86,40,365.46,240,365.47,200,365.48,120,365.95,120,366.82,320,367.1,40,367.11,400,367.44,80
2026-02-05 09:33:09,364.14,362.89,1,363.46,160,364.82,80,364.82,363.46,363.46,160,363.45,120,363.31,80,362.65,80,362.64,120,362.24,80,362.04,80,362.03,120,361.45,120,,,364.82,80,364.86,40,365.46,240,365.47,200,365.48,120,365.95,120,366.82,320,367.1,40,367.11,400,367.44,80
2026-02-05 09:33:10,364.14,362.89,1,363.46,160,364.82,80,364.82,363.46,363.46,160,363.45,120,363.31,80,362.65,80,362.64,120,362.24,80,362.04,80,362.03,120,361.45,120,,,364.82,80,364.86,40,365.46,240,365.47,200,365.48,120,365.95,120,366.82,320,367.1,40,367.11,400,367.44,80
2026-02-05 09:33:11,364.14,362.89,1,363.46,160,364.82,160,364.82,363.46,363.46,160,363.45,120,363.31,80,362.65,80,362.64,120,362.24,80,362.04,80,362.03,120,361.45,120,,,364.82,160,364.86,40,365.46,240,365.47,200,365.48,120,365.95,120,366.82,320,367.1,40,367.11,400,367.44,80
2026-02-05 09:33:12,364.14,362.89,1,363.46,160,364.82,160,364.82,363.46,363.46,160,363.45,120,363.31,80,362.65,80,362.64,120,362.24,80,362.04,80,362.03,120,361.45,120,,,364.82,160,364.86,40,365.46,240,365.47,200,365.48,120,365.95,120,366.82,320,367.1,40,367.11,400,367.44,80
2026-02-05 09:33:13,364.14,362.89,1,363.46,160,364.82,160,364.82,363.46,363.46,160,363.45,120,363.31,80,362.65,80,362.64,120,362.24,80,362.04,80,362.03,120,361.45,120,,,364.82,160,364.86,40,365.46,240,365.47,200,365.48,120,365.95,120,366.82,320,367.1,40,367.11,400,367.44,80
2026-02-05 09:33:14,364.14,362.89,1,363.46,160,364.82,160,364.82,363.46,363.46,160,363.45,120,363.31,80,362.65,80,362.64,120,362.24,80,362.04,80,362.03,120,361.45,120,,,364.82,160,364.86,40,365.46,240,365.47,200,365.48,120,365.95,120,366.82,320,367.1,40,367.11,400,367.44,80
2026-02-05 09:33:15,364.14,362.89,1,363.46,160,364.82,160,364.82,363.46,363.46,160,363.45,120,363.31,80,362.65,80,362.64,120,362.24,80,362.04,80,362.03,120,361.45,120,,,364.82,160,364.86,40,365.46,240,365.47,200,365.48,120,365.95,120,366.82,320,367.1,40,367.11,400,367.44,80
2026-02-05 09:33:16,364.14,362.89,1,363.46,160,364.82,160,364.82,363.46,363.46,160,363.45,120,363.31,80,362.65,80,362.64,120,362.24,80,362.04,80,362.03,120,361.45,120,,,364.82,160,364.86,40,365.46,240,365.47,200,365.48,120,365.95,120,366.82,320,367.1,40,367.11,400,367.44,80
2026-02-05 09:33:17,365.83,365.29,1,364.86,80,366.8,120,366.8,364.86,364.86,80,364.8,40,364.48,40,364.14,80,363.47,80,363.46,160,363.45,120,363.31,80,362.65,80,362.64,120,366.8,120,366.82,320,367.1,40,367.11,400,367.44,80,367.64,40,367.96,40,368.13,40,368.14,80,368.89,40
2026-02-05 09:33:18,365.83,365.29,1,364.86,80,366.8,120,366.8,364.86,364.86,80,364.8,40,364.48,40,364.14,80,363.47,80,363.46,160,363.45,120,363.31,80,362.65,80,362.64,120,366.8,120,366.82,320,367.1,40,367.11,400,367.44,80,367.64,40,367.96,40,368.13,40,368.14,80,368.89,40
2026-02-05 09:33:19,365.83,365.29,1,364.86,80,366.8,120,366.8,364.86,364.86,80,364.8,40,364.48,40,364.14,80,363.47,80,363.46,160,363.45,120,363.31,80,362.65,80,362.64,120,366.8,120,366.82,320,367.1,40,367.11,400,367.44,80,367.64,40,367.96,40,368.13,40,368.14,80,368.89,40
2026-02-05 09:33:20,365.83,365.29,1,364.86,80,366.8,120,366.8,364.86,364.86,80,364.8,40,364.48,40,364.14,80,363.47,80,363.46,160,363.45,120,363.31,80,362.65,80,362.64,120,366.8,120,366.82,320,367.1,40,367.11,400,367.44,80,367.64,40,367.96,40,368.13,40,368.14,80,368.89,40
2026-02-05 09:33:21,365.83,365.29,1,364.86,80,366.8,120,366.8,364.86,364.86,80,364.8,40,364.48,40,364.14,80,363.47,80,363.46,160,363.45,120,363.31,80,362.65,80,362.64,120,366.8,120,366.82,320,367.1,40,367.11,400,367.44,80,367.64,40,367.96,40,368.13,40,368.14,80,368.89,40
2026-02-05 09:33:22,365.5,365.51,1,364.85,40,366.15,80,366.15,364.85,364.85,40,364.8,40,364.48,40,364.14,80,363.47,80,363.46,160,363.45,120,363.31,80,362.65,80,362.64,120,366.15,80,366.8,240,366.82,320,367.1,40,367.11,400,367.44,80,367.64,40,367.96,40,368.13,40,368.14,80
2026-02-05 09:33:23,365.5,365.51,1,364.85,40,366.15,200,366.15,364.85,364.85,40,364.8,40,364.48,40,364.14,80,363.47,80,363.46,160,363.45,120,363.31,80,362.65,80,362.64,120,366.15,200,366.8,240,366.82,320,367.1,40,367.11,400,367.44,80,367.64,40,367.96,40,368.13,40,368.14,80
2026-02-05 09:33:24,365.5,365.51,1,364.85,40,366.15,200,366.15,364.85,364.85,40,364.8,40,364.48,40,364.14,80,363.47,80,363.46,160,363.45,120,363.31,80,362.65,80,362.64,120,366.15,200,366.8,240,366.82,320,367.1,40,367.11,400,367.44,80,367.64,40,367.96,40,368.13,40,368.14,80
2026-02-05 09:33:25,365.5,365.51,1,364.85,40,366.15,200,366.15,364.85,364.85,40,364.8,40,364.48,40,364.14,80,363.47,80,363.46,160,363.45,120,363.31,80,362.65,80,362.64,120,366.15,200,366.8,240,366.82,320,367.1,40,367.11,400,367.44,80,367.64,40,367.96,40,368.13,40,368.14,80
2026-02-05 09:33:26,365.5,365.51,1,364.85,40,366.15,200,366.15,364.85,364.85,40,364.8,40,364.48,40,364.14,80,363.47,80,363.46,160,363.45,120,363.31,80,362.65,80,362.64,120,366.15,200,366.8,240,366.82,320,367.1,40,367.11,400,367.44,80,367.64,40,367.96,40,368.13,40,368.14,80
2026-02-05 09:33:27,365.5,365.51,1,364.85,40,366.15,200,366.15,364.85,364.85,40,364.8,40,364.48,40,364.14,80,363.47,80,363.46,160,363.45,120,363.31,80,362.65,80,362.64,120,366.15,200,366.8,240,366.82,320,367.1,40,367.11,400,367.44,80,367.64,40,367.96,40,368.13,40,368.14,80
2026-02-05 09:33:28,365.5,365.51,1,364.85,40,366.15,200,366.15,364.85,364.85,40,364.8,40,364.48,40,364.14,80,363.47,80,363.46,160,363.45,120,363.31,80,362.65,80,362.64,120,366.15,200,366.8,240,366.82,320,367.1,40,367.11,400,367.44,80,367.64,40,367.96,40,368.13,40,368.14,80
2026-02-05 09:33:29,365.5,365.51,1,364.85,40,366.15,200,366.15,364.85,364.85,40,364.8,40,364.48,40,364.14,80,363.47,80,363.46,160,363.45,120,363.31,80,362.65,80,362.64,120,366.15,200,366.8,240,366.82,320,367.1,40,367.11,400,367.44,80,367.64,40,367.96,40,368.13,40,368.14,80
2026-02-05 09:33:30,365.5,365.51,1,364.85,40,366.15,200,366.15,364.85,364.85,40,364.8,40,364.48,40,364.14,80,363.47,80,363.46,160,363.45,120,363.31,80,362.65,80,362.64,120,366.15,200,366.8,240,366.82,320,367.1,40,367.11,400,367.44,80,367.64,40,367.96,40,368.13,40,368.14,80
2026-02-05 09:33:31,365.5,365.51,1,364.85,40,366.15,200,366.15,364.85,364.85,40,364.8,40,364.48,40,364.14,80,363.47,80,363.46,160,363.45,120,363.31,80,362.65,80,362.64,120,366.15,200,366.8,240,366.82,320,367.1,40,367.11,400,367.44,80,367.64,40,367.96,40,368.13,40,368.14,80
2026-02-05 09:33:32,365.5,365.51,1,364.85,40,366.15,200,366.15,364.85,364.85,40,364.8,40,364.48,40,364.14,80,363.47,80,363.46,160,363.45,120,363.31,80,362.65,80,362.64,120,366.15,200,366.8,240,366.82,320,367.1,40,367.11,400,367.44,80,367.64,40,367.96,40,368.13,40,368.14,80
2026-02-05 09:33:33,365.5,365.51,1,364.85,40,366.15,200,366.15,364.85,364.85,40,364.8,40,364.48,40,364.14,80,363.47,80,363.46,160,363.45,120,363.31,80,362.65,80,362.64,120,366.15,200,366.8,240,366.82,320,367.1,40,367.11,400,367.44,80,367.64,40,367.96,40,368.13,40,368.14,80
2026-02-05 09:33:34,365.5,365.51,1,364.85,40,366.15,200,366.15,364.85,364.85,40,364.8,40,364.48,40,364.14,80,363.47,80,363.46,160,363.45,120,363.31,80,362.65,80,362.64,120,366.15,200,366.8,240,366.82,320,367.1,40,367.11,400,367.44,80,367.64,40,367.96,40,368.13,40,368.14,80
2026-02-05 09:33:35,365.5,365.51,1,364.85,40,366.15,200,366.15,364.85,364.85,40,364.8,40,364.48,40,364.14,80,363.47,80,363.46,160,363.45,120,363.31,80,362.65,80,362.64,120,366.15,200,366.8,240,366.82,320,367.1,40,367.11,400,367.44,80,367.64,40,367.96,40,368.13,40,368.14,80
2026-02-05 09:33:36,365.5,365.51,1,364.85,40,366.15,200,366.15,364.85,364.85,40,364.8,40,364.48,40,364.14,80,363.47,80,363.46,160,363.45,120,363.31,80,362.65,80,362.64,120,366.15,200,366.8,240,366.82,320,367.1,40,367.11,400,367.44,80,367.64,40,367.96,40,368.13,40,368.14,80
2026-02-05 09:33:37,365.5,365.51,1,364.85,40,366.15,200,366.15,364.85,364.85,40,364.8,40,364.48,40,364.14,80,363.47,80,363.46,160,363.45,120,363.31,80,362.65,80,362.64,120,366.15,200,366.8,240,366.82,320,367.1,40,367.11,400,367.44,80,367.64,40,367.96,40,368.13,40,368.14,80
2026-02-05 09:33:38,365.5,365.51,1,364.85,40,366.15,200,366.15,364.85,364.85,40,364.8,40,364.48,40,364.14,80,363.47,80,363.46,160,363.45,120,363.31,80,362.65,80,362.64,120,366.15,200,366.8,240,366.82,320,367.1,40,367.11,400,367.44,80,367.64,40,367.96,40,368.13,40,368.14,80
2026-02-05 09:33:39,365.5,365.51,1,364.85,40,366.15,200,366.15,364.85,364.85,40,364.8,40,364.48,40,364.14,80,363.47,80,363.46,160,363.45,120,363.31,80,362.65,80,362.64,120,366.15,200,366.8,240,366.82,320,367.1,40,367.11,400,367.44,80,367.64,40,367.96,40,368.13,40,368.14,80
2026-02-05 09:33:40,365.5,365.51,1,364.85,40,366.15,200,366.15,364.85,364.85,40,364.8,40,364.48,40,364.14,80,363.47,80,363.46,160,363.45,120,363.31,80,362.65,80,362.64,120,366.15,200,366.8,240,366.82,320,367.1,40,367.11,400,367.44,80,367.64,40,367.96,40,368.13,40,368.14,80
2026-02-05 09:33:41,365.5,365.51,1,364.85,40,366.15,200,366.15,364.85,364.85,40,364.8,40,364.48,40,364.14,80,363.47,80,363.46,160,363.45,120,363.31,80,362.65,80,362.64,120,366.15,200,366.8,240,366.82,320,367.1,40,367.11,400,367.44,80,367.64,40,367.96,40,368.13,40,368.14,80
2026-02-05 09:33:42,365.5,365.5,8,364.85,40,366.15,200,366.15,364.85,364.85,40,364.8,40,364.48,40,364.14,80,363.47,80,363.46,160,363.45,120,363.31,80,362.65,80,362.64,120,366.15,200,366.8,240,366.82,320,367.1,40,367.11,400,367.44,80,367.64,40,367.96,40,368.13,40,368.14,80
2026-02-05 09:33:43,365.5,365.5,8,364.85,40,366.15,280,366.15,364.85,364.85,40,364.8,40,364.48,40,364.14,80,363.47,80,363.46,160,363.45,120,363.31,80,362.65,80,362.64,120,366.15,280,366.8,240,366.82,320,367.1,40,367.11,400,367.44,80,367.64,40,367.96,40,368.13,40,368.14,80
2026-02-05 09:33:44,365.5,365.5,8,364.85,40,366.15,280,366.15,364.85,364.85,40,364.8,40,364.48,40,364.14,80,363.47,80,363.46,160,363.45,120,363.31,80,362.65,80,362.64,120,366.15,280,366.8,240,366.82,320,367.1,40,367.11,400,367.44,80,367.64,40,367.96,40,368.13,40,368.14,80
2026-02-05 09:33:45,365.5,365.5,8,364.85,40,366.15,280,366.15,364.85,364.85,40,364.8,40,364.48,40,364.14,80,363.47,80,363.46,160,363.45,120,363.31,80,362.65,80,362.64,120,366.15,280,366.8,240,366.82,320,367.1,40,367.11,400,367.44,80,367.64,40,367.96,40,368.13,40,368.14,80
2026-02-05 09:33:46,365.5,365.5,8,364.85,40,366.15,280,366.15,364.85,364.85,40,364.8,40,364.48,40,364.14,80,363.47,80,363.46,160,363.45,120,363.31,80,362.65,80,362.64,120,366.15,280,366.8,240,366.82,320,367.1,40,367.11,400,367.44,80,367.64,40,367.96,40,368.13,40,368.14,80
2026-02-05 09:33:47,365.5,365.5,8,364.85,40,366.15,280,366.15,364.85,364.85,40,364.8,40,364.48,40,364.14,80,363.47,80,363.46,160,363.45,120,363.31,80,362.65,80,362.64,120,366.15,280,366.8,240,366.82,320,367.1,40,367.11,400,367.44,80,367.64,40,367.96,40,368.13,40,368.14,80
2026-02-05 09:33:48,365.425,365.5,8,364.85,80,366.0,800,366.0,364.85,364.85,80,364.8,40,364.48,40,364.14,80,363.47,80,363.46,160,363.45,120,363.31,80,362.65,80,362.64,120,366.0,800,366.15,280,366.8,240,366.82,320,367.1,40,367.11,400,367.44,80,367.64,40,367.96,40,368.13,40
2026-02-05 09:33:49,365.425,365.5,8,364.85,120,366.0,800,366.0,364.85,364.85,120,364.8,40,364.48,40,364.14,80,363.47,80,363.46,160,363.45,120,363.31,80,362.65,80,362.64,120,366.0,800,366.15,280,366.8,240,366.82,320,367.1,40,367.11,400,367.44,80,367.64,40,367.96,40,368.13,40
2026-02-05 09:33:50,365.425,365.5,8,364.85,120,366.0,800,366.0,364.85,364.85,120,364.8,40,364.48,40,364.14,80,363.47,80,363.46,160,363.45,120,363.31,80,362.65,80,362.64,120,366.0,800,366.15,280,366.8,240,366.82,320,367.1,40,367.11,400,367.44,80,367.64,40,367.96,40,368.13,40
2026-02-05 09:33:51,365.425,365.5,8,364.85,120,366.0,800,366.0,364.85,364.85,120,364.8,40,364.48,40,364.14,80,363.47,80,363.46,160,363.45,120,363.31,80,362.65,80,362.64,120,366.0,800,366.15,280,366.8,240,366.82,320,367.1,40,367.11,400,367.44,80,367.64,40,367.96,40,368.13,40
2026-02-05 09:33:52,365.425,365.5,8,364.85,120,366.0,800,366.0,364.85,364.85,120,364.8,40,364.48,40,364.14,80,363.47,80,363.46,160,363.45,120,363.31,80,362.65,80,362.64,120,366.0,800,366.15,280,366.8,240,366.82,320,367.1,40,367.11,400,367.44,80,367.64,40,367.96,40,368.13,40
2026-02-05 09:33:53,365.425,365.5,8,364.85,120,366.0,800,366.0,364.85,364.85,120,364.8,40,364.48,40,364.14,80,363.47,80,363.46,160,363.45,120,363.31,80,362.65,80,362.64,120,366.0,800,366.15,280,366.8,240,366.82,320,367.1,40,367.11,400,367.44,80,367.64,40,367.96,40,368.13,40
2026-02-05 09:33:54,365.425,365.5,8,364.85,120,366.0,800,366.0,364.85,364.85,120,364.8,40,364.48,40,364.14,80,363.47,80,363.46,160,363.45,120,363.31,80,362.65,80,362.64,120,366.0,800,366.15,280,366.8,240,366.82,320,367.1,40,367.11,400,367.44,80,367.64,40,367.96,40,368.13,40
2026-02-05 09:33:55,365.425,365.5,8,364.85,120,366.0,800,366.0,364.85,364.85,120,364.8,40,364.48,40,364.14,80,363.47,80,363.46,160,363.45,120,363.31,80,362.65,80,362.64,120,366.0,800,366.15,280,366.8,240,366.82,320,367.1,40,367.11,400,367.44,80,367.64,40,367.96,40,368.13,40
2026-02-05 09:33:56,365.425,365.5,8,364.85,120,366.0,800,366.0,364.85,364.85,120,364.8,40,364.48,40,364.14,80,363.47,80,363.46,160,363.45,120,363.31,80,362.65,80,362.64,120,366.0,800,366.15,280,366.8,240,366.82,320,367.1,40,367.11,400,367.44,80,367.64,40,367.96,40,368.13,40
2026-02-05 09:33:57,365.43,365.43,8,364.86,120,366.0,560,366.0,364.86,364.86,120,364.85,120,364.8,40,364.48,40,364.14,80,363.47,80,363.46,160,363.45,120,363.31,80,362.65,80,366.0,560,366.15,280,366.8,240,366.82,320,367.1,40,367.11,400,367.44,80,367.64,40,367.96,40,368.13,40
2026-02-05 09:33:58,365.43,365.43,1,364.86,120,366.0,560,366.0,364.86,364.86,120,364.85,120,364.8,40,364.48,40,364.14,80,363.47,80,363.46,160,363.45,120,363.31,80,362.65,80,366.0,560,366.15,280,366.8,240,366.82,320,367.1,40,367.11,400,367.44,80,367.64,40,367.96,40,368.13,40
2026-02-05 09:33:59,365.435,365.43,1,364.86,120,366.01,120,366.01,364.86,364.86,120,364.85,120,364.8,40,364.48,40,364.14,80,363.47,80,363.46,160,363.45,120,363.31,80,362.65,80,366.01,120,366.03,40,366.15,280,366.8,240,366.82,320,367.1,40,367.11,400,367.44,80,367.64,40,367.96,40
2026-02-05 09:34:00,365.55,365.44,2,365.14,80,365.96,80,365.96,365.14,365.14,80,364.87,120,364.86,120,364.85,120,364.8,40,364.48,40,364.14,80,363.47,80,363.46,160,363.45,120,365.96,80,365.98,200,366.01,120,366.03,40,366.15,280,366.8,240,366.82,320,367.1,40,367.11,400,367.44,80
2026-02-05 09:34:01,365.555,365.44,2,365.15,120,365.96,80,365.96,365.15,365.15,120,365.14,80,364.87,120,364.86,120,364.85,120,364.8,40,364.48,40,364.14,80,363.47,80,363.46,160,365.96,80,365.98,200,366.01,120,366.03,40,366.15,280,366.8,240,366.82,320,367.1,40,367.11,400,367.44,80
2026-02-05 09:34:02,365.555,365.44,2,365.15,120,365.96,440,365.96,365.15,365.15,120,365.14,80,364.87,120,364.86,120,364.85,120,364.8,40,364.48,40,364.14,80,363.47,80,363.46,160,365.96,440,365.98,200,366.01,120,366.03,40,366.15,280,366.8,240,366.82,320,367.1,40,367.11,400,367.44,80
2026-02-05 09:34:03,365.555,365.44,2,365.15,120,365.96,440,365.96,365.15,365.15,120,365.14,80,364.87,120,364.86,120,364.85,120,364.8,40,364.48,40,364.14,80,363.47,80,363.46,160,365.96,440,365.98,200,366.01,120,366.03,40,366.15,280,366.8,240,366.82,320,367.1,40,367.11,400,367.44,80
2026-02-05 09:34:04,365.555,365.56,1,365.15,120,365.96,440,365.96,365.15,365.15,120,365.14,80,364.87,120,364.86,120,364.85,120,364.8,40,364.48,40,364.14,80,363.47,80,363.46,160,365.96,440,365.98,200,366.01,120,366.03,40,366.15,280,366.8,240,366.82,320,367.1,40,367.11,400,367.44,80
2026-02-05 09:34:05,365.555,365.56,1,365.15,120,365.96,440,365.96,365.15,365.15,120,365.14,80,364.87,120,364.86,120,364.85,120,364.8,40,364.48,40,364.14,80,363.47,80,363.46,160,365.96,440,365.98,200,366.01,120,366.03,40,366.15,280,366.8,240,366.82,320,367.1,40,367.11,400,367.44,80
2026-02-05 09:34:06,365.555,365.56,1,365.15,120,365.96,440,365.96,365.15,365.15,120,365.14,80,364.87,120,364.86,120,364.85,120,364.8,40,364.48,40,364.14,80,363.47,80,363.46,160,365.96,440,365.98,200,366.01,120,366.03,40,366.15,280,366.8,240,366.82,320,367.1,40,367.11,400,367.44,80
2026-02-05 09:34:07,365.555,365.56,1,365.15,120,365.96,440,365.96,365.15,365.15,120,365.14,80,364.87,120,364.86,120,364.85,120,364.8,40,364.48,40,364.14,80,363.47,80,363.46,160,365.96,440,365.98,200,366.01,120,366.03,40,366.15,280,366.8,240,366.82,320,367.1,40,367.11,400,367.44,80
2026-02-05 09:34:08,365.555,365.56,1,365.15,120,365.96,440,365.96,365.15,365.15,120,365.14,80,364.87,120,364.86,120,364.85,120,364.8,40,364.48,40,364.14,80,363.47,80,363.46,160,365.96,440,365.98,200,366.01,120,366.03,40,366.15,280,366.8,240,366.82,320,367.1,40,367.11,400,367.44,80
2026-02-05 09:34:09,365.555,365.56,1,365.15,120,365.96,440,365.96,365.15,365.15,120,365.14,80,364.87,120,364.86,120,364.85,120,364.8,40,364.48,40,364.14,80,363.47,80,363.46,160,365.96,440,365.98,200,366.01,120,366.03,40,366.15,280,366.8,240,366.82,320,367.1,40,367.11,400,367.44,80
2026-02-05 09:34:10,365.555,365.56,1,365.15,120,365.96,440,365.96,365.15,365.15,120,365.14,80,364.87,120,364.86,120,364.85,120,364.8,40,364.48,40,364.14,80,363.47,80,363.46,160,365.96,440,365.98,200,366.01,120,366.03,40,366.15,280,366.8,240,366.82,320,367.1,40,367.11,400,367.44,80
2026-02-05 09:34:11,365.555,365.56,1,365.15,120,365.96,440,365.96,365.15,365.15,120,365.14,80,364.87,120,364.86,120,364.85,120,364.8,40,364.48,40,364.14,80,363.47,80,363.46,160,365.96,440,365.98,200,366.01,120,366.03,40,366.15,280,366.8,240,366.82,320,367.1,40,367.11,400,367.44,80
2026-02-05 09:34:12,365.555,365.56,1,365.15,120,365.96,440,365.96,365.15,365.15,120,365.14,80,364.87,120,364.86,120,364.85,120,364.8,40,364.48,40,364.14,80,363.47,80,363.46,160,365.96,440,365.98,200,366.01,120,366.03,40,366.15,280,366.8,240,366.82,320,367.1,40,367.11,400,367.44,80
2026-02-05 09:34:13,365.755,365.34,1,365.33,200,366.18,600,366.18,365.33,365.33,200,365.31,40,365.15,120,365.14,80,364.87,120,364.86,120,364.85,120,364.8,40,364.48,40,364.14,80,366.18,600,366.81,200,367.02,40,367.1,40,367.11,400,367.44,80,367.64,40,367.96,40,368.13,40,368.14,80
2026-02-05 09:34:14,365.745,365.34,1,365.31,40,366.18,600,366.18,365.31,365.31,40,365.15,120,365.14,80,364.87,120,364.86,120,364.85,120,364.8,40,364.48,40,364.14,80,363.47,80,366.18,600,366.81,200,367.02,40,367.1,40,367.11,400,367.44,80,367.64,40,367.96,40,368.13,40,368.14,80
2026-02-05 09:34:15,365.745,365.75,1,365.31,80,366.18,600,366.18,365.31,365.31,80,365.15,120,365.14,80,364.87,120,364.86,120,364.85,120,364.8,40,364.48,40,364.14,80,363.47,80,366.18,600,366.81,200,367.02,40,367.1,40,367.11,400,367.44,80,367.64,40,367.96,40,368.13,40,368.14,80
2026-02-05 09:34:16,365.51,365.34,2,364.85,80,366.17,280,366.17,364.85,364.85,80,364.8,40,364.48,40,364.14,80,363.47,80,363.46,160,363.45,120,363.31,80,362.65,80,362.64,120,366.17,280,366.18,200,366.81,200,367.02,40,367.1,40,367.11,400,367.44,80,367.64,40,367.96,40,368.13,40
2026-02-05 09:34:17,365.505,365.34,2,364.85,80,366.16,120,366.16,364.85,364.85,80,364.8,40,364.48,40,364.14,80,363.47,80,363.46,160,363.45,120,363.31,80,362.65,80,362.64,120,366.16,120,366.17,280,366.18,200,366.81,200,367.02,40,367.1,40,367.11,400,367.44,80,367.64,40,367.96,40
2026-02-05 09:34:18,364.57,365.34,2,363.96,40,365.18,120,365.18,363.96,363.96,40,363.47,80,363.46,160,363.45,120,363.31,80,362.65,80,362.64,120,362.24,80,362.04,80,362.03,120,365.18,120,365.37,120,365.51,80,366.15,40,366.16,120,366.17,280,366.18,200,366.81,200,367.02,40,367.1,40
2026-02-05 09:34:19,364.57,365.34,2,363.96,80,365.18,240,365.18,363.96,363.96,80,363.47,80,363.46,160,363.45,120,363.31,80,362.65,80,362.64,120,362.24,80,362.04,80,362.03,120,365.18,240,365.37,120,365.51,80,366.15,40,366.16,120,366.17,280,366.18,200,366.81,200,367.02,40,367.1,40
2026-02-05 09:34:20,364.57,365.34,2,363.96,80,365.18,240,365.18,363.96,363.96,80,363.47,80,363.46,160,363.45,120,363.31,80,362.65,80,362.64,120,362.24,80,362.04,80,362.03,120,365.18,240,365.37,120,365.51,80,366.15,40,366.16,120,366.17,280,366.18,200,366.81,200,367.02,40,367.1,40
2026-02-05 09:34:21,364.565,365.34,2,363.96,80,365.17,40,365.17,363.96,363.96,80,363.47,80,363.46,160,363.45,120,363.31,80,362.65,80,362.64,120,362.24,80,362.04,80,362.03,120,365.17,40,365.18,240,365.37,120,365.51,80,366.15,40,366.16,120,366.17,280,366.18,200,366.81,200,367.02,40
2026-02-05 09:34:22,364.565,364.08,1,363.96,80,365.17,160,365.17,363.96,363.96,80,363.47,80,363.46,160,363.45,120,363.31,80,362.65,80,362.64,120,362.24,80,362.04,80,362.03,120,365.17,160,365.18,240,365.37,120,365.51,80,366.15,40,366.16,120,366.17,280,366.18,200,366.81,200,367.02,40
2026-02-05 09:34:23,364.685,364.08,1,364.2,80,365.17,160,365.17,364.2,364.2,80,363.96,80,363.47,80,363.46,160,363.45,120,363.31,80,362.65,80,362.64,120,362.24,80,362.04,80,365.17,160,365.18,240,365.37,120,365.51,80,366.15,40,366.16,120,366.17,280,366.18,200,366.81,200,367.02,40
2026-02-05 09:34:24,364.685,364.08,1,364.2,80,365.17,160,365.17,364.2,364.2,80,363.96,80,363.47,80,363.46,160,363.45,120,363.31,80,362.65,80,362.64,120,362.24,80,362.04,80,365.17,160,365.18,240,365.37,120,365.51,80,366.15,40,366.16,120,366.17,280,366.18,200,366.81,200,367.02,40
2026-02-05 09:34:25,364.685,364.08,1,364.2,80,365.17,160,365.17,364.2,364.2,80,363.96,80,363.47,80,363.46,160,363.45,120,363.31,80,362.65,80,362.64,120,362.24,80,362.04,80,365.17,160,365.18,240,365.37,120,365.51,80,366.15,40,366.16,120,366.17,280,366.18,200,366.81,200,367.02,40
2026-02-05 09:34:26,364.69,364.08,1,364.21,280,365.17,240,365.17,364.21,364.21,280,364.2,80,363.96,80,363.47,80,363.46,160,363.45,120,363.31,80,362.65,80,362.64,120,362.24,80,365.17,240,365.18,240,365.37,120,365.51,80,366.15,40,366.16,120,366.17,280,366.18,200,366.81,200,367.02,40
2026-02-05 09:34:27,364.69,364.08,1,364.21,240,365.17,240,365.17,364.21,364.21,240,364.2,80,363.96,80,363.47,80,363.46,160,363.45,120,363.31,80,362.65,80,362.64,120,362.24,80,365.17,240,365.18,240,365.37,120,365.51,80,366.15,40,366.16,120,366.17,280,366.18,200,366.81,200,367.02,40
2026-02-05 09:34:28,364.69,364.08,1,364.21,240,365.17,240,365.17,364.21,364.21,240,364.2,80,363.96,80,363.47,80,363.46,160,363.45,120,363.31,80,362.65,80,362.64,120,362.24,80,365.17,240,365.18,240,365.37,120,365.51,80,366.15,40,366.16,120,366.17,280,366.18,200,366.81,200,367.02,40
2026-02-05 09:34:29,364.69,364.08,1,364.21,240,365.17,240,365.17,364.21,364.21,240,364.2,80,363.96,80,363.47,80,363.46,160,363.45,120,363.31,80,362.65,80,362.64,120,362.24,80,365.17,240,365.18,240,365.37,120,365.51,80,366.15,40,366.16,120,366.17,280,366.18,200,366.81,200,367.02,40
2026-02-05 09:34:30,364.69,364.08,1,364.21,240,365.17,240,365.17,364.21,364.21,240,364.2,80,363.96,80,363.47,80,363.46,160,363.45,120,363.31,80,362.65,80,362.64,120,362.24,80,365.17,240,365.18,240,365.37,120,365.51,80,366.15,40,366.16,120,366.17,280,366.18,200,366.81,200,367.02,40
2026-02-05 09:34:31,364.69,364.08,1,364.21,240,365.17,240,365.17,364.21,364.21,240,364.2,80,363.96,80,363.47,80,363.46,160,363.45,120,363.31,80,362.65,80,362.64,120,362.24,80,365.17,240,365.18,240,365.37,120,365.51,80,366.15,40,366.16,120,366.17,280,366.18,200,366.81,200,367.02,40
2026-02-05 09:34:32,364.69,364.08,1,364.21,240,365.17,240,365.17,364.21,364.21,240,364.2,80,363.96,80,363.47,80,363.46,160,363.45,120,363.31,80,362.65,80,362.64,120,362.24,80,365.17,240,365.18,240,365.37,120,365.51,80,366.15,40,366.16,120,366.17,280,366.18,200,366.81,200,367.02,40
2026-02-05 09:34:33,364.69,364.08,1,364.21,240,365.17,240,365.17,364.21,364.21,240,364.2,80,363.96,80,363.47,80,363.46,160,363.45,120,363.31,80,362.65,80,362.64,120,362.24,80,365.17,240,365.18,240,365.37,120,365.51,80,366.15,40,366.16,120,366.17,280,366.18,200,366.81,200,367.02,40
2026-02-05 09:34:34,364.69,364.08,1,364.21,240,365.17,240,365.17,364.21,364.21,240,364.2,80,363.96,80,363.47,80,363.46,160,363.45,120,363.31,80,362.65,80,362.64,120,362.24,80,365.17,240,365.18,240,365.37,120,365.51,80,366.15,40,366.16,120,366.17,280,366.18,200,366.81,200,367.02,40
2026-02-05 09:34:35,364.69,364.08,1,364.21,240,365.17,240,365.17,364.21,364.21,240,364.2,80,363.96,80,363.47,80,363.46,160,363.45,120,363.31,80,362.65,80,362.64,120,362.24,80,365.17,240,365.18,240,365.37,120,365.51,80,366.15,40,366.16,120,366.17,280,366.18,200,366.81,200,367.02,40
2026-02-05 09:34:36,364.69,364.08,1,364.21,240,365.17,240,365.17,364.21,364.21,240,364.2,80,363.96,80,363.47,80,363.46,160,363.45,120,363.31,80,362.65,80,362.64,120,362.24,80,365.17,240,365.18,240,365.37,120,365.51,80,366.15,40,366.16,120,366.17,280,366.18,200,366.81,200,367.02,40
2026-02-05 09:34:37,364.69,364.08,1,364.21,240,365.17,240,365.17,364.21,364.21,240,364.2,80,363.96,80,363.47,80,363.46,160,363.45,120,363.31,80,362.65,80,362.64,120,362.24,80,365.17,240,365.18,240,365.37,120,365.51,80,366.15,40,366.16,120,366.17,280,366.18,200,366.81,200,367.02,40
2026-02-05 09:34:38,364.15,364.21,1,363.44,80,364.86,80,364.86,363.44,363.44,80,363.31,80,362.65,80,362.64,120,362.24,80,362.04,80,362.03,120,361.45,120,,,,,364.86,80,364.93,80,365.16,40,365.17,280,365.18,240,365.37,120,365.51,80,366.15,40,366.16,120,366.17,280
2026-02-05 09:34:39,364.15,364.15,1,363.44,80,364.86,80,364.86,363.44,363.44,80,363.31,80,362.65,80,362.64,120,362.24,80,362.04,80,362.03,120,361.45,120,,,,,364.86,80,364.93,80,365.16,40,365.17,280,365.18,240,365.37,120,365.51,80,366.15,40,366.16,120,366.17,280
2026-02-05 09:34:40,364.15,364.15,1,363.44,80,364.86,80,364.86,363.44,363.44,80,363.31,80,362.65,80,362.64,120,362.24,80,362.04,80,362.03,120,361.45,120,,,,,364.86,80,364.93,80,365.16,40,365.17,280,365.18,240,365.37,120,365.51,80,366.15,40,366.16,120,366.17,280
2026-02-05 09:34:41,364.32,363.79,26,363.79,120,364.85,40,364.85,363.79,363.79,120,363.44,80,363.31,80,362.65,80,362.64,120,362.24,80,362.04,80,362.03,120,361.45,120,,,364.85,40,364.86,80,364.93,80,365.16,40,365.17,280,365.18,240,365.37,120,365.51,80,366.15,40,366.16,120
2026-02-05 09:34:42,364.32,363.79,26,363.79,120,364.85,40,364.85,363.79,363.79,120,363.44,80,363.31,80,362.65,80,362.64,120,362.24,80,362.04,80,362.03,120,361.45,120,,,364.85,40,364.86,80,364.93,80,365.16,40,365.17,280,365.18,240,365.37,120,365.51,80,366.15,40,366.16,120
2026-02-05 09:34:43,364.32,363.79,26,363.79,120,364.85,40,364.85,363.79,363.79,120,363.44,80,363.31,80,362.65,80,362.64,120,362.24,80,362.04,80,362.03,120,361.45,120,,,364.85,40,364.86,80,364.93,80,365.16,40,365.17,280,365.18,240,365.37,120,365.51,80,366.15,40,366.16,120
2026-02-05 09:34:44,364.32,363.79,26,363.79,120,364.85,200,364.85,363.79,363.79,120,363.44,80,363.31,80,362.65,80,362.64,120,362.24,80,362.04,80,362.03,120,361.45,120,,,364.85,200,364.86,80,364.93,80,365.16,40,365.17,280,365.18,240,365.37,120,365.51,80,366.15,40,366.16,120
2026-02-05 09:34:45,364.32,363.79,26,363.79,120,364.85,200,364.85,363.79,363.79,120,363.44,80,363.31,80,362.65,80,362.64,120,362.24,80,362.04,80,362.03,120,361.45,120,,,364.85,200,364.86,80,364.93,80,365.16,40,365.17,280,365.18,240,365.37,120,365.51,80,366.15,40,366.16,120
2026-02-05 09:34:46,363.865,364.05,1,363.44,80,364.29,40,364.29,363.44,363.44,80,363.31,80,362.65,80,362.64,120,362.24,80,362.04,80,362.03,120,361.45,120,,,,,364.29,40,364.84,80,364.85,200,364.86,80,364.93,80,365.16,40,365.17,280,365.18,240,365.37,120,365.51,80
2026-02-05 09:34:47,363.875,364.05,1,363.45,120,364.3,520,364.3,363.45,363.45,120,363.44,80,363.31,80,362.65,80,362.64,120,362.24,80,362.04,80,362.03,120,361.45,120,,,364.3,520,364.84,80,364.85,200,364.86,80,364.93,80,365.16,40,365.17,280,365.18,240,365.37,120,365.51,80
2026-02-05 09:34:48,363.87,363.68,1,363.45,120,364.29,40,364.29,363.45,363.45,120,363.44,80,363.31,80,362.65,80,362.64,120,362.24,80,362.04,80,362.03,120,361.45,120,,,364.29,40,364.3,520,364.84,80,364.85,200,364.86,80,364.93,80,365.16,40,365.17,280,365.18,240,365.37,120
2026-02-05 09:34:49,363.85,363.42,1,363.41,40,364.29,480,364.29,363.41,363.41,40,363.4,40,362.64,200,362.24,80,362.04,80,362.03,120,361.45,120,,,,,,,364.29,480,364.3,520,364.84,80,364.85,200,364.86,80,364.93,80,365.16,40,365.17,280,365.18,240,365.37,120
2026-02-05 09:34:50,363.85,363.42,1,363.41,80,364.29,200,364.29,363.41,363.41,80,363.4,40,362.64,200,362.24,80,362.04,80,362.03,120,361.45,120,,,,,,,364.29,200,364.3,520,364.84,80,364.85,200,364.86,80,364.93,80,365.16,40,365.17,280,365.18,240,365.37,120
2026-02-05 09:34:51,363.85,363.42,1,363.41,80,364.29,200,364.29,363.41,363.41,80,363.4,40,362.64,200,362.24,80,362.04,80,362.03,120,361.45,120,,,,,,,364.29,200,364.3,520,364.84,80,364.85,200,364.86,80,364.93,80,365.16,40,365.17,280,365.18,240,365.37,120
2026-02-05 09:34:52,363.465,363.42,1,362.64,200,364.29,160,364.29,362.64,362.64,200,362.24,80,362.04,80,362.03,120,361.45,120,,,,,,,,,,,364.29,160,364.3,520,364.84,80,364.85,200,364.86,80,364.93,80,365.16,40,365.17,280,365.18,240,365.37,120
2026-02-05 09:34:53,363.465,363.42,1,362.64,200,364.29,160,364.29,362.64,362.64,200,362.24,80,362.04,80,362.03,120,361.45,120,,,,,,,,,,,364.29,160,364.3,520,364.84,80,364.85,200,364.86,80,364.93,80,365.16,40,365.17,280,365.18,240,365.37,120
2026-02-05 09:34:54,363.465,363.42,1,362.64,200,364.29,160,364.29,362.64,362.64,200,362.24,80,362.04,80,362.03,120,361.45,120,,,,,,,,,,,364.29,160,364.3,520,364.84,80,364.85,200,364.86,80,364.93,80,365.16,40,365.17,280,365.18,240,365.37,120
2026-02-05 09:34:55,363.66,363.42,1,363.05,120,364.27,40,364.27,363.05,363.05,120,362.64,200,362.24,80,362.04,80,362.03,120,361.45,120,,,,,,,,,364.27,40,364.29,160,364.3,520,364.84,80,364.85,200,364.86,80,364.93,80,365.16,40,365.17,280,365.18,240
2026-02-05 09:34:56,363.66,363.42,1,363.05,120,364.27,160,364.27,363.05,363.05,120,362.64,200,362.24,80,362.04,80,362.03,120,361.45,120,,,,,,,,,364.27,160,364.29,160,364.3,520,364.84,80,364.85,200,364.86,80,364.93,80,365.16,40,365.17,280,365.18,240
2026-02-05 09:34:57,363.655,363.08,1,363.05,120,364.26,40,364.26,363.05,363.05,120,362.64,200,362.24,80,362.04,80,362.03,120,361.45,120,,,,,,,,,364.26,40,364.27,160,364.29,160,364.3,520,364.84,80,364.85,200,364.86,80,364.93,80,365.16,40,365.17,280
2026-02-05 09:34:58,363.65,363.08,1,363.05,120,364.25,40,364.25,363.05,363.05,120,362.64,200,362.24,80,362.04,80,362.03,120,361.45,120,,,,,,,,,364.25,40,364.26,40,364.27,160,364.29,160,364.3,520,364.84,80,364.85,200,364.86,80,364.93,80,365.16,40
2026-02-05 09:34:59,363.65,363.08,1,363.05,120,364.25,40,364.25,363.05,363.05,120,362.64,200,362.24,80,362.04,80,362.03,120,361.45,120,,,,,,,,,364.25,40,364.26,40,364.27,160,364.29,160,364.3,520,364.84,80,364.85,200,364.86,80,364.93,80,365.16,40
2026-02-05 09:35:00,363.8,363.08,1,363.35,40,364.25,80,364.25,363.35,363.35,40,363.05,120,362.64,200,362.24,80,362.04,80,362.03,120,361.45,120,,,,,,,364.25,80,364.26,40,364.27,160,364.29,160,364.3,520,364.84,80,364.85,200,364.86,80,364.93,80,365.16,40
2026-02-05 09:35:01,363.8,363.08,1,363.35,160,364.25,80,364.25,363.35,363.35,160,363.05,120,362.64,200,362.24,80,362.04,80,362.03,120,361.45,120,,,,,,,364.25,80,364.26,40,364.27,160,364.29,160,364.3,520,364.84,80,364.85,200,364.86,80,364.93,80,365.16,40
2026-02-05 09:35:02,363.8,363.79,1,363.35,160,364.25,200,364.25,363.35,363.35,160,363.05,120,362.64,200,362.24,80,362.04,80,362.03,120,361.45,120,,,,,,,364.25,200,364.26,40,364.27,160,364.29,160,364.3,520,364.84,80,364.85,200,364.86,80,364.93,80,365.16,40
2026-02-05 09:35:03,363.805,363.79,1,363.36,200,364.25,200,364.25,363.36,363.36,200,363.35,160,363.05,120,362.64,200,362.24,80,362.04,80,362.03,120,361.45,120,,,,,364.25,200,364.26,40,364.27,160,364.29,160,364.3,520,364.84,80,364.85,200,364.86,80,364.93,80,365.16,40
2026-02-05 09:35:04,363.805,363.79,1,363.36,200,364.25,200,364.25,363.36,363.36,200,363.35,160,363.05,120,362.64,200,362.24,80,362.04,80,362.03,120,361.45,120,,,,,364.25,200,364.26,40,364.27,160,364.29,160,364.3,520,364.84,80,364.85,200,364.86,80,364.93,80,365.16,40
2026-02-05 09:35:05,363.805,363.79,1,363.36,200,364.25,200,364.25,363.36,363.36,200,363.35,160,363.05,120,362.64,200,362.24,80,362.04,80,362.03,120,361.45,120,,,,,364.25,200,364.26,40,364.27,160,364.29,160,364.3,520,364.84,80,364.85,200,364.86,80,364.93,80,365.16,40
2026-02-05 09:35:06,363.805,363.79,1,363.36,200,364.25,200,364.25,363.36,363.36,200,363.35,160,363.05,120,362.64,200,362.24,80,362.04,80,362.03,120,361.45,120,,,,,364.25,200,364.26,40,364.27,160,364.29,160,364.3,520,364.84,80,364.85,200,364.86,80,364.93,80,365.16,40
2026-02-05 09:35:07,363.805,363.79,1,363.36,200,364.25,160,364.25,363.36,363.36,200,363.35,160,363.05,120,362.64,200,362.24,80,362.04,80,362.03,120,361.45,120,,,,,364.25,160,364.26,40,364.27,160,364.29,160,364.3,520,364.84,80,364.85,200,364.86,80,364.93,80,365.16,40
2026-02-05 09:35:08,363.8,363.79,1,363.36,200,364.24,120,364.24,363.36,363.36,200,363.35,160,363.05,120,362.64,200,362.24,80,362.04,80,362.03,120,361.45,120,,,,,364.24,120,364.25,160,364.26,40,364.27,160,364.29,160,364.3,520,364.84,80,364.85,200,364.86,80,364.93,80
2026-02-05 09:35:09,363.795,363.79,1,363.36,200,364.23,120,364.23,363.36,363.36,200,363.35,160,363.05,120,362.64,200,362.24,80,362.04,80,362.03,120,361.45,120,,,,,364.23,120,364.24,120,364.25,160,364.26,40,364.27,160,364.29,160,364.3,520,364.84,80,364.85,200,364.86,80
2026-02-05 09:35:10,363.8,363.79,1,363.36,200,364.24,120,364.24,363.36,363.36,200,363.35,160,363.05,120,362.64,200,362.24,80,362.04,80,362.03,120,361.45,120,,,,,364.24,120,364.25,160,364.26,40,364.27,160,364.29,160,364.3,520,364.84,80,364.85,200,364.86,80,364.93,80
2026-02-05 09:35:11,363.785,363.79,1,363.36,200,364.21,80,364.21,363.36,363.36,200,363.35,160,363.05,120,362.64,200,362.24,80,362.04,80,362.03,120,361.45,120,,,,,364.21,80,364.24,120,364.25,160,364.26,40,364.27,160,364.29,160,364.3,520,364.84,80,364.85,200,364.86,80
2026-02-05 09:35:12,363.785,363.79,1,363.36,200,364.21,80,364.21,363.36,363.36,200,363.35,160,363.05,120,362.64,200,362.24,80,362.04,80,362.03,120,361.45,120,,,,,364.21,80,364.24,120,364.25,160,364.26,40,364.27,160,364.29,160,364.3,520,364.84,80,364.85,200,364.86,80
2026-02-05 09:35:13,363.8,363.79,1,363.36,200,364.24,120,364.24,363.36,363.36,200,363.35,160,363.05,120,362.64,200,362.24,80,362.04,80,362.03,120,361.45,120,,,,,364.24,120,364.25,160,364.26,40,364.27,160,364.29,160,364.3,520,364.84,80,364.85,200,364.86,80,364.93,80
2026-02-05 09:35:14,363.78,363.79,1,363.36,280,364.2,80,364.2,363.36,363.36,280,363.35,160,363.05,120,362.64,200,362.24,80,362.04,80,362.03,120,361.45,120,,,,,364.2,80,364.24,120,364.25,160,364.26,40,364.27,160,364.29,160,364.3,520,364.84,80,364.85,200,364.86,80
2026-02-05 09:35:15,363.88,363.79,1,363.57,40,364.19,40,364.19,363.57,363.57,40,363.36,240,363.35,160,363.05,120,362.64,200,362.24,80,362.04,80,362.03,120,361.45,120,,,364.19,40,364.2,80,364.24,120,364.25,160,364.26,40,364.27,160,364.29,160,364.3,520,364.84,80,364.85,200
2026-02-05 09:35:16,363.88,363.79,1,363.57,280,364.19,40,364.19,363.57,363.57,280,363.36,240,363.35,160,363.05,120,362.64,200,362.24,80,362.04,80,362.03,120,361.45,120,,,364.19,40,364.2,80,364.24,120,364.25,160,364.26,40,364.27,160,364.29,160,364.3,520,364.84,80,364.85,200
2026-02-05 09:35:17,363.88,363.79,1,363.57,280,364.19,40,364.19,363.57,363.57,280,363.36,240,363.35,160,363.05,120,362.64,200,362.24,80,362.04,80,362.03,120,361.45,120,,,364.19,40,364.2,80,364.24,120,364.25,160,364.26,40,364.27,160,364.29,160,364.3,520,364.84,80,364.85,200
2026-02-05 09:35:18,363.88,363.79,1,363.57,320,364.19,40,364.19,363.57,363.57,320,363.36,240,363.35,160,363.05,120,362.64,200,362.24,80,362.04,80,362.03,120,361.45,120,,,364.19,40,364.2,80,364.24,120,364.25,160,364.26,40,364.27,160,364.29,160,364.3,520,364.84,80,364.85,200
2026-02-05 09:35:19,363.88,363.79,1,363.57,320,364.19,120,364.19,363.57,363.57,320,363.36,240,363.35,160,363.05,120,362.64,200,362.24,80,362.04,80,362.03,120,361.45,120,,,364.19,120,364.2,80,364.24,120,364.25,160,364.26,40,364.27,160,364.29,160,364.3,520,364.84,80,364.85,200
2026-02-05 09:35:20,363.88,363.79,1,363.57,320,364.19,120,364.19,363.57,363.57,320,363.36,240,363.35,160,363.05,120,362.64,200,362.24,80,362.04,80,362.03,120,361.45,120,,,364.19,120,364.2,80,364.24,120,364.25,160,364.26,40,364.27,160,364.29,160,364.3,520,364.84,80,364.85,200
2026-02-05 09:35:21,363.88,363.79,1,363.57,320,364.19,120,364.19,363.57,363.57,320,363.36,240,363.35,160,363.05,120,362.64,200,362.24,80,362.04,80,362.03,120,361.45,120,,,364.19,120,364.2,80,364.24,120,364.25,160,364.26,40,364.27,160,364.29,160,364.3,520,364.84,80,364.85,200
2026-02-05 09:35:22,363.88,363.79,1,363.57,360,364.19,120,364.19,363.57,363.57,360,363.36,240,363.35,160,363.05,120,362.64,200,362.24,80,362.04,80,362.03,120,361.45,120,,,364.19,120,364.2,80,364.24,120,364.25,160,364.26,40,364.27,160,364.29,160,364.3,520,364.84,80,364.85,200
2026-02-05 09:35:23,363.88,364.13,1,363.57,360,364.19,120,364.19,363.57,363.57,360,363.36,240,363.35,160,363.05,120,362.64,200,362.24,80,362.04,80,362.03,120,361.45,120,,,364.19,120,364.2,80,364.24,120,364.25,160,364.26,40,364.27,160,364.29,160,364.3,520,364.84,80,364.85,200
2026-02-05 09:35:24,363.88,364.13,1,363.57,320,364.19,120,364.19,363.57,363.57,320,363.36,240,363.35,160,363.05,120,362.64,200,362.24,80,362.04,80,362.03,120,361.45,120,,,364.19,120,364.2,80,364.24,120,364.25,160,364.26,40,364.27,160,364.29,160,364.3,520,364.84,80,364.85,200
2026-02-05 09:35:25,363.88,364.13,1,363.57,480,364.19,120,364.19,363.57,363.57,480,363.36,240,363.35,160,363.05,120,362.64,200,362.24,80,362.04,80,362.03,120,361.45,120,,,364.19,120,364.2,80,364.24,120,364.25,160,364.26,40,364.27,160,364.29,160,364.3,520,364.84,80,364.85,200
2026-02-05 09:35:26,363.88,364.13,1,363.57,480,364.19,120,364.19,363.57,363.57,480,363.36,240,363.35,160,363.05,120,362.64,200,362.24,80,362.04,80,362.03,120,361.45,120,,,364.19,120,364.2,80,364.24,120,364.25,160,364.26,40,364.27,160,364.29,160,364.3,520,364.84,80,364.85,200
2026-02-05 09:35:27,363.88,364.14,1,363.57,480,364.19,120,364.19,363.57,363.57,480,363.36,240,363.35,160,363.05,120,362.64,200,362.24,80,362.04,80,362.03,120,361.45,120,,,364.19,120,364.2,80,364.24,120,364.25,160,364.26,40,364.27,160,364.29,160,364.3,520,364.84,80,364.85,200
2026-02-05 09:35:28,363.805,364.14,1,363.57,480,364.04,160,364.04,363.57,363.57,480,363.36,240,363.35,160,363.05,120,362.64,200,362.24,80,362.04,80,362.03,120,361.45,120,,,364.04,160,364.19,120,364.2,80,364.24,120,364.25,160,364.26,40,364.27,160,364.29,160,364.3,520,364.84,80
2026-02-05 09:35:29,363.805,364.14,1,363.57,480,364.04,160,364.04,363.57,363.57,480,363.36,240,363.35,160,363.05,120,362.64,200,362.24,80,362.04,80,362.03,120,361.45,120,,,364.04,160,364.19,120,364.2,80,364.24,120,364.25,160,364.26,40,364.27,160,364.29,160,364.3,520,364.84,80
2026-02-05 09:35:30,363.7,364.14,1,363.36,280,364.04,160,364.04,363.36,363.36,280,363.35,160,363.05,120,362.64,200,362.24,80,362.04,80,362.03,120,361.45,120,,,,,364.04,160,364.19,120,364.2,80,364.24,120,364.25,160,364.26,40,364.27,160,364.29,160,364.3,520,364.84,80
2026-02-05 09:35:31,363.7,363.52,1,363.36,240,364.04,160,364.04,363.36,363.36,240,363.35,160,363.05,120,362.64,200,362.24,80,362.04,80,362.03,120,361.45,120,,,,,364.04,160,364.19,120,364.2,80,364.24,120,364.25,160,364.26,40,364.27,160,364.29,160,364.3,520,364.84,80
2026-02-05 09:35:32,363.695,363.52,1,363.36,240,364.03,80,364.03,363.36,363.36,240,363.35,160,363.05,120,362.64,200,362.24,80,362.04,80,362.03,120,361.45,120,,,,,364.03,80,364.04,160,364.19,120,364.2,80,364.24,120,364.25,160,364.26,40,364.27,160,364.29,160,364.3,520
2026-02-05 09:35:33,363.525,363.52,1,363.05,120,364.0,80,364.0,363.05,363.05,120,362.64,200,362.24,80,362.04,80,362.03,120,361.45,120,,,,,,,,,364.0,80,364.03,80,364.04,160,364.19,120,364.2,80,364.24,120,364.25,160,364.26,40,364.27,160,364.29,160
2026-02-05 09:35:34,363.53,363.52,1,363.06,80,364.0,80,364.0,363.06,363.06,80,363.05,120,362.64,200,362.24,80,362.04,80,362.03,120,361.45,120,,,,,,,364.0,80,364.03,80,364.04,160,364.19,120,364.2,80,364.24,120,364.25,160,364.26,40,364.27,160,364.29,160
2026-02-05 09:35:35,363.53,363.52,1,363.06,80,364.0,80,364.0,363.06,363.06,80,363.05,120,362.64,200,362.24,80,362.04,80,362.03,120,361.45,120,,,,,,,364.0,80,364.03,80,364.04,160,364.19,120,364.2,80,364.24,120,364.25,160,364.26,40,364.27,160,364.29,160
2026-02-05 09:35:36,363.545,363.52,1,363.06,80,364.03,200,364.03,363.06,363.06,80,363.05,120,362.64,200,362.24,80,362.04,80,362.03,120,361.45,120,,,,,,,364.03,200,364.04,160,364.19,120,364.2,80,364.24,120,364.25,160,364.26,40,364.27,160,364.29,160,364.3,520
2026-02-05 09:35:37,363.545,363.52,1,363.06,80,364.03,200,364.03,363.06,363.06,80,363.05,120,362.64,200,362.24,80,362.04,80,362.03,120,361.45,120,,,,,,,364.03,200,364.04,160,364.19,120,364.2,80,364.24,120,364.25,160,364.26,40,364.27,160,364.29,160,364.3,520
2026-02-05 09:35:38,363.515,363.52,1,363.06,80,363.97,80,363.97,363.06,363.06,80,363.05,120,362.64,200,362.24,80,362.04,80,362.03,120,361.45,120,,,,,,,363.97,80,363.98,120,364.03,200,364.04,160,364.19,120,364.2,80,364.24,120,364.25,160,364.26,40,364.27,160
2026-02-05 09:35:39,363.515,363.52,1,363.06,80,363.97,80,363.97,363.06,363.06,80,363.05,120,362.64,200,362.24,80,362.04,80,362.03,120,361.45,120,,,,,,,363.97,80,363.98,120,364.03,200,364.04,160,364.19,120,364.2,80,364.24,120,364.25,160,364.26,40,364.27,160
2026-02-05 09:35:40,363.515,363.52,1,363.06,80,363.97,80,363.97,363.06,363.06,80,363.05,120,362.64,200,362.24,80,362.04,80,362.03,120,361.45,120,,,,,,,363.97,80,363.98,120,364.03,200,364.04,160,364.19,120,364.2,80,364.24,120,364.25,160,364.26,40,364.27,160
2026-02-05 09:35:41,363.51,363.52,1,363.06,80,363.96,40,363.96,363.06,363.06,80,363.05,120,362.64,200,362.24,80,362.04,80,362.03,120,361.45,120,,,,,,,363.96,40,363.97,80,363.98,120,364.03,200,364.04,160,364.19,120,364.2,80,364.24,120,364.25,160,364.26,40
2026-02-05 09:35:42,363.51,363.52,1,363.06,80,363.96,40,363.96,363.06,363.06,80,363.05,120,362.64,200,362.24,80,362.04,80,362.03,120,361.45,120,,,,,,,363.96,40,363.97,80,363.98,120,364.03,200,364.04,160,364.19,120,364.2,80,364.24,120,364.25,160,364.26,40
2026-02-05 09:35:43,362.87,363.52,1,362.23,120,363.51,40,363.51,362.23,362.23,120,362.04,80,362.03,120,361.45,120,,,,,,,,,,,,,363.51,40,363.96,160,363.97,80,363.98,120,364.03,200,364.04,160,364.19,120,364.2,80,364.24,120,364.25,160
2026-02-05 09:35:44,363.16,363.52,1,362.82,120,363.5,160,363.5,362.82,362.82,120,362.46,80,362.23,120,362.04,80,362.03,120,361.45,120,,,,,,,,,363.5,160,363.51,40,363.96,160,363.97,80,363.98,120,364.03,200,364.04,160,364.19,120,364.2,80,364.24,120
2026-02-05 09:35:45,362.98,363.52,1,362.46,80,363.5,160,363.5,362.46,362.46,80,362.23,120,362.04,80,362.03,120,361.45,120,,,,,,,,,,,363.5,160,363.51,40,363.96,160,363.97,80,363.98,120,364.03,200,364.04,160,364.19,120,364.2,80,364.24,120
2026-02-05 09:35:46,363.1,363.52,1,362.72,120,363.48,40,363.48,362.72,362.72,120,362.46,80,362.23,120,362.04,80,362.03,120,361.45,120,,,,,,,,,363.48,40,363.5,160,363.51,40,363.96,160,363.97,80,363.98,120,364.03,200,364.04,160,364.19,120,364.2,80
2026-02-05 09:35:47,363.105,363.52,1,362.73,240,363.48,40,363.48,362.73,362.73,240,362.72,120,362.46,80,362.23,120,362.04,80,362.03,120,361.45,120,,,,,,,363.48,40,363.5,160,363.51,40,363.96,160,363.97,80,363.98,120,364.03,200,364.04,160,364.19,120,364.2,80
2026-02-05 09:35:49,363.105,363.52,1,362.73,240,363.48,40,363.48,362.73,362.73,240,362.72,120,362.46,80,362.23,120,362.04,80,362.03,120,361.45,120,,,,,,,363.48,40,363.5,160,363.51,40,363.96,160,363.97,80,363.98,120,364.03,200,364.04,160,364.19,120,364.2,80
2026-02-05 09:35:49,363.115,363.52,1,362.73,240,363.5,160,363.5,362.73,362.73,240,362.72,120,362.46,80,362.23,120,362.04,80,362.03,120,361.45,120,,,,,,,363.5,160,363.51,40,363.96,160,363.97,80,363.98,120,364.03,200,364.04,160,364.19,120,364.2,80,364.24,120
2026-02-05 09:35:50,363.1,363.52,1,362.73,240,363.47,80,363.47,362.73,362.73,240,362.72,120,362.46,80,362.23,120,362.04,80,362.03,120,361.45,120,,,,,,,363.47,80,363.5,240,363.51,40,363.96,160,363.97,80,363.98,120,364.03,200,364.04,160,364.19,120,364.2,80
2026-02-05 09:35:51,363.095,363.52,1,362.73,240,363.46,40,363.46,362.73,362.73,240,362.72,120,362.46,80,362.23,120,362.04,80,362.03,120,361.45,120,,,,,,,363.46,40,363.47,80,363.5,240,363.51,40,363.96,160,363.97,80,363.98,120,364.03,200,364.04,160,364.19,120
2026-02-05 09:35:52,363.095,363.1,1,362.73,240,363.46,40,363.46,362.73,362.73,240,362.72,120,362.46,80,362.23,120,362.04,80,362.03,120,361.45,120,,,,,,,363.46,40,363.47,80,363.5,240,363.51,40,363.96,160,363.97,80,363.98,120,364.03,200,364.04,160,364.19,120
2026-02-05 09:35:53,363.095,363.1,1,362.73,240,363.46,40,363.46,362.73,362.73,240,362.72,120,362.46,80,362.23,120,362.04,80,362.03,120,361.45,120,,,,,,,363.46,40,363.47,80,363.5,240,363.51,40,363.96,160,363.97,80,363.98,120,364.03,200,364.04,160,364.19,120
2026-02-05 09:35:54,363.095,363.1,1,362.73,240,363.46,40,363.46,362.73,362.73,240,362.72,120,362.46,80,362.23,120,362.04,80,362.03,120,361.45,120,,,,,,,363.46,40,363.47,80,363.5,240,363.51,40,363.96,160,363.97,80,363.98,120,364.03,200,364.04,160,364.19,120
2026-02-05 09:35:56,363.095,363.1,1,362.73,240,363.46,40,363.46,362.73,362.73,240,362.72,120,362.46,80,362.23,120,362.04,80,362.03,120,361.45,120,,,,,,,363.46,40,363.47,80,363.5,240,363.51,40,363.96,160,363.97,80,363.98,120,364.03,200,364.04,160,364.19,120
2026-02-05 09:35:57,363.09,363.1,1,362.73,240,363.45,80,363.45,362.73,362.73,240,362.72,120,362.46,80,362.23,120,362.04,80,362.03,120,361.45,120,,,,,,,363.45,80,363.47,80,363.5,240,363.51,40,363.96,160,363.97,80,363.98,120,364.03,200,364.04,160,364.19,120
2026-02-05 09:35:57,363.09,363.1,1,362.73,240,363.45,80,363.45,362.73,362.73,240,362.72,120,362.46,80,362.23,120,362.04,80,362.03,120,361.45,120,,,,,,,363.45,80,363.47,80,363.5,240,363.51,40,363.96,160,363.97,80,363.98,120,364.03,200,364.04,160,364.19,120
2026-02-05 09:35:58,363.085,363.1,1,362.73,240,363.44,40,363.44,362.73,362.73,240,362.72,120,362.46,80,362.23,120,362.04,80,362.03,120,361.45,120,,,,,,,363.44,40,363.45,80,363.47,80,363.5,240,363.51,40,363.96,160,363.97,80,363.98,120,364.03,200,364.04,160
2026-02-05 09:35:59,363.085,363.1,1,362.73,240,363.44,40,363.44,362.73,362.73,240,362.72,120,362.46,80,362.23,120,362.04,80,362.03,120,361.45,120,,,,,,,363.44,40,363.45,80,363.47,80,363.5,240,363.51,40,363.96,160,363.97,80,363.98,120,364.03,200,364.04,160
2026-02-05 09:36:01,363.085,363.1,1,362.73,240,363.44,40,363.44,362.73,362.73,240,362.72,120,362.46,80,362.23,120,362.04,80,362.03,120,361.45,120,,,,,,,363.44,40,363.45,80,363.47,80,363.5,240,363.51,40,363.96,160,363.97,80,363.98,120,364.03,200,364.04,160
2026-02-05 09:36:02,363.13,363.1,1,362.82,160,363.44,40,363.44,362.82,362.82,160,362.73,240,362.72,120,362.46,80,362.23,120,362.04,80,362.03,120,361.45,120,,,,,363.44,40,363.45,80,363.47,80,363.5,240,363.51,40,363.96,160,363.97,80,363.98,120,364.03,200,364.04,160
2026-02-05 09:36:03,363.13,363.1,1,362.82,240,363.44,120,363.44,362.82,362.82,240,362.73,240,362.72,120,362.46,80,362.23,120,362.04,80,362.03,120,361.45,120,,,,,363.44,120,363.45,80,363.47,80,363.5,240,363.51,40,363.96,160,363.97,80,363.98,120,364.03,200,364.04,160
2026-02-05 09:36:04,363.13,363.1,1,362.82,240,363.44,120,363.44,362.82,362.82,240,362.73,240,362.72,120,362.46,80,362.23,120,362.04,80,362.03,120,361.45,120,,,,,363.44,120,363.45,80,363.47,80,363.5,240,363.51,40,363.96,160,363.97,80,363.98,120,364.03,200,364.04,160
2026-02-05 09:36:05,363.135,363.1,1,362.83,680,363.44,120,363.44,362.83,362.83,680,362.82,240,362.73,240,362.72,120,362.46,80,362.23,120,362.04,80,362.03,120,361.45,120,,,363.44,120,363.45,80,363.47,80,363.5,240,363.51,40,363.96,160,363.97,80,363.98,120,364.03,200,364.04,160
2026-02-05 09:36:06,363.135,363.1,1,362.83,680,363.44,120,363.44,362.83,362.83,680,362.82,240,362.73,240,362.72,120,362.46,80,362.23,120,362.04,80,362.03,120,361.45,120,,,363.44,120,363.45,80,363.47,80,363.5,240,363.51,40,363.96,160,363.97,80,363.98,120,364.03,200,364.04,160
2026-02-05 09:36:06,363.135,363.1,1,362.83,680,363.44,120,363.44,362.83,362.83,680,362.82,240,362.73,240,362.72,120,362.46,80,362.23,120,362.04,80,362.03,120,361.45,120,,,363.44,120,363.45,80,363.47,80,363.5,240,363.51,40,363.96,160,363.97,80,363.98,120,364.03,200,364.04,160
2026-02-05 09:36:07,363.135,363.1,1,362.83,760,363.44,120,363.44,362.83,362.83,760,362.82,240,362.73,240,362.72,120,362.46,80,362.23,120,362.04,80,362.03,120,361.45,120,,,363.44,120,363.45,80,363.47,80,363.5,240,363.51,40,363.96,160,363.97,80,363.98,120,364.03,200,364.04,160
2026-02-05 09:36:09,363.135,363.1,1,362.83,800,363.44,120,363.44,362.83,362.83,800,362.82,240,362.73,240,362.72,120,362.46,80,362.23,120,362.04,80,362.03,120,361.45,120,,,363.44,120,363.45,80,363.47,80,363.5,240,363.51,40,363.96,160,363.97,80,363.98,120,364.03,200,364.04,160
2026-02-05 09:36:09,363.135,363.1,1,362.83,800,363.44,120,363.44,362.83,362.83,800,362.82,240,362.73,240,362.72,120,362.46,80,362.23,120,362.04,80,362.03,120,361.45,120,,,363.44,120,363.45,80,363.47,80,363.5,240,363.51,40,363.96,160,363.97,80,363.98,120,364.03,200,364.04,160
2026-02-05 09:36:11,363.135,363.1,1,362.83,800,363.44,120,363.44,362.83,362.83,800,362.82,240,362.73,240,362.72,120,362.46,80,362.23,120,362.04,80,362.03,120,361.45,120,,,363.44,120,363.45,80,363.47,80,363.5,240,363.51,40,363.96,160,363.97,80,363.98,120,364.03,200,364.04,160
2026-02-05 09:36:12,363.135,363.1,1,362.83,800,363.44,120,363.44,362.83,362.83,800,362.82,240,362.73,240,362.72,120,362.46,80,362.23,120,362.04,80,362.03,120,361.45,120,,,363.44,120,363.45,80,363.47,80,363.5,240,363.51,40,363.96,160,363.97,80,363.98,120,364.03,200,364.04,160
2026-02-05 09:36:13,363.405,363.41,1,363.13,200,363.68,40,363.68,363.13,363.13,200,362.83,840,362.82,240,362.73,240,362.72,120,362.46,80,362.23,120,362.04,80,362.03,120,361.45,120,363.68,40,363.69,40,363.96,160,363.97,80,363.98,120,364.03,200,364.04,160,364.19,120,364.2,80,364.24,120
2026-02-05 09:36:13,363.405,363.41,1,363.13,200,363.68,40,363.68,363.13,363.13,200,362.83,840,362.82,240,362.73,240,362.72,120,362.46,80,362.23,120,362.04,80,362.03,120,361.45,120,363.68,40,363.69,40,363.96,160,363.97,80,363.98,120,364.03,200,364.04,160,364.19,120,364.2,80,364.24,120
2026-02-05 09:36:15,363.405,363.41,1,363.13,200,363.68,40,363.68,363.13,363.13,200,362.83,840,362.82,240,362.73,240,362.72,120,362.46,80,362.23,120,362.04,80,362.03,120,361.45,120,363.68,40,363.69,40,363.96,160,363.97,80,363.98,120,364.03,200,364.04,160,364.19,120,364.2,80,364.24,120
2026-02-05 09:36:16,363.405,363.41,1,363.13,400,363.68,80,363.68,363.13,363.13,400,362.83,840,362.82,240,362.73,240,362.72,120,362.46,80,362.23,120,362.04,80,362.03,120,361.45,120,363.68,80,363.69,40,363.96,160,363.97,80,363.98,120,364.03,200,364.04,160,364.19,120,364.2,80,364.24,120
2026-02-05 09:36:17,363.405,363.41,1,363.13,400,363.68,80,363.68,363.13,363.13,400,362.83,840,362.82,240,362.73,240,362.72,120,362.46,80,362.23,120,362.04,80,362.03,120,361.45,120,363.68,80,363.69,40,363.96,160,363.97,80,363.98,120,364.03,200,364.04,160,364.19,120,364.2,80,364.24,120
2026-02-05 09:36:18,363.405,363.41,1,363.13,400,363.68,200,363.68,363.13,363.13,400,362.83,840,362.82,240,362.73,240,362.72,120,362.46,80,362.23,120,362.04,80,362.03,120,361.45,120,363.68,200,363.69,40,363.96,160,363.97,80,363.98,120,364.03,200,364.04,160,364.19,120,364.2,80,364.24,120
2026-02-05 09:36:19,363.405,363.41,1,363.13,400,363.68,200,363.68,363.13,363.13,400,362.83,840,362.82,240,362.73,240,362.72,120,362.46,80,362.23,120,362.04,80,362.03,120,361.45,120,363.68,200,363.69,40,363.96,160,363.97,80,363.98,120,364.03,200,364.04,160,364.19,120,364.2,80,364.24,120
2026-02-05 09:36:20,363.405,363.41,1,363.13,360,363.68,200,363.68,363.13,363.13,360,362.83,840,362.82,240,362.73,240,362.72,120,362.46,80,362.23,120,362.04,80,362.03,120,361.45,120,363.68,200,363.69,40,363.96,160,363.97,80,363.98,120,364.03,200,364.04,160,364.19,120,364.2,80,364.24,120
2026-02-05 09:36:21,363.405,363.41,1,363.13,360,363.68,200,363.68,363.13,363.13,360,362.83,840,362.82,240,362.73,240,362.72,120,362.46,80,362.23,120,362.04,80,362.03,120,361.45,120,363.68,200,363.69,40,363.96,160,363.97,80,363.98,120,364.03,200,364.04,160,364.19,120,364.2,80,364.24,120
2026-02-05 09:36:22,363.405,363.41,1,363.13,360,363.68,200,363.68,363.13,363.13,360,362.83,840,362.82,240,362.73,240,362.72,120,362.46,80,362.23,120,362.04,80,362.03,120,361.45,120,363.68,200,363.69,40,363.96,160,363.97,80,363.98,120,364.03,200,364.04,160,364.19,120,364.2,80,364.24,120
2026-02-05 09:36:23,363.405,363.41,1,363.13,360,363.68,200,363.68,363.13,363.13,360,362.83,840,362.82,240,362.73,240,362.72,120,362.46,80,362.23,120,362.04,80,362.03,120,361.45,120,363.68,200,363.69,40,363.96,160,363.97,80,363.98,120,364.03,200,364.04,160,364.19,120,364.2,80,364.24,120
2026-02-05 09:36:24,363.405,363.41,1,363.13,360,363.68,200,363.68,363.13,363.13,360,362.83,840,362.82,240,362.73,240,362.72,120,362.46,80,362.23,120,362.04,80,362.03,120,361.45,120,363.68,200,363.69,40,363.96,160,363.97,80,363.98,120,364.03,200,364.04,160,364.19,120,364.2,80,364.24,120
2026-02-05 09:36:25,363.405,363.41,1,363.13,360,363.68,200,363.68,363.13,363.13,360,362.83,840,362.82,240,362.73,240,362.72,120,362.46,80,362.23,120,362.04,80,362.03,120,361.45,120,363.68,200,363.69,40,363.96,160,363.97,80,363.98,120,364.03,200,364.04,160,364.19,120,364.2,80,364.24,120
2026-02-05 09:36:26,363.405,363.41,1,363.13,360,363.68,200,363.68,363.13,363.13,360,362.83,840,362.82,240,362.73,240,362.72,120,362.46,80,362.23,120,362.04,80,362.03,120,361.45,120,363.68,200,363.69,40,363.96,160,363.97,80,363.98,120,364.03,200,364.04,160,364.19,120,364.2,80,364.24,120
2026-02-05 09:36:27,363.405,363.41,1,363.13,360,363.68,200,363.68,363.13,363.13,360,362.83,840,362.82,240,362.73,240,362.72,120,362.46,80,362.23,120,362.04,80,362.03,120,361.45,120,363.68,200,363.69,40,363.96,160,363.97,80,363.98,120,364.03,200,364.04,160,364.19,120,364.2,80,364.24,120
2026-02-05 09:36:28,363.405,363.41,1,363.13,360,363.68,200,363.68,363.13,363.13,360,362.83,840,362.82,240,362.73,240,362.72,120,362.46,80,362.23,120,362.04,80,362.03,120,361.45,120,363.68,200,363.69,40,363.96,160,363.97,80,363.98,120,364.03,200,364.04,160,364.19,120,364.2,80,364.24,120
2026-02-05 09:36:29,363.405,363.41,1,363.13,360,363.68,200,363.68,363.13,363.13,360,362.83,840,362.82,240,362.73,240,362.72,120,362.46,80,362.23,120,362.04,80,362.03,120,361.45,120,363.68,200,363.69,40,363.96,160,363.97,80,363.98,120,364.03,200,364.04,160,364.19,120,364.2,80,364.24,120
2026-02-05 09:36:30,363.405,363.41,1,363.13,360,363.68,200,363.68,363.13,363.13,360,362.83,840,362.82,240,362.73,240,362.72,120,362.46,80,362.23,120,362.04,80,362.03,120,361.45,120,363.68,200,363.69,40,363.96,160,363.97,80,363.98,120,364.03,200,364.04,160,364.19,120,364.2,80,364.24,120
2026-02-05 09:36:31,363.405,363.41,1,363.13,360,363.68,200,363.68,363.13,363.13,360,362.83,840,362.82,240,362.73,240,362.72,120,362.46,80,362.23,120,362.04,80,362.03,120,361.45,120,363.68,200,363.69,40,363.96,160,363.97,80,363.98,120,364.03,200,364.04,160,364.19,120,364.2,80,364.24,120
2026-02-05 09:36:32,363.405,363.41,1,363.13,360,363.68,200,363.68,363.13,363.13,360,362.83,840,362.82,240,362.73,240,362.72,120,362.46,80,362.23,120,362.04,80,362.03,120,361.45,120,363.68,200,363.69,40,363.96,160,363.97,80,363.98,120,364.03,200,364.04,160,364.19,120,364.2,80,364.24,120
2026-02-05 09:36:33,363.405,363.41,1,363.13,360,363.68,200,363.68,363.13,363.13,360,362.83,840,362.82,240,362.73,240,362.72,120,362.46,80,362.23,120,362.04,80,362.03,120,361.45,120,363.68,200,363.69,40,363.96,160,363.97,80,363.98,120,364.03,200,364.04,160,364.19,120,364.2,80,364.24,120
2026-02-05 09:36:34,363.405,363.41,1,363.13,360,363.68,200,363.68,363.13,363.13,360,362.83,840,362.82,240,362.73,240,362.72,120,362.46,80,362.23,120,362.04,80,362.03,120,361.45,120,363.68,200,363.69,40,363.96,160,363.97,80,363.98,120,364.03,200,364.04,160,364.19,120,364.2,80,364.24,120
2026-02-05 09:36:35,363.405,363.41,1,363.13,400,363.68,200,363.68,363.13,363.13,400,362.83,840,362.82,240,362.73,240,362.72,120,362.46,80,362.23,120,362.04,80,362.03,120,361.45,120,363.68,200,363.69,40,363.96,160,363.97,80,363.98,120,364.03,200,364.04,160,364.19,120,364.2,80,364.24,120
2026-02-05 09:36:36,363.405,363.41,1,363.13,400,363.68,200,363.68,363.13,363.13,400,362.83,840,362.82,240,362.73,240,362.72,120,362.46,80,362.23,120,362.04,80,362.03,120,361.45,120,363.68,200,363.69,40,363.96,160,363.97,80,363.98,120,364.03,200,364.04,160,364.19,120,364.2,80,364.24,120
2026-02-05 09:36:37,363.405,363.41,1,363.13,240,363.68,200,363.68,363.13,363.13,240,362.83,840,362.82,240,362.73,240,362.72,120,362.46,80,362.23,120,362.04,80,362.03,120,361.45,120,363.68,200,363.69,40,363.96,160,363.97,80,363.98,120,364.03,200,364.04,160,364.19,120,364.2,80,364.24,120
2026-02-05 09:36:38,363.405,363.41,1,363.13,240,363.68,200,363.68,363.13,363.13,240,362.83,840,362.82,240,362.73,240,362.72,120,362.46,80,362.23,120,362.04,80,362.03,120,361.45,120,363.68,200,363.69,40,363.96,160,363.97,80,363.98,120,364.03,200,364.04,160,364.19,120,364.2,80,364.24,120
2026-02-05 09:36:39,363.405,363.41,1,363.13,240,363.68,200,363.68,363.13,363.13,240,362.83,840,362.82,240,362.73,240,362.72,120,362.46,80,362.23,120,362.04,80,362.03,120,361.45,120,363.68,200,363.69,40,363.96,160,363.97,80,363.98,120,364.03,200,364.04,160,364.19,120,364.2,80,364.24,120
2026-02-05 09:36:40,363.405,363.41,1,363.13,240,363.68,200,363.68,363.13,363.13,240,362.83,840,362.82,240,362.73,240,362.72,120,362.46,80,362.23,120,362.04,80,362.03,120,361.45,120,363.68,200,363.69,40,363.96,160,363.97,80,363.98,120,364.03,200,364.04,160,364.19,120,364.2,80,364.24,120
2026-02-05 09:36:41,363.405,363.41,1,363.13,240,363.68,200,363.68,363.13,363.13,240,362.83,840,362.82,240,362.73,240,362.72,120,362.46,80,362.23,120,362.04,80,362.03,120,361.45,120,363.68,200,363.69,40,363.96,160,363.97,80,363.98,120,364.03,200,364.04,160,364.19,120,364.2,80,364.24,120
2026-02-05 09:36:42,363.405,363.41,1,363.13,240,363.68,200,363.68,363.13,363.13,240,362.83,840,362.82,240,362.73,240,362.72,120,362.46,80,362.23,120,362.04,80,362.03,120,361.45,120,363.68,200,363.69,40,363.96,160,363.97,80,363.98,120,364.03,200,364.04,160,364.19,120,364.2,80,364.24,120
2026-02-05 09:36:43,363.405,363.41,1,363.13,240,363.68,200,363.68,363.13,363.13,240,362.83,840,362.82,240,362.73,240,362.72,120,362.46,80,362.23,120,362.04,80,362.03,120,361.45,120,363.68,200,363.69,40,363.96,160,363.97,80,363.98,120,364.03,200,364.04,160,364.19,120,364.2,80,364.24,120
2026-02-05 09:36:44,363.405,363.41,1,363.13,240,363.68,200,363.68,363.13,363.13,240,362.83,840,362.82,240,362.73,240,362.72,120,362.46,80,362.23,120,362.04,80,362.03,120,361.45,120,363.68,200,363.69,40,363.96,160,363.97,80,363.98,120,364.03,200,364.04,160,364.19,120,364.2,80,364.24,120
2026-02-05 09:36:45,363.405,363.41,1,363.13,240,363.68,200,363.68,363.13,363.13,240,362.83,840,362.82,240,362.73,240,362.72,120,362.46,80,362.23,120,362.04,80,362.03,120,361.45,120,363.68,200,363.69,40,363.96,160,363.97,80,363.98,120,364.03,200,364.04,160,364.19,120,364.2,80,364.24,120
2026-02-05 09:36:46,363.405,363.41,1,363.13,240,363.68,200,363.68,363.13,363.13,240,362.83,840,362.82,240,362.73,240,362.72,120,362.46,80,362.23,120,362.04,80,362.03,120,361.45,120,363.68,200,363.69,40,363.96,160,363.97,80,363.98,120,364.03,200,364.04,160,364.19,120,364.2,80,364.24,120
2026-02-05 09:36:47,363.405,363.41,1,363.13,240,363.68,200,363.68,363.13,363.13,240,362.83,840,362.82,240,362.73,240,362.72,120,362.46,80,362.23,120,362.04,80,362.03,120,361.45,120,363.68,200,363.69,40,363.96,160,363.97,80,363.98,120,364.03,200,364.04,160,364.19,120,364.2,80,364.24,120
2026-02-05 09:36:48,363.405,363.41,1,363.13,240,363.68,200,363.68,363.13,363.13,240,362.83,840,362.82,240,362.73,240,362.72,120,362.46,80,362.23,120,362.04,80,362.03,120,361.45,120,363.68,200,363.69,40,363.96,160,363.97,80,363.98,120,364.03,200,364.04,160,364.19,120,364.2,80,364.24,120
2026-02-05 09:36:49,363.405,363.41,1,363.13,240,363.68,200,363.68,363.13,363.13,240,362.83,840,362.82,240,362.73,240,362.72,120,362.46,80,362.23,120,362.04,80,362.03,120,361.45,120,363.68,200,363.69,40,363.96,160,363.97,80,363.98,120,364.03,200,364.04,160,364.19,120,364.2,80,364.24,120
2026-02-05 09:36:50,363.105,363.41,1,362.8,40,363.41,200,363.41,362.8,362.8,40,362.73,240,362.72,120,362.46,80,362.23,120,362.04,80,362.03,120,361.45,120,,,,,363.41,200,363.68,200,363.69,40,363.96,160,363.97,80,363.98,120,364.03,200,364.04,160,364.19,120,364.2,80
2026-02-05 09:36:51,363.105,363.41,1,362.8,160,363.41,200,363.41,362.8,362.8,160,362.73,240,362.72,120,362.46,80,362.23,120,362.04,80,362.03,120,361.45,120,,,,,363.41,200,363.68,200,363.69,40,363.96,160,363.97,80,363.98,120,364.03,200,364.04,160,364.19,120,364.2,80
2026-02-05 09:36:52,363.105,363.41,1,362.8,160,363.41,200,363.41,362.8,362.8,160,362.73,240,362.72,120,362.46,80,362.23,120,362.04,80,362.03,120,361.45,120,,,,,363.41,200,363.68,200,363.69,40,363.96,160,363.97,80,363.98,120,364.03,200,364.04,160,364.19,120,364.2,80
2026-02-05 09:36:53,363.1,363.41,1,362.8,160,363.4,80,363.4,362.8,362.8,160,362.73,240,362.72,120,362.46,80,362.23,120,362.04,80,362.03,120,361.45,120,,,,,363.4,80,363.41,200,363.68,200,363.69,40,363.96,160,363.97,80,363.98,120,364.03,200,364.04,160,364.19,120
2026-02-05 09:36:54,363.1,363.41,1,362.8,160,363.4,80,363.4,362.8,362.8,160,362.73,240,362.72,120,362.46,80,362.23,120,362.04,80,362.03,120,361.45,120,,,,,363.4,80,363.41,200,363.68,200,363.69,40,363.96,160,363.97,80,363.98,120,364.03,200,364.04,160,364.19,120
2026-02-05 09:36:55,363.1,363.41,1,362.8,160,363.4,80,363.4,362.8,362.8,160,362.73,240,362.72,120,362.46,80,362.23,120,362.04,80,362.03,120,361.45,120,,,,,363.4,80,363.41,200,363.68,200,363.69,40,363.96,160,363.97,80,363.98,120,364.03,200,364.04,160,364.19,120
2026-02-05 09:36:56,363.1,363.41,1,362.8,160,363.4,160,363.4,362.8,362.8,160,362.73,240,362.72,120,362.46,80,362.23,120,362.04,80,362.03,120,361.45,120,,,,,363.4,160,363.41,200,363.68,200,363.69,40,363.96,160,363.97,80,363.98,120,364.03,200,364.04,160,364.19,120
2026-02-05 09:36:57,363.1,363.41,1,362.8,160,363.4,160,363.4,362.8,362.8,160,362.73,240,362.72,120,362.46,80,362.23,120,362.04,80,362.03,120,361.45,120,,,,,363.4,160,363.41,200,363.68,200,363.69,40,363.96,160,363.97,80,363.98,120,364.03,200,364.04,160,364.19,120
2026-02-05 09:36:58,363.1,363.41,1,362.8,160,363.4,160,363.4,362.8,362.8,160,362.73,240,362.72,120,362.46,80,362.23,120,362.04,80,362.03,120,361.45,120,,,,,363.4,160,363.41,200,363.68,200,363.69,40,363.96,160,363.97,80,363.98,120,364.03,200,364.04,160,364.19,120
2026-02-05 09:36:59,363.04,363.41,1,362.71,40,363.37,80,363.37,362.71,362.71,40,362.44,120,362.23,120,362.04,80,362.03,120,361.45,120,,,,,,,,,363.37,80,363.38,80,363.39,160,363.4,160,363.41,200,363.68,200,363.69,40,363.96,160,363.97,80,363.98,120
2026-02-05 09:37:00,363.015,363.41,1,362.71,80,363.32,40,363.32,362.71,362.71,80,362.44,120,362.23,120,362.04,80,362.03,120,361.45,120,,,,,,,,,363.32,40,363.34,40,363.36,40,363.37,80,363.38,80,363.39,160,363.4,160,363.41,200,363.68,200,363.69,40
2026-02-05 09:37:01,363.03,363.41,1,362.72,160,363.34,40,363.34,362.72,362.72,160,362.71,80,362.44,120,362.23,120,362.04,80,362.03,120,361.45,120,,,,,,,363.34,40,363.36,40,363.37,80,363.38,80,363.39,160,363.4,160,363.41,200,363.68,200,363.69,40,363.96,160
2026-02-05 09:37:02,363.03,363.41,1,362.72,160,363.34,160,363.34,362.72,362.72,160,362.71,80,362.44,120,362.23,120,362.04,80,362.03,120,361.45,120,,,,,,,363.34,160,363.36,40,363.37,80,363.38,80,363.39,160,363.4,160,363.41,200,363.68,200,363.69,40,363.96,160
