sim_time,mid_price,last_price,last_size,best_bid_price,best_bid_size,best_ask_price,best_ask_size,close_price_buy,close_price_sell,bid1_price,bid1_size,bid2_price,bid2_size,bid3_price,bid3_size,bid4_price,bid4_size,bid5_price,bid5_size,bid6_price,bid6_size,bid7_price,bid7_size,bid8_price,bid8_size,bid9_price,bid9_size,bid10_price,bid10_size,ask1_price,ask1_size,ask2_price,ask2_size,ask3_price,ask3_size,ask4_price,ask4_size,ask5_price,ask5_size,ask6_price,ask6_size,ask7_price,ask7_size,ask8_price,ask8_size,ask9_price,ask9_size,ask10_price,ask10_size
2020-10-29 09:30:27,120.875,0.0,0,120.72,3,121.03,4,121.03,120.72,120.72,3,120.71,2,120.7,1,120.69,2,120.68,15,120.52,1,120.4,9,120.35,4,,,,,121.03,4,121.04,4,121.35,2,,,,,,,,,,,,,,
2020-10-29 09:30:28,120.42,120.67,1,120.22,11,120.62,1,120.62,120.22,120.22,11,,,,,,,,,,,,,,,,,,,120.62,1,120.67,2,120.71,3,120.87,2,120.96,5,120.97,1,121.03,5,121.04,4,121.35,2,,
2020-10-29 09:30:29,120.705,120.67,1,120.38,3,121.03,6,121.03,120.38,120.38,3,120.37,1,120.22,11,,,,,,,,,,,,,,,121.03,6,121.04,4,121.35,2,,,,,,,,,,,,,,
2020-10-29 09:30:30,120.705,120.67,1,120.38,3,121.03,6,121.03,120.38,120.38,3,120.37,1,120.22,11,,,,,,,,,,,,,,,121.03,6,121.04,4,121.35,2,,,,,,,,,,,,,,
2020-10-29 09:30:31,120.71,120.67,1,120.39,4,121.03,6,121.03,120.39,120.39,4,120.38,3,120.37,1,120.22,11,,,,,,,,,,,,,121.03,6,121.04,4,121.35,2,,,,,,,,,,,,,,
2020-10-29 09:30:32,120.71,120.67,1,120.39,4,121.03,6,121.03,120.39,120.39,4,120.38,3,120.37,1,120.22,11,,,,,,,,,,,,,121.03,6,121.04,4,121.35,2,,,,,,,,,,,,,,
2020-10-29 09:30:34,120.71,120.67,1,120.39,4,121.03,6,121.03,120.39,120.39,4,120.38,3,120.37,1,120.22,11,,,,,,,,,,,,,121.03,6,121.04,4,121.35,2,,,,,,,,,,,,,,
2020-10-29 09:30:34,120.705,120.67,1,120.39,4,121.02,3,121.02,120.39,120.39,4,120.38,3,120.37,1,120.22,11,,,,,,,,,,,,,121.02,3,121.03,6,121.04,4,121.35,2,,,,,,,,,,,,
2020-10-29 09:30:35,120.705,120.67,1,120.39,4,121.02,6,121.02,120.39,120.39,4,120.38,3,120.37,1,120.22,11,,,,,,,,,,,,,121.02,6,121.03,6,121.04,4,121.35,2,,,,,,,,,,,,
2020-10-29 09:30:36,120.705,120.67,1,120.39,4,121.02,6,121.02,120.39,120.39,4,120.38,3,120.37,1,120.22,11,,,,,,,,,,,,,121.02,6,121.03,6,121.04,4,121.35,2,,,,,,,,,,,,
2020-10-29 09:30:37,120.705,120.67,1,120.39,4,121.02,7,121.02,120.39,120.39,4,120.38,3,120.37,1,120.22,11,,,,,,,,,,,,,121.02,7,121.03,6,121.04,4,121.35,2,,,,,,,,,,,,
2020-10-29 09:30:38,120.705,120.67,1,120.39,4,121.02,7,121.02,120.39,120.39,4,120.38,3,120.37,1,120.22,11,,,,,,,,,,,,,121.02,7,121.03,6,121.04,4,121.35,2,,,,,,,,,,,,
2020-10-29 09:30:39,120.705,120.67,1,120.4,2,121.01,1,121.01,120.4,120.4,2,120.39,5,120.38,3,120.37,1,120.22,11,,,,,,,,,,,121.01,1,121.02,11,121.03,6,121.04,4,121.35,2,,,,,,,,,,
2020-10-29 09:30:40,120.71,120.67,1,120.41,1,121.01,2,121.01,120.41,120.41,1,120.4,2,120.39,5,120.38,3,120.37,1,120.22,11,,,,,,,,,121.01,2,121.02,11,121.03,6,121.04,4,121.35,2,,,,,,,,,,
2020-10-29 09:30:41,120.71,120.67,1,120.41,1,121.01,2,121.01,120.41,120.41,1,120.4,2,120.39,5,120.38,3,120.37,1,120.22,11,,,,,,,,,121.01,2,121.02,11,121.03,6,121.04,4,121.35,2,,,,,,,,,,
2020-10-29 09:30:42,120.74,120.67,1,120.47,1,121.01,3,121.01,120.47,120.47,1,120.46,1,120.45,1,120.44,1,120.43,1,120.41,1,120.4,2,120.39,5,120.38,3,120.37,1,121.01,3,121.02,11,121.03,6,121.04,4,121.35,2,,,,,,,,,,
2020-10-29 09:30:43,120.74,120.67,1,120.47,1,121.01,3,121.01,120.47,120.47,1,120.46,1,120.45,1,120.44,1,120.43,1,120.41,1,120.4,2,120.39,5,120.38,3,120.37,1,121.01,3,121.02,11,121.03,6,121.04,4,121.35,2,,,,,,,,,,
2020-10-29 09:30:44,120.74,120.67,1,120.47,1,121.01,3,121.01,120.47,120.47,1,120.46,1,120.45,1,120.44,1,120.43,1,120.41,1,120.4,2,120.39,5,120.38,3,120.37,1,121.01,3,121.02,11,121.03,6,121.04,4,121.35,2,,,,,,,,,,
2020-10-29 09:30:46,120.74,120.67,1,120.47,1,121.01,3,121.01,120.47,120.47,1,120.46,1,120.45,1,120.44,1,120.43,1,120.41,1,120.4,2,120.39,5,120.38,3,120.37,1,121.01,3,121.02,11,121.03,6,121.04,4,121.35,2,,,,,,,,,,
2020-10-29 09:30:46,120.74,120.67,1,120.47,1,121.01,3,121.01,120.47,120.47,1,120.46,1,120.45,1,120.44,1,120.43,1,120.41,1,120.4,2,120.39,5,120.38,3,120.37,1,121.01,3,121.02,11,121.03,6,121.04,4,121.35,2,,,,,,,,,,
2020-10-29 09:30:47,120.755,120.67,1,120.5,1,121.01,4,121.01,120.5,120.5,1,120.49,1,120.48,1,120.47,1,120.46,1,120.45,1,120.44,1,120.43,1,120.41,1,120.4,2,121.01,4,121.02,11,121.03,6,121.04,4,121.35,2,,,,,,,,,,
2020-10-29 09:30:49,120.755,120.67,1,120.5,1,121.01,4,121.01,120.5,120.5,1,120.49,1,120.48,1,120.47,1,120.46,1,120.45,1,120.44,1,120.43,1,120.41,1,120.4,2,121.01,4,121.02,11,121.03,6,121.04,4,121.35,2,,,,,,,,,,
2020-10-29 09:30:49,120.755,120.67,1,120.5,1,121.01,4,121.01,120.5,120.5,1,120.49,1,120.48,1,120.47,1,120.46,1,120.45,1,120.44,1,120.43,1,120.41,1,120.4,2,121.01,4,121.02,11,121.03,6,121.04,4,121.35,2,,,,,,,,,,
2020-10-29 09:30:50,120.755,120.67,1,120.5,1,121.01,4,121.01,120.5,120.5,1,120.49,1,120.48,1,120.47,1,120.46,1,120.45,1,120.44,1,120.43,1,120.41,1,120.4,2,121.01,4,121.02,11,121.03,6,121.04,4,121.35,2,,,,,,,,,,
2020-10-29 09:30:51,120.765,120.67,1,120.52,1,121.01,5,121.01,120.52,120.52,1,120.51,1,120.5,1,120.49,1,120.48,1,120.47,1,120.46,1,120.45,1,120.44,1,120.43,1,121.01,5,121.02,11,121.03,6,121.04,4,121.35,2,,,,,,,,,,
2020-10-29 09:30:52,120.765,120.67,1,120.52,1,121.01,5,121.01,120.52,120.52,1,120.51,1,120.5,1,120.49,1,120.48,1,120.47,1,120.46,1,120.45,1,120.44,1,120.43,1,121.01,5,121.02,11,121.03,6,121.04,4,121.35,2,,,,,,,,,,
2020-10-29 09:30:54,120.765,120.67,1,120.52,1,121.01,5,121.01,120.52,120.52,1,120.51,1,120.5,1,120.49,1,120.48,1,120.47,1,120.46,1,120.45,1,120.44,1,120.43,1,121.01,5,121.02,11,121.03,6,121.04,4,121.35,2,,,,,,,,,,
2020-10-29 09:30:55,120.765,120.67,1,120.52,1,121.01,5,121.01,120.52,120.52,1,120.51,1,120.5,1,120.49,1,120.48,1,120.47,1,120.46,1,120.45,1,120.44,1,120.43,1,121.01,5,121.02,11,121.03,6,121.04,4,121.35,2,,,,,,,,,,
2020-10-29 09:30:55,120.765,120.67,1,120.52,2,121.01,5,121.01,120.52,120.52,2,120.51,1,120.5,1,120.49,1,120.48,1,120.47,1,120.46,1,120.45,1,120.44,1,120.43,1,121.01,5,121.02,11,121.03,6,121.04,4,121.35,2,,,,,,,,,,
2020-10-29 09:30:57,120.76,120.67,1,120.52,2,121.0,1,121.0,120.52,120.52,2,120.51,1,120.5,1,120.49,1,120.48,1,120.47,1,120.46,1,120.45,1,120.44,1,120.43,1,121.0,1,121.01,5,121.02,11,121.03,6,121.04,4,121.35,2,,,,,,,,
2020-10-29 09:30:58,120.76,120.76,1,120.52,2,121.0,3,121.0,120.52,120.52,2,120.51,1,120.5,1,120.49,1,120.48,1,120.47,1,120.46,1,120.45,1,120.44,1,120.43,1,121.0,3,121.01,5,121.02,11,121.03,6,121.04,4,121.35,2,,,,,,,,
2020-10-29 09:30:59,120.76,120.76,1,120.52,2,121.0,3,121.0,120.52,120.52,2,120.51,1,120.5,1,120.49,1,120.48,1,120.47,1,120.46,1,120.45,1,120.44,1,120.43,1,121.0,3,121.01,5,121.02,11,121.03,6,121.04,4,121.35,2,,,,,,,,
2020-10-29 09:31:00,120.76,120.76,1,120.52,2,121.0,3,121.0,120.52,120.52,2,120.51,1,120.5,1,120.49,1,120.48,1,120.47,1,120.46,1,120.45,1,120.44,1,120.43,1,121.0,3,121.01,5,121.02,11,121.03,6,121.04,4,121.35,2,,,,,,,,
2020-10-29 09:31:01,120.76,120.76,1,120.52,2,121.0,3,121.0,120.52,120.52,2,120.51,1,120.5,1,120.49,1,120.48,1,120.47,1,120.46,1,120.45,1,120.44,1,120.43,1,121.0,3,121.01,5,121.02,11,121.03,6,121.04,4,121.35,2,,,,,,,,
2020-10-29 09:31:02,120.76,120.76,1,120.52,2,121.0,3,121.0,120.52,120.52,2,120.51,1,120.5,1,120.49,1,120.48,1,120.47,1,120.46,1,120.45,1,120.44,1,120.43,1,121.0,3,121.01,5,121.02,11,121.03,6,121.04,4,121.35,2,,,,,,,,
2020-10-29 09:31:02,120.76,120.76,1,120.52,2,121.0,3,121.0,120.52,120.52,2,120.51,1,120.5,1,120.49,1,120.48,1,120.47,1,120.46,1,120.45,1,120.44,1,120.43,1,121.0,3,121.01,5,121.02,11,121.03,6,121.04,4,121.35,2,,,,,,,,
2020-10-29 09:31:04,120.76,120.76,1,120.52,2,121.0,6,121.0,120.52,120.52,2,120.51,1,120.5,1,120.49,1,120.48,1,120.47,1,120.46,1,120.45,1,120.44,1,120.43,1,121.0,6,121.01,5,121.02,11,121.03,6,121.04,4,121.35,2,,,,,,,,
2020-10-29 09:31:05,120.76,120.76,1,120.52,2,121.0,6,121.0,120.52,120.52,2,120.51,1,120.5,1,120.49,1,120.48,1,120.47,1,120.46,1,120.45,1,120.44,1,120.43,1,121.0,6,121.01,5,121.02,11,121.03,6,121.04,4,121.35,2,,,,,,,,
2020-10-29 09:31:06,120.765,120.76,1,120.55,2,120.98,3,120.98,120.55,120.55,2,120.54,1,120.52,2,120.51,1,120.5,1,120.49,1,120.48,1,120.47,1,120.46,1,120.45,1,120.98,3,120.99,5,121.0,6,121.01,5,121.02,11,121.03,6,121.04,4,121.35,2,,,,
2020-10-29 09:31:07,120.755,120.76,1,120.55,2,120.96,3,120.96,120.55,120.55,2,120.54,1,120.52,2,120.51,1,120.5,1,120.49,1,120.48,1,120.47,1,120.46,1,120.45,1,120.96,3,120.97,3,120.98,3,120.99,5,121.0,6,121.01,5,121.02,11,121.03,6,121.04,4,121.35,2
2020-10-29 09:31:08,120.755,120.76,1,120.55,2,120.96,3,120.96,120.55,120.55,2,120.54,1,120.52,2,120.51,1,120.5,1,120.49,1,120.48,1,120.47,1,120.46,1,120.45,1,120.96,3,120.97,3,120.98,3,120.99,5,121.0,6,121.01,5,121.02,11,121.03,6,121.04,4,121.35,2
2020-10-29 09:31:09,120.75,120.7,4,120.55,2,120.95,3,120.95,120.55,120.55,2,120.54,1,120.52,2,120.51,1,120.5,1,120.49,1,120.48,1,120.47,1,120.46,1,120.45,1,120.95,3,120.96,3,120.97,3,120.98,3,120.99,5,121.0,6,121.01,5,121.02,11,121.03,6,121.04,4
2020-10-29 09:31:10,120.76,120.7,4,120.57,1,120.95,4,120.95,120.57,120.57,1,120.56,2,120.55,2,120.54,1,120.52,2,120.51,1,120.5,1,120.49,1,120.48,1,120.47,1,120.95,4,120.96,3,120.97,3,120.98,3,120.99,5,121.0,6,121.01,5,121.02,11,121.03,6,121.04,4
2020-10-29 09:31:11,120.76,120.7,4,120.57,1,120.95,4,120.95,120.57,120.57,1,120.56,2,120.55,2,120.54,1,120.52,2,120.51,1,120.5,1,120.49,1,120.48,1,120.47,1,120.95,4,120.96,3,120.97,3,120.98,3,120.99,5,121.0,6,121.01,5,121.02,11,121.03,6,121.04,4
2020-10-29 09:31:12,120.655,120.76,1,120.55,3,120.76,1,120.76,120.55,120.55,3,120.54,1,120.52,2,120.51,1,120.5,1,120.49,1,120.48,1,120.47,1,120.46,1,120.45,1,120.76,1,120.95,4,120.96,3,120.97,3,120.98,3,120.99,5,121.0,6,121.01,5,121.02,11,121.03,6
2020-10-29 09:31:13,120.655,120.76,1,120.55,3,120.76,1,120.76,120.55,120.55,3,120.54,1,120.52,2,120.51,1,120.5,1,120.49,1,120.48,1,120.47,1,120.46,1,120.45,1,120.76,1,120.95,4,120.96,3,120.97,3,120.98,3,120.99,5,121.0,6,121.01,5,121.02,11,121.03,6
2020-10-29 09:31:14,120.745,120.76,1,120.56,2,120.93,1,120.93,120.56,120.56,2,120.55,3,120.54,1,120.52,2,120.51,1,120.5,1,120.49,1,120.48,1,120.47,1,120.46,1,120.93,1,120.96,4,120.97,3,120.98,3,120.99,5,121.0,6,121.01,5,121.02,11,121.03,6,121.04,4
2020-10-29 09:31:15,120.745,120.76,1,120.56,2,120.93,1,120.93,120.56,120.56,2,120.55,3,120.54,1,120.52,2,120.51,1,120.5,1,120.49,1,120.48,1,120.47,1,120.46,1,120.93,1,120.96,4,120.97,3,120.98,3,120.99,5,121.0,6,121.01,5,121.02,11,121.03,6,121.04,4
2020-10-29 09:31:16,120.745,120.76,1,120.56,2,120.93,1,120.93,120.56,120.56,2,120.55,3,120.54,1,120.52,2,120.51,1,120.5,1,120.49,1,120.48,1,120.47,1,120.46,1,120.93,1,120.96,4,120.97,3,120.98,3,120.99,5,121.0,6,121.01,5,121.02,11,121.03,6,121.04,4
2020-10-29 09:31:17,120.745,120.76,1,120.56,2,120.93,1,120.93,120.56,120.56,2,120.55,3,120.54,1,120.52,2,120.51,1,120.5,1,120.49,1,120.48,1,120.47,1,120.46,1,120.93,1,120.96,4,120.97,3,120.98,3,120.99,5,121.0,6,121.01,5,121.02,11,121.03,6,121.04,4
2020-10-29 09:31:18,120.745,120.76,1,120.56,2,120.93,1,120.93,120.56,120.56,2,120.55,3,120.54,1,120.52,2,120.51,1,120.5,1,120.49,1,120.48,1,120.47,1,120.46,1,120.93,1,120.96,4,120.97,3,120.98,3,120.99,5,121.0,6,121.01,5,121.02,11,121.03,6,121.04,4
2020-10-29 09:31:19,120.745,120.76,1,120.56,2,120.93,1,120.93,120.56,120.56,2,120.55,3,120.54,1,120.52,2,120.51,1,120.5,1,120.49,1,120.48,1,120.47,1,120.46,1,120.93,1,120.96,4,120.97,3,120.98,3,120.99,5,121.0,6,121.01,5,121.02,11,121.03,6,121.04,4
2020-10-29 09:31:20,120.745,120.76,1,120.56,2,120.93,1,120.93,120.56,120.56,2,120.55,3,120.54,1,120.52,2,120.51,1,120.5,1,120.49,1,120.48,1,120.47,1,120.46,1,120.93,1,120.96,4,120.97,3,120.98,3,120.99,5,121.0,6,121.01,5,121.02,11,121.03,6,121.04,4
2020-10-29 09:31:21,120.745,120.76,1,120.56,2,120.93,1,120.93,120.56,120.56,2,120.55,3,120.54,1,120.52,2,120.51,1,120.5,1,120.49,1,120.48,1,120.47,1,120.46,1,120.93,1,120.96,4,120.97,3,120.98,3,120.99,5,121.0,6,121.01,5,121.02,11,121.03,6,121.04,4
2020-10-29 09:31:22,120.745,120.76,1,120.56,2,120.93,1,120.93,120.56,120.56,2,120.55,3,120.54,1,120.52,2,120.51,1,120.5,1,120.49,1,120.48,1,120.47,1,120.46,1,120.93,1,120.96,4,120.97,3,120.98,3,120.99,5,121.0,6,121.01,5,121.02,11,121.03,6,121.04,4
2020-10-29 09:31:23,120.745,120.76,1,120.56,2,120.93,1,120.93,120.56,120.56,2,120.55,3,120.54,1,120.52,2,120.51,1,120.5,1,120.49,1,120.48,1,120.47,1,120.46,1,120.93,1,120.96,4,120.97,3,120.98,3,120.99,5,121.0,6,121.01,5,121.02,11,121.03,6,121.04,4
2020-10-29 09:31:24,120.795,120.76,1,120.66,1,120.93,1,120.93,120.66,120.66,1,120.56,2,120.55,3,120.54,1,120.52,2,120.51,1,120.5,1,120.49,1,120.48,1,120.47,1,120.93,1,120.96,4,120.97,3,120.98,3,120.99,5,121.0,6,121.01,5,121.02,11,121.03,6,121.04,4
2020-10-29 09:31:25,120.795,120.76,1,120.66,1,120.93,1,120.93,120.66,120.66,1,120.56,2,120.55,3,120.54,1,120.52,2,120.51,1,120.5,1,120.49,1,120.48,1,120.47,1,120.93,1,120.96,4,120.97,3,120.98,3,120.99,5,121.0,6,121.01,5,121.02,11,121.03,6,121.04,4
2020-10-29 09:31:26,120.795,120.76,1,120.66,1,120.93,1,120.93,120.66,120.66,1,120.56,2,120.55,3,120.54,1,120.52,2,120.51,1,120.5,1,120.49,1,120.48,1,120.47,1,120.93,1,120.96,4,120.97,3,120.98,3,120.99,5,121.0,6,121.01,5,121.02,11,121.03,6,121.04,4
2020-10-29 09:31:27,120.795,120.76,1,120.66,1,120.93,2,120.93,120.66,120.66,1,120.56,2,120.55,3,120.54,1,120.52,2,120.51,1,120.5,1,120.49,1,120.48,1,120.47,1,120.93,2,120.96,4,120.97,3,120.98,3,120.99,5,121.0,6,121.01,5,121.02,11,121.03,6,121.04,4
2020-10-29 09:31:28,120.77,120.76,1,120.61,1,120.93,3,120.93,120.61,120.61,1,120.56,2,120.55,3,120.54,1,120.52,2,120.51,1,120.5,1,120.49,1,120.48,1,120.47,1,120.93,3,120.96,4,120.97,3,120.98,3,120.99,5,121.0,6,121.01,5,121.02,11,121.03,6,121.04,4
2020-10-29 09:31:29,120.77,120.76,1,120.61,1,120.93,3,120.93,120.61,120.61,1,120.56,2,120.55,3,120.54,1,120.52,2,120.51,1,120.5,1,120.49,1,120.48,1,120.47,1,120.93,3,120.96,4,120.97,3,120.98,3,120.99,5,121.0,6,121.01,5,121.02,11,121.03,6,121.04,4
2020-10-29 09:31:30,120.77,120.76,1,120.61,1,120.93,3,120.93,120.61,120.61,1,120.56,2,120.55,3,120.54,1,120.52,2,120.51,1,120.5,1,120.49,1,120.48,1,120.47,1,120.93,3,120.96,4,120.97,3,120.98,3,120.99,5,121.0,6,121.01,5,121.02,11,121.03,6,121.04,4
2020-10-29 09:31:31,120.765,120.76,1,120.61,1,120.92,2,120.92,120.61,120.61,1,120.56,2,120.55,3,120.54,1,120.52,2,120.51,1,120.5,1,120.49,1,120.48,1,120.47,1,120.92,2,120.93,3,120.96,4,120.97,3,120.98,3,120.99,5,121.0,6,121.01,5,121.02,11,121.03,6
2020-10-29 09:31:32,120.765,120.76,1,120.61,1,120.92,3,120.92,120.61,120.61,1,120.56,2,120.55,3,120.54,1,120.52,2,120.51,1,120.5,1,120.49,1,120.48,1,120.47,1,120.92,3,120.93,3,120.96,4,120.97,3,120.98,3,120.99,5,121.0,6,121.01,5,121.02,11,121.03,6
2020-10-29 09:31:33,120.765,120.76,1,120.61,1,120.92,3,120.92,120.61,120.61,1,120.56,2,120.55,3,120.54,1,120.52,2,120.51,1,120.5,1,120.49,1,120.48,1,120.47,1,120.92,3,120.93,3,120.96,4,120.97,3,120.98,3,120.99,5,121.0,6,121.01,5,121.02,11,121.03,6
2020-10-29 09:31:34,120.765,120.76,1,120.61,1,120.92,3,120.92,120.61,120.61,1,120.56,2,120.55,3,120.54,1,120.52,2,120.51,1,120.5,1,120.49,1,120.48,1,120.47,1,120.92,3,120.93,3,120.96,4,120.97,3,120.98,3,120.99,5,121.0,6,121.01,5,121.02,11,121.03,6
2020-10-29 09:31:35,120.765,120.76,1,120.61,1,120.92,3,120.92,120.61,120.61,1,120.56,2,120.55,3,120.54,1,120.52,2,120.51,1,120.5,1,120.49,1,120.48,1,120.47,1,120.92,3,120.93,3,120.96,4,120.97,3,120.98,3,120.99,5,121.0,6,121.01,5,121.02,11,121.03,6
2020-10-29 09:31:36,120.765,120.76,1,120.61,1,120.92,4,120.92,120.61,120.61,1,120.56,2,120.55,3,120.54,1,120.52,2,120.51,1,120.5,1,120.49,1,120.48,1,120.47,1,120.92,4,120.93,3,120.96,4,120.97,3,120.98,3,120.99,5,121.0,6,121.01,5,121.02,11,121.03,6
2020-10-29 09:31:37,120.765,120.76,1,120.61,1,120.92,4,120.92,120.61,120.61,1,120.56,2,120.55,3,120.54,1,120.52,2,120.51,1,120.5,1,120.49,1,120.48,1,120.47,1,120.92,4,120.93,3,120.96,4,120.97,3,120.98,3,120.99,5,121.0,6,121.01,5,121.02,11,121.03,6
2020-10-29 09:31:38,120.765,120.76,1,120.61,1,120.92,4,120.92,120.61,120.61,1,120.56,2,120.55,3,120.54,1,120.52,2,120.51,1,120.5,1,120.49,1,120.48,1,120.47,1,120.92,4,120.93,3,120.96,4,120.97,3,120.98,3,120.99,5,121.0,6,121.01,5,121.02,11,121.03,6
2020-10-29 09:31:39,120.765,120.76,1,120.61,1,120.92,4,120.92,120.61,120.61,1,120.56,2,120.55,3,120.54,1,120.52,2,120.51,1,120.5,1,120.49,1,120.48,1,120.47,1,120.92,4,120.93,3,120.96,4,120.97,3,120.98,3,120.99,5,121.0,6,121.01,5,121.02,11,121.03,6
2020-10-29 09:31:40,120.79,120.76,1,120.66,1,120.92,4,120.92,120.66,120.66,1,120.61,1,120.56,2,120.55,3,120.54,1,120.52,2,120.51,1,120.5,1,120.49,1,120.48,1,120.92,4,120.93,3,120.96,4,120.97,3,120.98,3,120.99,5,121.0,6,121.01,5,121.02,11,121.03,6
2020-10-29 09:31:41,120.79,120.76,1,120.66,1,120.92,4,120.92,120.66,120.66,1,120.61,1,120.56,2,120.55,3,120.54,1,120.52,2,120.51,1,120.5,1,120.49,1,120.48,1,120.92,4,120.93,3,120.96,4,120.97,3,120.98,3,120.99,5,121.0,6,121.01,5,121.02,11,121.03,6
2020-10-29 09:31:42,120.79,120.76,1,120.66,1,120.92,4,120.92,120.66,120.66,1,120.61,1,120.56,2,120.55,3,120.54,1,120.52,2,120.51,1,120.5,1,120.49,1,120.48,1,120.92,4,120.93,3,120.96,4,120.97,3,120.98,3,120.99,5,121.0,6,121.01,5,121.02,11,121.03,6
2020-10-29 09:31:43,120.79,120.76,1,120.66,1,120.92,4,120.92,120.66,120.66,1,120.61,1,120.56,2,120.55,3,120.54,1,120.52,2,120.51,1,120.5,1,120.49,1,120.48,1,120.92,4,120.93,3,120.96,4,120.97,3,120.98,3,120.99,5,121.0,6,121.01,5,121.02,11,121.03,6
2020-10-29 09:31:44,120.765,120.78,2,120.61,1,120.92,4,120.92,120.61,120.61,1,120.56,2,120.55,3,120.54,1,120.52,2,120.51,1,120.5,1,120.49,1,120.48,1,120.47,1,120.92,4,120.93,3,120.96,4,120.97,3,120.98,3,120.99,5,121.0,6,121.01,5,121.02,11,121.03,6
2020-10-29 09:31:45,120.765,120.78,2,120.61,1,120.92,6,120.92,120.61,120.61,1,120.56,2,120.55,3,120.54,1,120.52,2,120.51,1,120.5,1,120.49,1,120.48,1,120.47,1,120.92,6,120.93,3,120.96,4,120.97,3,120.98,3,120.99,5,121.0,6,121.01,5,121.02,11,121.03,6
2020-10-29 09:31:46,120.765,120.78,2,120.61,1,120.92,6,120.92,120.61,120.61,1,120.56,2,120.55,3,120.54,1,120.52,2,120.51,1,120.5,1,120.49,1,120.48,1,120.47,1,120.92,6,120.93,3,120.96,4,120.97,3,120.98,3,120.99,5,121.0,6,121.01,5,121.02,11,121.03,6
2020-10-29 09:31:47,120.765,120.78,2,120.61,1,120.92,6,120.92,120.61,120.61,1,120.56,2,120.55,3,120.54,1,120.52,2,120.51,1,120.5,1,120.49,1,120.48,1,120.47,1,120.92,6,120.93,3,120.96,4,120.97,3,120.98,3,120.99,5,121.0,6,121.01,5,121.02,11,121.03,6
2020-10-29 09:31:48,120.75,120.78,2,120.61,1,120.89,2,120.89,120.61,120.61,1,120.56,2,120.55,3,120.54,1,120.52,2,120.51,1,120.5,1,120.49,1,120.48,1,120.47,1,120.89,2,120.92,6,120.93,3,120.96,4,120.97,3,120.98,3,120.99,5,121.0,6,121.01,5,121.02,11
2020-10-29 09:31:49,120.75,120.78,2,120.61,1,120.89,3,120.89,120.61,120.61,1,120.56,2,120.55,3,120.54,1,120.52,2,120.51,1,120.5,1,120.49,1,120.48,1,120.47,1,120.89,3,120.92,6,120.93,3,120.96,4,120.97,3,120.98,3,120.99,5,121.0,6,121.01,5,121.02,11
2020-10-29 09:31:50,120.745,120.78,2,120.61,2,120.88,2,120.88,120.61,120.61,2,120.56,2,120.55,3,120.54,1,120.52,2,120.51,1,120.5,1,120.49,1,120.48,1,120.47,1,120.88,2,120.89,3,120.92,6,120.93,3,120.96,4,120.97,3,120.98,3,120.99,5,121.0,6,121.01,5
2020-10-29 09:31:51,120.745,120.78,2,120.61,2,120.88,3,120.88,120.61,120.61,2,120.56,2,120.55,3,120.54,1,120.52,2,120.51,1,120.5,1,120.49,1,120.48,1,120.47,1,120.88,3,120.89,3,120.92,6,120.93,3,120.96,4,120.97,3,120.98,3,120.99,5,121.0,6,121.01,5
2020-10-29 09:31:52,120.745,120.78,2,120.61,2,120.88,3,120.88,120.61,120.61,2,120.56,2,120.55,3,120.54,1,120.52,2,120.51,1,120.5,1,120.49,1,120.48,1,120.47,1,120.88,3,120.89,3,120.92,6,120.93,3,120.96,4,120.97,3,120.98,3,120.99,5,121.0,6,121.01,5
2020-10-29 09:31:53,120.745,120.78,2,120.61,2,120.88,3,120.88,120.61,120.61,2,120.56,2,120.55,3,120.54,1,120.52,2,120.51,1,120.5,1,120.49,1,120.48,1,120.47,1,120.88,3,120.89,3,120.92,6,120.93,3,120.96,4,120.97,3,120.98,3,120.99,5,121.0,6,121.01,5
2020-10-29 09:31:54,120.745,120.78,2,120.61,2,120.88,2,120.88,120.61,120.61,2,120.56,2,120.55,3,120.54,1,120.52,2,120.51,1,120.5,1,120.49,1,120.48,1,120.47,1,120.88,2,120.89,3,120.92,6,120.93,3,120.96,4,120.97,3,120.98,3,120.99,5,121.0,6,121.01,5
2020-10-29 09:31:55,120.745,120.78,2,120.61,2,120.88,3,120.88,120.61,120.61,2,120.56,2,120.55,3,120.54,1,120.52,2,120.51,1,120.5,1,120.49,1,120.48,1,120.47,1,120.88,3,120.89,3,120.92,6,120.93,3,120.96,4,120.97,3,120.98,3,120.99,5,121.0,6,121.01,5
2020-10-29 09:31:56,120.745,120.78,2,120.61,2,120.88,3,120.88,120.61,120.61,2,120.56,2,120.55,3,120.54,1,120.52,2,120.51,1,120.5,1,120.49,1,120.48,1,120.47,1,120.88,3,120.89,3,120.92,6,120.93,3,120.96,4,120.97,3,120.98,3,120.99,5,121.0,6,121.01,5
2020-10-29 09:31:57,120.745,120.78,2,120.61,2,120.88,3,120.88,120.61,120.61,2,120.56,2,120.55,3,120.54,1,120.52,2,120.51,1,120.5,1,120.49,1,120.48,1,120.47,1,120.88,3,120.89,3,120.92,6,120.93,3,120.96,4,120.97,3,120.98,3,120.99,5,121.0,6,121.01,5
2020-10-29 09:31:58,120.74,120.78,2,120.61,2,120.87,2,120.87,120.61,120.61,2,120.56,2,120.55,3,120.54,1,120.52,2,120.51,1,120.5,1,120.49,1,120.48,1,120.47,1,120.87,2,120.88,3,120.89,3,120.92,6,120.93,3,120.96,4,120.97,3,120.98,3,120.99,5,121.0,6
2020-10-29 09:31:59,120.74,120.78,2,120.61,2,120.87,3,120.87,120.61,120.61,2,120.56,2,120.55,3,120.54,1,120.52,2,120.51,1,120.5,1,120.49,1,120.48,1,120.47,1,120.87,3,120.89,3,120.92,6,120.93,3,120.96,4,120.97,3,120.98,3,120.99,5,121.0,6,121.01,5
2020-10-29 09:32:00,120.74,120.78,2,120.61,2,120.87,3,120.87,120.61,120.61,2,120.56,2,120.55,3,120.54,1,120.52,2,120.51,1,120.5,1,120.49,1,120.48,1,120.47,1,120.87,3,120.89,3,120.92,6,120.93,3,120.96,4,120.97,3,120.98,3,120.99,5,121.0,6,121.01,5
2020-10-29 09:32:01,120.735,120.78,2,120.61,2,120.86,2,120.86,120.61,120.61,2,120.56,2,120.55,3,120.54,1,120.52,2,120.51,1,120.5,1,120.49,1,120.48,1,120.47,1,120.86,2,120.87,3,120.89,3,120.92,6,120.93,3,120.96,4,120.97,3,120.98,3,120.99,5,121.0,6
2020-10-29 09:32:02,120.735,120.78,2,120.61,2,120.86,2,120.86,120.61,120.61,2,120.56,2,120.55,3,120.54,1,120.52,2,120.51,1,120.5,1,120.49,1,120.48,1,120.47,1,120.86,2,120.87,3,120.89,3,120.92,6,120.93,3,120.96,4,120.97,3,120.98,3,120.99,5,121.0,6
2020-10-29 09:32:03,120.74,120.78,2,120.61,2,120.87,3,120.87,120.61,120.61,2,120.56,2,120.55,3,120.54,1,120.52,2,120.51,1,120.5,1,120.49,1,120.48,1,120.47,1,120.87,3,120.89,3,120.92,6,120.93,3,120.96,4,120.97,3,120.98,3,120.99,5,121.0,6,121.01,5
2020-10-29 09:32:04,120.74,120.78,2,120.61,2,120.87,3,120.87,120.61,120.61,2,120.56,2,120.55,3,120.54,1,120.52,2,120.51,1,120.5,1,120.49,1,120.48,1,120.47,1,120.87,3,120.89,3,120.92,6,120.93,3,120.96,4,120.97,3,120.98,3,120.99,5,121.0,6,121.01,5
2020-10-29 09:32:05,120.74,120.78,2,120.61,2,120.87,3,120.87,120.61,120.61,2,120.56,2,120.55,3,120.54,1,120.52,2,120.51,1,120.5,1,120.49,1,120.48,1,120.47,1,120.87,3,120.89,3,120.92,6,120.93,3,120.96,4,120.97,3,120.98,3,120.99,5,121.0,6,121.01,5
2020-10-29 09:32:06,120.74,120.78,2,120.61,2,120.87,3,120.87,120.61,120.61,2,120.56,2,120.55,3,120.54,1,120.52,2,120.51,1,120.5,1,120.49,1,120.48,1,120.47,1,120.87,3,120.89,3,120.92,6,120.93,3,120.96,4,120.97,3,120.98,3,120.99,5,121.0,6,121.01,5
2020-10-29 09:32:07,120.735,120.78,2,120.61,3,120.86,1,120.86,120.61,120.61,3,120.56,2,120.55,3,120.54,1,120.52,2,120.51,1,120.5,1,120.49,1,120.48,1,120.47,1,120.86,1,120.87,6,120.89,3,120.92,6,120.93,3,120.96,4,120.97,3,120.98,3,120.99,5,121.0,6
2020-10-29 09:32:08,120.73,120.78,2,120.61,3,120.85,4,120.85,120.61,120.61,3,120.56,2,120.55,3,120.54,1,120.52,2,120.51,1,120.5,1,120.49,1,120.48,1,120.47,1,120.85,4,120.86,1,120.87,6,120.89,3,120.92,6,120.93,3,120.96,4,120.97,3,120.98,3,120.99,5
2020-10-29 09:32:09,120.625,120.56,1,120.41,6,120.84,6,120.84,120.41,120.41,6,120.4,2,120.39,5,120.38,3,120.37,1,120.22,11,,,,,,,,,120.84,6,120.85,4,120.86,1,120.87,6,120.89,3,120.92,6,120.93,3,120.96,4,120.97,3,120.98,3
2020-10-29 09:32:10,120.625,120.63,5,120.41,6,120.84,6,120.84,120.41,120.41,6,120.4,2,120.39,5,120.38,3,120.37,1,120.22,11,,,,,,,,,120.84,6,120.85,4,120.86,1,120.87,6,120.89,3,120.92,6,120.93,3,120.96,4,120.97,3,120.98,3
2020-10-29 09:32:11,120.625,120.63,5,120.41,6,120.84,6,120.84,120.41,120.41,6,120.4,2,120.39,5,120.38,3,120.37,1,120.22,11,,,,,,,,,120.84,6,120.85,4,120.86,1,120.87,6,120.89,3,120.92,6,120.93,3,120.96,4,120.97,3,120.98,3
2020-10-29 09:32:12,120.62,120.63,5,120.41,6,120.83,7,120.83,120.41,120.41,6,120.4,2,120.39,5,120.38,3,120.37,1,120.22,11,,,,,,,,,120.83,7,120.84,6,120.85,4,120.86,1,120.87,6,120.89,3,120.92,6,120.93,3,120.96,4,120.97,3
2020-10-29 09:32:13,120.615,120.63,5,120.41,6,120.82,3,120.82,120.41,120.41,6,120.4,2,120.39,5,120.38,3,120.37,1,120.22,11,,,,,,,,,120.82,3,120.83,8,120.84,6,120.85,4,120.86,1,120.87,6,120.89,3,120.92,6,120.93,3,120.96,4
2020-10-29 09:32:14,120.615,120.63,5,120.41,6,120.82,3,120.82,120.41,120.41,6,120.4,2,120.39,5,120.38,3,120.37,1,120.22,11,,,,,,,,,120.82,3,120.83,8,120.84,6,120.85,4,120.86,1,120.87,6,120.89,3,120.92,6,120.93,3,120.96,4
2020-10-29 09:32:15,120.615,120.63,5,120.42,1,120.81,2,120.81,120.42,120.42,1,120.41,6,120.4,2,120.39,5,120.38,3,120.37,1,120.22,11,,,,,,,120.81,2,120.82,3,120.83,8,120.84,6,120.85,4,120.86,1,120.87,6,120.89,3,120.92,6,120.93,3
2020-10-29 09:32:16,120.615,120.45,1,120.42,1,120.81,2,120.81,120.42,120.42,1,120.41,6,120.4,2,120.39,5,120.38,3,120.37,1,120.22,11,,,,,,,120.81,2,120.82,3,120.83,8,120.84,6,120.85,4,120.86,1,120.87,6,120.89,3,120.92,6,120.93,3
2020-10-29 09:32:17,120.615,120.45,1,120.42,1,120.81,2,120.81,120.42,120.42,1,120.41,6,120.4,2,120.39,5,120.38,3,120.37,1,120.22,11,,,,,,,120.81,2,120.82,3,120.83,8,120.84,6,120.85,4,120.86,1,120.87,6,120.89,3,120.92,6,120.93,3
2020-10-29 09:32:18,120.61,120.61,1,120.41,5,120.81,3,120.81,120.41,120.41,5,120.4,2,120.39,5,120.38,3,120.37,1,120.22,11,,,,,,,,,120.81,3,120.82,3,120.83,8,120.84,6,120.85,4,120.86,1,120.87,6,120.89,3,120.92,6,120.93,3
2020-10-29 09:32:19,120.44,120.29,1,120.29,1,120.59,2,120.59,120.29,120.29,1,120.27,2,120.22,11,,,,,,,,,,,,,,,120.59,2,120.6,6,120.8,4,120.81,3,120.82,3,120.83,8,120.84,6,120.85,4,120.86,1,120.87,6
2020-10-29 09:32:20,120.44,120.44,1,120.29,1,120.59,11,120.59,120.29,120.29,1,120.27,2,120.22,11,,,,,,,,,,,,,,,120.59,11,120.6,6,120.8,4,120.81,3,120.82,3,120.83,8,120.84,6,120.85,4,120.86,1,120.87,6
2020-10-29 09:32:21,120.305,120.44,1,120.17,2,120.44,3,120.44,120.17,120.17,2,120.16,2,,,,,,,,,,,,,,,,,120.44,3,120.56,2,120.57,2,120.58,2,120.59,11,120.6,6,120.8,4,120.81,3,120.82,3,120.83,8
2020-10-29 09:32:22,120.23,120.44,1,120.03,2,120.43,3,120.43,120.03,120.03,2,,,,,,,,,,,,,,,,,,,120.43,3,120.44,5,120.56,2,120.57,2,120.58,2,120.59,11,120.6,6,120.8,4,120.81,3,120.82,3
2020-10-29 09:32:23,120.215,120.44,1,120.03,2,120.4,1,120.4,120.03,120.03,2,,,,,,,,,,,,,,,,,,,120.4,1,120.41,2,120.42,2,120.43,3,120.44,5,120.56,2,120.57,2,120.58,2,120.59,11,120.6,6
2020-10-29 09:32:24,120.215,120.44,1,120.03,2,120.4,2,120.4,120.03,120.03,2,,,,,,,,,,,,,,,,,,,120.4,2,120.41,2,120.42,2,120.43,3,120.44,5,120.56,2,120.57,2,120.58,2,120.59,11,120.6,6
2020-10-29 09:32:25,120.215,120.44,1,120.03,2,120.4,2,120.4,120.03,120.03,2,,,,,,,,,,,,,,,,,,,120.4,2,120.41,2,120.42,2,120.43,3,120.44,5,120.56,2,120.57,2,120.58,2,120.59,11,120.6,6
2020-10-29 09:32:26,120.23,120.44,1,120.08,2,120.38,4,120.38,120.08,120.08,2,120.03,2,,,,,,,,,,,,,,,,,120.38,4,120.39,2,120.4,2,120.41,2,120.42,2,120.43,3,120.44,5,120.56,2,120.57,2,120.58,2
2020-10-29 09:32:27,120.21,120.44,1,120.08,2,120.34,5,120.34,120.08,120.08,2,120.03,2,,,,,,,,,,,,,,,,,120.34,5,120.35,1,120.36,4,120.37,2,120.38,4,120.39,2,120.4,2,120.41,2,120.42,2,120.43,3
2020-10-29 09:32:28,120.2,120.09,1,120.08,2,120.32,1,120.32,120.08,120.08,2,120.03,2,,,,,,,,,,,,,,,,,120.32,1,120.33,3,120.34,6,120.35,1,120.36,4,120.37,2,120.38,4,120.39,2,120.4,2,120.41,2
2020-10-29 09:32:29,120.205,120.09,1,120.1,2,120.31,1,120.31,120.1,120.1,2,120.09,1,120.08,2,120.03,2,,,,,,,,,,,,,120.31,1,120.32,3,120.33,3,120.34,6,120.35,1,120.36,4,120.37,2,120.38,4,120.39,2,120.4,2
2020-10-29 09:32:30,120.325,120.24,1,120.22,5,120.43,1,120.43,120.22,120.22,5,120.21,4,120.16,1,120.1,2,120.09,1,120.08,2,120.03,2,,,,,,,120.43,1,120.44,1,120.45,2,120.56,2,120.57,2,120.58,2,120.59,11,120.6,6,120.8,4,120.81,3
2020-10-29 09:32:31,120.325,120.42,1,120.21,5,120.44,3,120.44,120.21,120.21,5,120.16,1,120.1,2,120.09,1,120.08,2,120.03,2,,,,,,,,,120.44,3,120.45,2,120.56,2,120.57,2,120.58,2,120.59,11,120.6,6,120.8,4,120.81,3,120.82,3
2020-10-29 09:32:32,120.325,120.42,1,120.21,5,120.44,3,120.44,120.21,120.21,5,120.16,1,120.1,2,120.09,1,120.08,2,120.03,2,,,,,,,,,120.44,3,120.45,2,120.56,2,120.57,2,120.58,2,120.59,11,120.6,6,120.8,4,120.81,3,120.82,3
2020-10-29 09:32:33,120.325,120.42,1,120.21,5,120.44,3,120.44,120.21,120.21,5,120.16,1,120.1,2,120.09,1,120.08,2,120.03,2,,,,,,,,,120.44,3,120.45,2,120.56,2,120.57,2,120.58,2,120.59,11,120.6,6,120.8,4,120.81,3,120.82,3
2020-10-29 09:32:34,120.325,120.42,1,120.21,5,120.44,3,120.44,120.21,120.21,5,120.16,1,120.1,2,120.09,1,120.08,2,120.03,2,,,,,,,,,120.44,3,120.45,2,120.56,2,120.57,2,120.58,2,120.59,11,120.6,6,120.8,4,120.81,3,120.82,3
2020-10-29 09:32:35,120.325,120.42,1,120.21,5,120.44,3,120.44,120.21,120.21,5,120.16,1,120.1,2,120.09,1,120.08,2,120.03,2,,,,,,,,,120.44,3,120.45,2,120.56,2,120.57,2,120.58,2,120.59,11,120.6,6,120.8,4,120.81,3,120.82,3
2020-10-29 09:32:36,120.325,120.42,1,120.21,5,120.44,3,120.44,120.21,120.21,5,120.16,1,120.1,2,120.09,1,120.08,2,120.03,2,,,,,,,,,120.44,3,120.45,2,120.56,2,120.57,2,120.58,2,120.59,11,120.6,6,120.8,4,120.81,3,120.82,3
2020-10-29 09:32:37,120.325,120.42,1,120.21,5,120.44,3,120.44,120.21,120.21,5,120.16,1,120.1,2,120.09,1,120.08,2,120.03,2,,,,,,,,,120.44,3,120.45,2,120.56,2,120.57,2,120.58,2,120.59,11,120.6,6,120.8,4,120.81,3,120.82,3
2020-10-29 09:32:38,120.325,120.42,1,120.21,5,120.44,3,120.44,120.21,120.21,5,120.16,1,120.1,2,120.09,1,120.08,2,120.03,2,,,,,,,,,120.44,3,120.45,2,120.56,2,120.57,2,120.58,2,120.59,11,120.6,6,120.8,4,120.81,3,120.82,3
2020-10-29 09:32:39,120.325,120.42,1,120.21,5,120.44,3,120.44,120.21,120.21,5,120.16,1,120.1,2,120.09,1,120.08,2,120.03,2,,,,,,,,,120.44,3,120.45,2,120.56,2,120.57,2,120.58,2,120.59,11,120.6,6,120.8,4,120.81,3,120.82,3
2020-10-29 09:32:40,120.325,120.42,1,120.21,5,120.44,3,120.44,120.21,120.21,5,120.16,1,120.1,2,120.09,1,120.08,2,120.03,2,,,,,,,,,120.44,3,120.45,2,120.56,2,120.57,2,120.58,2,120.59,11,120.6,6,120.8,4,120.81,3,120.82,3
2020-10-29 09:32:41,120.25,120.16,1,120.1,3,120.4,4,120.4,120.1,120.1,3,120.09,1,120.08,2,120.03,2,,,,,,,,,,,,,120.4,4,120.41,1,120.44,3,120.45,2,120.56,2,120.57,2,120.58,2,120.59,11,120.6,6,120.8,4
2020-10-29 09:32:42,120.25,120.16,1,120.1,3,120.4,4,120.4,120.1,120.1,3,120.09,1,120.08,2,120.03,2,,,,,,,,,,,,,120.4,4,120.41,1,120.44,3,120.45,2,120.56,2,120.57,2,120.58,2,120.59,11,120.6,6,120.8,4
2020-10-29 09:32:43,120.245,120.1,1,120.09,1,120.4,4,120.4,120.09,120.09,1,120.0,2,,,,,,,,,,,,,,,,,120.4,4,120.41,1,120.44,3,120.45,2,120.56,2,120.57,2,120.58,2,120.59,11,120.6,6,120.8,4
2020-10-29 09:32:44,120.245,120.23,1,120.1,1,120.39,3,120.39,120.1,120.1,1,120.09,1,120.06,1,120.0,2,,,,,,,,,,,,,120.39,3,120.4,5,120.41,1,120.44,3,120.45,2,120.56,2,120.57,2,120.58,2,120.59,11,120.6,6
2020-10-29 09:32:45,120.245,120.23,1,120.1,1,120.39,3,120.39,120.1,120.1,1,120.09,1,120.06,1,120.0,2,,,,,,,,,,,,,120.39,3,120.4,5,120.41,1,120.44,3,120.45,2,120.56,2,120.57,2,120.58,2,120.59,11,120.6,6
2020-10-29 09:32:46,120.12,120.12,1,120.01,1,120.23,1,120.23,120.01,120.01,1,120.0,1,,,,,,,,,,,,,,,,,120.23,1,120.24,1,120.39,4,120.4,5,120.41,1,120.44,3,120.45,2,120.56,2,120.57,2,120.58,2
2020-10-29 09:32:47,120.12,120.12,1,120.01,1,120.23,1,120.23,120.01,120.01,1,120.0,1,,,,,,,,,,,,,,,,,120.23,1,120.24,1,120.39,4,120.4,5,120.41,1,120.44,3,120.45,2,120.56,2,120.57,2,120.58,2
2020-10-29 09:32:48,120.145,120.12,1,120.06,1,120.23,1,120.23,120.06,120.06,1,120.01,1,120.0,1,,,,,,,,,,,,,,,120.23,1,120.24,1,120.39,4,120.4,5,120.41,1,120.44,3,120.45,2,120.56,2,120.57,2,120.58,2
2020-10-29 09:32:49,120.145,120.12,1,120.06,1,120.23,1,120.23,120.06,120.06,1,120.01,1,120.0,1,,,,,,,,,,,,,,,120.23,1,120.24,1,120.39,4,120.4,5,120.41,1,120.44,3,120.45,2,120.56,2,120.57,2,120.58,2
2020-10-29 09:32:50,120.15,120.12,1,120.07,1,120.23,1,120.23,120.07,120.07,1,120.06,1,120.01,1,120.0,1,,,,,,,,,,,,,120.23,1,120.24,1,120.39,4,120.4,5,120.41,1,120.44,3,120.45,2,120.56,2,120.57,2,120.58,2
2020-10-29 09:32:51,120.15,120.12,1,120.07,1,120.23,1,120.23,120.07,120.07,1,120.06,1,120.01,1,120.0,1,,,,,,,,,,,,,120.23,1,120.24,1,120.39,4,120.4,5,120.41,1,120.44,3,120.45,2,120.56,2,120.57,2,120.58,2
2020-10-29 09:32:52,120.15,120.12,1,120.07,2,120.23,2,120.23,120.07,120.07,2,120.06,1,120.01,1,120.0,1,,,,,,,,,,,,,120.23,2,120.24,1,120.39,4,120.4,5,120.41,1,120.44,3,120.45,2,120.56,2,120.57,2,120.58,2
2020-10-29 09:32:53,120.14,120.16,1,120.06,1,120.22,3,120.22,120.06,120.06,1,120.01,1,120.0,1,119.92,2,,,,,,,,,,,,,120.22,3,120.23,3,120.24,1,120.39,4,120.4,5,120.41,1,120.44,3,120.45,2,120.56,2,120.57,2
2020-10-29 09:32:54,120.105,120.06,1,119.99,1,120.22,3,120.22,119.99,119.99,1,119.92,2,,,,,,,,,,,,,,,,,120.22,3,120.23,3,120.24,1,120.39,4,120.4,5,120.41,1,120.44,3,120.45,2,120.56,2,120.57,2
2020-10-29 09:32:55,120.105,120.06,1,119.99,1,120.22,3,120.22,119.99,119.99,1,119.92,2,,,,,,,,,,,,,,,,,120.22,3,120.23,3,120.24,1,120.39,4,120.4,5,120.41,1,120.44,3,120.45,2,120.56,2,120.57,2
2020-10-29 09:32:56,120.105,120.06,1,119.99,2,120.22,4,120.22,119.99,119.99,2,119.92,2,,,,,,,,,,,,,,,,,120.22,4,120.23,3,120.24,1,120.39,4,120.4,5,120.41,1,120.44,3,120.45,2,120.56,2,120.57,2
2020-10-29 09:32:57,120.105,120.06,1,119.99,2,120.22,4,120.22,119.99,119.99,2,119.92,2,,,,,,,,,,,,,,,,,120.22,4,120.23,3,120.24,1,120.39,4,120.4,5,120.41,1,120.44,3,120.45,2,120.56,2,120.57,2
2020-10-29 09:32:58,120.105,120.06,1,119.99,2,120.22,4,120.22,119.99,119.99,2,119.92,2,,,,,,,,,,,,,,,,,120.22,4,120.23,3,120.24,1,120.39,4,120.4,5,120.41,1,120.44,3,120.45,2,120.56,2,120.57,2
2020-10-29 09:32:59,120.105,120.06,1,119.99,2,120.22,4,120.22,119.99,119.99,2,119.92,2,,,,,,,,,,,,,,,,,120.22,4,120.23,3,120.24,1,120.39,4,120.4,5,120.41,1,120.44,3,120.45,2,120.56,2,120.57,2
2020-10-29 09:33:00,120.145,120.22,1,120.02,4,120.27,3,120.27,120.02,120.02,4,120.01,6,120.0,4,119.99,2,119.92,2,,,,,,,,,,,120.27,3,120.39,4,120.4,5,120.41,1,120.44,3,120.45,2,120.56,2,120.57,2,120.58,2,120.59,11
2020-10-29 09:33:01,120.145,120.22,1,120.02,4,120.27,3,120.27,120.02,120.02,4,120.01,6,120.0,4,119.99,2,119.92,2,,,,,,,,,,,120.27,3,120.39,4,120.4,5,120.41,1,120.44,3,120.45,2,120.56,2,120.57,2,120.58,2,120.59,11
2020-10-29 09:33:02,120.195,120.12,1,120.12,7,120.27,4,120.27,120.12,120.12,7,120.03,2,120.01,6,120.0,4,119.99,2,119.92,2,,,,,,,,,120.27,4,120.39,4,120.4,5,120.41,1,120.44,3,120.45,2,120.56,2,120.57,2,120.58,2,120.59,11
2020-10-29 09:33:03,120.1,120.17,1,120.01,8,120.19,1,120.19,120.01,120.01,8,120.0,4,119.99,2,119.92,2,,,,,,,,,,,,,120.19,1,120.2,1,120.27,4,120.39,4,120.4,5,120.41,1,120.44,3,120.45,2,120.56,2,120.57,2
2020-10-29 09:33:04,120.1,120.17,1,120.01,8,120.19,1,120.19,120.01,120.01,8,120.0,4,119.99,2,119.92,2,,,,,,,,,,,,,120.19,1,120.2,1,120.27,4,120.39,4,120.4,5,120.41,1,120.44,3,120.45,2,120.56,2,120.57,2
2020-10-29 09:33:05,120.1,120.17,1,120.01,8,120.19,1,120.19,120.01,120.01,8,120.0,4,119.99,2,119.92,2,,,,,,,,,,,,,120.19,1,120.2,1,120.27,4,120.39,4,120.4,5,120.41,1,120.44,3,120.45,2,120.56,2,120.57,2
2020-10-29 09:33:06,120.26,120.27,1,120.13,6,120.39,1,120.39,120.13,120.13,6,120.12,6,120.11,1,120.1,3,120.01,8,120.0,4,119.99,2,119.92,2,,,,,120.39,1,120.4,5,120.41,1,120.44,3,120.45,2,120.56,2,120.57,2,120.58,2,120.59,11,120.6,6
2020-10-29 09:33:07,120.265,120.27,1,120.14,6,120.39,4,120.39,120.14,120.14,6,120.13,6,120.12,6,120.11,1,120.1,3,120.01,8,120.0,4,119.99,2,119.92,2,,,120.39,4,120.4,5,120.41,1,120.44,3,120.45,2,120.56,2,120.57,2,120.58,2,120.59,11,120.6,6
2020-10-29 09:33:08,120.27,120.27,1,120.14,5,120.4,5,120.4,120.14,120.14,5,120.13,7,120.12,6,120.11,1,120.1,3,120.01,8,120.0,4,119.99,2,119.92,2,,,120.4,5,120.41,1,120.44,3,120.45,2,120.56,2,120.57,2,120.58,2,120.59,11,120.6,6,120.8,4
2020-10-29 09:33:09,120.275,120.27,1,120.15,3,120.4,5,120.4,120.15,120.15,3,120.14,5,120.13,7,120.12,6,120.11,1,120.1,3,120.01,8,120.0,4,119.99,2,119.92,2,120.4,5,120.41,1,120.44,3,120.45,2,120.56,2,120.57,2,120.58,2,120.59,11,120.6,6,120.8,4
2020-10-29 09:33:10,120.13,120.14,1,119.95,1,120.31,2,120.31,119.95,119.95,1,119.92,2,,,,,,,,,,,,,,,,,120.31,2,120.32,4,120.33,2,120.34,6,120.39,3,120.4,5,120.41,1,120.44,3,120.45,2,120.56,2
2020-10-29 09:33:11,120.165,120.3,1,120.02,1,120.31,2,120.31,120.02,120.02,1,119.95,1,119.92,2,,,,,,,,,,,,,,,120.31,2,120.32,4,120.33,2,120.34,6,120.39,3,120.4,5,120.41,1,120.44,3,120.45,2,120.56,2
2020-10-29 09:33:12,120.17,120.3,1,120.03,1,120.31,2,120.31,120.03,120.03,1,119.97,1,119.95,1,119.92,2,,,,,,,,,,,,,120.31,2,120.32,4,120.33,2,120.34,6,120.39,3,120.4,5,120.41,1,120.44,3,120.45,2,120.56,2
2020-10-29 09:33:13,120.22,120.3,1,120.05,3,120.39,5,120.39,120.05,120.05,3,120.04,4,120.03,1,119.97,1,119.95,1,119.92,2,,,,,,,,,120.39,5,120.4,5,120.41,1,120.44,3,120.45,2,120.56,2,120.57,2,120.58,2,120.59,11,120.6,6
2020-10-29 09:33:14,120.215,120.3,1,120.04,2,120.39,5,120.39,120.04,120.04,2,120.03,1,119.97,1,119.95,1,119.92,2,,,,,,,,,,,120.39,5,120.4,5,120.41,1,120.44,3,120.45,2,120.56,2,120.57,2,120.58,2,120.59,11,120.6,6
2020-10-29 09:33:15,120.215,120.3,1,120.04,2,120.39,5,120.39,120.04,120.04,2,120.03,1,119.97,1,119.95,1,119.92,2,,,,,,,,,,,120.39,5,120.4,5,120.41,1,120.44,3,120.45,2,120.56,2,120.57,2,120.58,2,120.59,11,120.6,6
2020-10-29 09:33:16,120.215,120.3,1,120.04,2,120.39,5,120.39,120.04,120.04,2,120.03,1,119.97,1,119.95,1,119.92,2,,,,,,,,,,,120.39,5,120.4,5,120.41,1,120.44,3,120.45,2,120.56,2,120.57,2,120.58,2,120.59,11,120.6,6
2020-10-29 09:33:17,120.215,120.3,1,120.04,2,120.39,5,120.39,120.04,120.04,2,120.03,1,119.97,1,119.95,1,119.92,2,,,,,,,,,,,120.39,5,120.4,5,120.41,1,120.44,3,120.45,2,120.56,2,120.57,2,120.58,2,120.59,11,120.6,6
2020-10-29 09:33:18,120.215,120.3,1,120.04,2,120.39,5,120.39,120.04,120.04,2,120.03,1,119.97,1,119.95,1,119.92,2,,,,,,,,,,,120.39,5,120.4,5,120.41,1,120.44,3,120.45,2,120.56,2,120.57,2,120.58,2,120.59,11,120.6,6
2020-10-29 09:33:19,120.215,120.3,1,120.04,2,120.39,5,120.39,120.04,120.04,2,120.03,1,119.97,1,119.95,1,119.92,2,,,,,,,,,,,120.39,5,120.4,5,120.41,1,120.44,3,120.45,2,120.56,2,120.57,2,120.58,2,120.59,11,120.6,6
2020-10-29 09:33:20,120.215,120.3,1,120.04,2,120.39,5,120.39,120.04,120.04,2,120.03,1,119.97,1,119.95,1,119.92,2,,,,,,,,,,,120.39,5,120.4,5,120.41,1,120.44,3,120.45,2,120.56,2,120.57,2,120.58,2,120.59,11,120.6,6
2020-10-29 09:33:21,120.215,120.3,1,120.04,2,120.39,5,120.39,120.04,120.04,2,120.03,1,119.97,1,119.95,1,119.92,2,,,,,,,,,,,120.39,5,120.4,5,120.41,1,120.44,3,120.45,2,120.56,2,120.57,2,120.58,2,120.59,11,120.6,6
2020-10-29 09:33:22,120.225,120.3,1,120.06,4,120.39,5,120.39,120.06,120.06,4,120.05,2,120.04,2,120.03,1,119.97,1,119.95,1,119.92,2,,,,,,,120.39,5,120.4,5,120.41,1,120.44,3,120.45,2,120.56,2,120.57,2,120.58,2,120.59,11,120.6,6
2020-10-29 09:33:23,120.22,120.3,1,120.05,2,120.39,7,120.39,120.05,120.05,2,120.04,2,120.03,1,119.97,1,119.95,1,119.92,2,,,,,,,,,120.39,7,120.4,5,120.41,1,120.44,3,120.45,2,120.56,2,120.57,2,120.58,2,120.59,11,120.6,6
2020-10-29 09:33:24,120.22,120.3,1,120.05,2,120.39,8,120.39,120.05,120.05,2,120.04,2,120.03,1,119.97,1,119.95,1,119.92,2,,,,,,,,,120.39,8,120.4,5,120.41,1,120.44,3,120.45,2,120.56,2,120.57,2,120.58,2,120.59,11,120.6,6
2020-10-29 09:33:25,120.22,120.3,1,120.05,2,120.39,8,120.39,120.05,120.05,2,120.04,2,120.03,1,119.97,1,119.95,1,119.92,2,,,,,,,,,120.39,8,120.4,5,120.41,1,120.44,3,120.45,2,120.56,2,120.57,2,120.58,2,120.59,11,120.6,6
2020-10-29 09:33:26,120.22,120.3,1,120.05,2,120.39,8,120.39,120.05,120.05,2,120.04,2,120.03,1,119.97,1,119.95,1,119.92,2,,,,,,,,,120.39,8,120.4,5,120.41,1,120.44,3,120.45,2,120.56,2,120.57,2,120.58,2,120.59,11,120.6,6
2020-10-29 09:33:27,120.22,120.3,1,120.05,2,120.39,8,120.39,120.05,120.05,2,120.04,2,120.03,1,119.97,1,119.95,1,119.92,2,,,,,,,,,120.39,8,120.4,5,120.41,1,120.44,3,120.45,2,120.56,2,120.57,2,120.58,2,120.59,11,120.6,6
2020-10-29 09:33:28,120.225,120.3,1,120.06,4,120.39,8,120.39,120.06,120.06,4,120.05,2,120.04,2,120.03,1,119.97,1,119.95,1,119.92,2,,,,,,,120.39,8,120.4,5,120.41,1,120.44,3,120.45,2,120.56,2,120.57,2,120.58,2,120.59,11,120.6,6
2020-10-29 09:33:29,120.245,120.31,1,120.12,5,120.37,2,120.37,120.12,120.12,5,120.1,4,120.09,3,120.08,3,120.07,3,120.06,3,120.05,2,120.04,2,120.03,1,119.97,1,120.37,2,120.38,3,120.39,10,120.4,5,120.41,1,120.44,3,120.45,2,120.56,2,120.57,2,120.58,2
2020-10-29 09:33:30,120.24,120.31,1,120.11,1,120.37,2,120.37,120.11,120.11,1,120.1,4,120.09,3,120.08,3,120.07,3,120.06,3,120.05,2,120.04,2,120.03,1,119.97,1,120.37,2,120.38,3,120.39,10,120.4,5,120.41,1,120.44,3,120.45,2,120.56,2,120.57,2,120.58,2
2020-10-29 09:33:31,120.245,120.31,1,120.12,2,120.37,1,120.37,120.12,120.12,2,120.11,1,120.1,4,120.09,3,120.08,3,120.07,3,120.06,3,120.05,2,120.04,2,120.03,1,120.37,1,120.38,2,120.39,10,120.4,5,120.41,1,120.44,3,120.45,2,120.56,2,120.57,2,120.58,2
2020-10-29 09:33:32,120.26,120.31,1,120.15,4,120.37,2,120.37,120.15,120.15,4,120.14,3,120.13,3,120.12,2,120.11,1,120.1,4,120.09,3,120.08,3,120.07,3,120.06,3,120.37,2,120.38,2,120.39,10,120.4,5,120.41,1,120.44,3,120.45,2,120.56,2,120.57,2,120.58,2
2020-10-29 09:33:33,120.275,120.31,1,120.16,3,120.39,11,120.39,120.16,120.16,3,120.15,4,120.14,3,120.13,3,120.12,2,120.11,1,120.1,4,120.09,3,120.08,3,120.07,3,120.39,11,120.4,5,120.41,1,120.44,3,120.45,2,120.56,2,120.57,2,120.58,2,120.59,11,120.6,6
2020-10-29 09:33:34,120.255,120.28,1,120.15,3,120.36,2,120.36,120.15,120.15,3,120.14,3,120.13,3,120.12,2,120.11,1,120.1,4,120.09,3,120.08,3,120.07,3,120.06,3,120.36,2,120.37,3,120.39,11,120.4,5,120.41,1,120.44,3,120.45,2,120.56,2,120.57,2,120.58,2
2020-10-29 09:33:35,120.255,120.28,1,120.15,3,120.36,3,120.36,120.15,120.15,3,120.14,3,120.13,3,120.12,2,120.11,1,120.1,4,120.09,3,120.08,3,120.07,3,120.06,3,120.36,3,120.37,3,120.39,11,120.4,5,120.41,1,120.44,3,120.45,2,120.56,2,120.57,2,120.58,2
2020-10-29 09:33:36,120.215,120.12,1,120.12,1,120.31,4,120.31,120.12,120.12,1,120.11,1,120.1,4,120.09,3,120.08,3,120.07,3,120.06,3,120.05,2,120.04,2,120.03,1,120.31,4,120.32,5,120.33,1,120.36,3,120.37,3,120.39,11,120.4,5,120.41,1,120.44,3,120.45,2
2020-10-29 09:33:37,120.215,120.12,1,120.12,1,120.31,4,120.31,120.12,120.12,1,120.11,1,120.1,4,120.09,3,120.08,3,120.07,3,120.06,3,120.05,2,120.04,2,120.03,1,120.31,4,120.32,5,120.33,1,120.36,3,120.37,3,120.39,11,120.4,5,120.41,1,120.44,3,120.45,2
2020-10-29 09:33:38,120.185,120.12,1,120.1,5,120.27,3,120.27,120.1,120.1,5,120.09,3,120.08,3,120.07,3,120.06,3,120.05,2,120.04,2,120.03,1,119.97,1,119.95,1,120.27,3,120.31,4,120.32,5,120.33,1,120.36,3,120.37,3,120.39,11,120.4,5,120.41,1,120.44,3
2020-10-29 09:33:39,120.185,120.12,1,120.1,5,120.27,3,120.27,120.1,120.1,5,120.09,3,120.08,3,120.07,3,120.06,3,120.05,2,120.04,2,120.03,1,119.97,1,119.95,1,120.27,3,120.31,4,120.32,5,120.33,1,120.36,3,120.37,3,120.39,11,120.4,5,120.41,1,120.44,3
2020-10-29 09:33:40,120.185,120.12,1,120.1,5,120.27,3,120.27,120.1,120.1,5,120.09,3,120.08,3,120.07,3,120.06,3,120.05,2,120.04,2,120.03,1,119.97,1,119.95,1,120.27,3,120.31,4,120.32,5,120.33,1,120.36,3,120.37,3,120.39,11,120.4,5,120.41,1,120.44,3
2020-10-29 09:33:41,120.18,120.12,1,120.1,5,120.26,6,120.26,120.1,120.1,5,120.09,3,120.08,3,120.07,3,120.06,3,120.05,2,120.04,2,120.03,1,119.97,1,119.95,1,120.26,6,120.27,4,120.31,4,120.32,5,120.33,1,120.36,3,120.37,3,120.39,11,120.4,5,120.41,1
2020-10-29 09:33:42,120.18,120.12,1,120.1,5,120.26,6,120.26,120.1,120.1,5,120.09,3,120.08,3,120.07,3,120.06,3,120.05,2,120.04,2,120.03,1,119.97,1,119.95,1,120.26,6,120.27,4,120.31,4,120.32,5,120.33,1,120.36,3,120.37,3,120.39,11,120.4,5,120.41,1
2020-10-29 09:33:43,120.18,120.12,1,120.1,5,120.26,6,120.26,120.1,120.1,5,120.09,3,120.08,3,120.07,3,120.06,3,120.05,2,120.04,2,120.03,1,119.97,1,119.95,1,120.26,6,120.27,4,120.31,4,120.32,5,120.33,1,120.36,3,120.37,3,120.39,11,120.4,5,120.41,1
2020-10-29 09:33:44,120.18,120.12,1,120.1,5,120.26,7,120.26,120.1,120.1,5,120.09,3,120.08,3,120.07,3,120.06,3,120.05,2,120.04,2,120.03,1,119.97,1,119.95,1,120.26,7,120.27,4,120.31,4,120.32,5,120.33,1,120.36,3,120.37,3,120.39,11,120.4,5,120.41,1
2020-10-29 09:33:45,120.18,120.12,1,120.1,6,120.26,5,120.26,120.1,120.1,6,120.09,3,120.08,3,120.07,3,120.06,3,120.05,2,120.04,2,120.03,1,119.97,1,119.95,1,120.26,5,120.27,4,120.31,4,120.32,5,120.33,1,120.36,3,120.37,3,120.39,11,120.4,5,120.41,1
2020-10-29 09:33:46,120.18,120.12,1,120.1,6,120.26,5,120.26,120.1,120.1,6,120.09,3,120.08,3,120.07,3,120.06,3,120.05,2,120.04,2,120.03,1,119.97,1,119.95,1,120.26,5,120.27,4,120.31,4,120.32,5,120.33,1,120.36,3,120.37,3,120.39,11,120.4,5,120.41,1
2020-10-29 09:33:47,120.18,120.12,1,120.1,6,120.26,5,120.26,120.1,120.1,6,120.09,3,120.08,3,120.07,3,120.06,3,120.05,2,120.04,2,120.03,1,119.97,1,119.95,1,120.26,5,120.27,4,120.31,4,120.32,5,120.33,1,120.36,3,120.37,3,120.39,11,120.4,5,120.41,1
2020-10-29 09:33:48,120.18,120.12,1,120.1,6,120.26,5,120.26,120.1,120.1,6,120.09,3,120.08,3,120.07,3,120.06,3,120.05,2,120.04,2,120.03,1,119.97,1,119.95,1,120.26,5,120.27,4,120.31,4,120.32,5,120.33,1,120.36,3,120.37,3,120.39,11,120.4,5,120.41,1
2020-10-29 09:33:49,120.14,120.1,1,120.02,1,120.26,7,120.26,120.02,120.02,1,120.0,3,119.99,3,119.98,3,119.97,1,119.95,1,119.92,2,,,,,,,120.26,7,120.27,4,120.31,4,120.32,5,120.33,1,120.36,3,120.37,3,120.39,11,120.4,5,120.41,1
2020-10-29 09:33:50,120.145,120.1,1,120.03,2,120.26,8,120.26,120.03,120.03,2,120.02,1,120.0,3,119.99,3,119.98,3,119.97,1,119.95,1,119.92,2,,,,,120.26,8,120.27,4,120.31,4,120.32,5,120.33,1,120.36,3,120.37,3,120.39,11,120.4,5,120.41,1
2020-10-29 09:33:51,120.145,120.1,1,120.03,2,120.26,8,120.26,120.03,120.03,2,120.02,1,120.0,3,119.99,3,119.98,3,119.97,1,119.95,1,119.92,2,,,,,120.26,8,120.27,4,120.31,4,120.32,5,120.33,1,120.36,3,120.37,3,120.39,11,120.4,5,120.41,1
2020-10-29 09:33:52,120.16,120.08,1,120.07,2,120.25,3,120.25,120.07,120.07,2,120.06,2,120.05,1,120.04,3,120.03,2,120.02,1,120.0,3,119.99,3,119.98,3,119.97,1,120.25,3,120.26,7,120.27,4,120.31,4,120.32,5,120.33,1,120.36,3,120.37,3,120.39,11,120.4,5
2020-10-29 09:33:53,120.16,120.08,1,120.07,2,120.25,3,120.25,120.07,120.07,2,120.06,2,120.05,1,120.04,3,120.03,2,120.02,1,120.0,3,119.99,3,119.98,3,119.97,1,120.25,3,120.26,7,120.27,4,120.31,4,120.32,5,120.33,1,120.36,3,120.37,3,120.39,11,120.4,5
2020-10-29 09:33:54,120.16,120.08,1,120.07,2,120.25,3,120.25,120.07,120.07,2,120.06,2,120.05,1,120.04,3,120.03,2,120.02,1,120.0,3,119.99,3,119.98,3,119.97,1,120.25,3,120.26,7,120.27,4,120.31,4,120.32,5,120.33,1,120.36,3,120.37,3,120.39,11,120.4,5
2020-10-29 09:33:55,120.15,120.08,1,120.07,4,120.23,3,120.23,120.07,120.07,4,120.06,2,120.05,1,120.04,3,120.03,2,120.02,1,120.0,3,119.99,3,119.98,3,119.97,1,120.23,3,120.24,3,120.25,3,120.26,7,120.27,4,120.31,4,120.32,5,120.33,1,120.36,3,120.37,3
2020-10-29 09:33:56,120.16,120.08,1,120.08,1,120.24,3,120.24,120.08,120.08,1,120.07,4,120.06,2,120.05,1,120.04,3,120.03,2,120.02,1,120.0,3,119.99,3,119.98,3,120.24,3,120.25,3,120.26,7,120.27,4,120.31,4,120.32,5,120.33,1,120.36,3,120.37,3,120.39,11
2020-10-29 09:33:57,120.16,120.08,1,120.08,1,120.24,3,120.24,120.08,120.08,1,120.07,4,120.06,2,120.05,1,120.04,3,120.03,2,120.02,1,120.0,3,119.99,3,119.98,3,120.24,3,120.25,3,120.26,7,120.27,4,120.31,4,120.32,5,120.33,1,120.36,3,120.37,3,120.39,11
2020-10-29 09:33:58,120.14,120.08,1,120.05,2,120.23,3,120.23,120.05,120.05,2,120.04,3,120.03,2,120.02,1,120.0,3,119.99,3,119.98,3,119.97,1,119.95,1,119.92,2,120.23,3,120.24,3,120.25,3,120.26,7,120.27,4,120.31,4,120.32,5,120.33,1,120.36,3,120.37,3
2020-10-29 09:33:59,120.14,120.08,1,120.05,2,120.23,3,120.23,120.05,120.05,2,120.04,3,120.03,2,120.02,1,120.0,3,119.99,3,119.98,3,119.97,1,119.95,1,119.92,2,120.23,3,120.24,3,120.25,3,120.26,7,120.27,4,120.31,4,120.32,5,120.33,1,120.36,3,120.37,3
2020-10-29 09:34:00,120.14,120.08,1,120.05,2,120.23,3,120.23,120.05,120.05,2,120.04,3,120.03,2,120.02,1,120.0,3,119.99,3,119.98,3,119.97,1,119.95,1,119.92,2,120.23,3,120.24,3,120.25,3,120.26,7,120.27,4,120.31,4,120.32,5,120.33,1,120.36,3,120.37,3
2020-10-29 09:34:01,120.08,119.98,1,119.94,2,120.22,3,120.22,119.94,119.94,2,119.93,4,119.92,2,,,,,,,,,,,,,,,120.22,3,120.23,4,120.24,3,120.25,3,120.26,7,120.27,4,120.31,4,120.32,5,120.33,1,120.36,3
2020-10-29 09:34:02,120.025,120.08,1,119.89,1,120.16,4,120.16,119.89,119.89,1,119.88,3,,,,,,,,,,,,,,,,,120.16,4,120.17,4,120.18,6,120.19,4,120.2,3,120.21,3,120.22,3,120.23,4,120.24,3,120.25,3
2020-10-29 09:34:03,120.07,120.08,1,119.94,1,120.2,3,120.2,119.94,119.94,1,119.89,1,119.88,3,,,,,,,,,,,,,,,120.2,3,120.21,3,120.22,3,120.23,4,120.24,3,120.25,3,120.26,7,120.27,4,120.31,4,120.32,5
2020-10-29 09:34:04,120.07,120.08,1,119.94,1,120.2,3,120.2,119.94,119.94,1,119.89,1,119.88,3,,,,,,,,,,,,,,,120.2,3,120.21,3,120.22,3,120.23,4,120.24,3,120.25,3,120.26,7,120.27,4,120.31,4,120.32,5
2020-10-29 09:34:05,120.035,120.08,1,119.89,1,120.18,3,120.18,119.89,119.89,1,119.87,1,,,,,,,,,,,,,,,,,120.18,3,120.19,4,120.2,4,120.21,3,120.22,3,120.23,4,120.24,3,120.25,3,120.26,7,120.27,4
2020-10-29 09:34:06,120.03,120.08,1,119.89,1,120.17,4,120.17,119.89,119.89,1,119.87,1,,,,,,,,,,,,,,,,,120.17,4,120.18,3,120.19,4,120.2,4,120.21,3,120.22,3,120.23,4,120.24,3,120.25,3,120.26,7
2020-10-29 09:34:07,120.025,120.08,1,119.89,1,120.16,4,120.16,119.89,119.89,1,119.87,1,,,,,,,,,,,,,,,,,120.16,4,120.17,4,120.18,3,120.19,4,120.2,4,120.21,3,120.22,3,120.23,4,120.24,3,120.25,3
2020-10-29 09:34:08,120.01,120.02,1,119.87,1,120.15,4,120.15,119.87,119.87,1,,,,,,,,,,,,,,,,,,,120.15,4,120.16,5,120.17,4,120.18,3,120.19,4,120.2,4,120.21,3,120.22,3,120.23,4,120.24,3
2020-10-29 09:34:09,120.02,120.02,1,119.89,1,120.15,4,120.15,119.89,119.89,1,119.87,1,,,,,,,,,,,,,,,,,120.15,4,120.18,3,120.19,4,120.2,4,120.21,3,120.22,3,120.23,4,120.24,3,120.25,3,120.26,7
2020-10-29 09:34:10,120.005,120.02,1,119.87,1,120.14,3,120.14,119.87,119.87,1,,,,,,,,,,,,,,,,,,,120.14,3,120.15,4,120.18,3,120.19,4,120.2,4,120.21,3,120.22,3,120.23,4,120.24,3,120.25,3
2020-10-29 09:34:11,120.025,120.02,1,119.94,1,120.11,3,120.11,119.94,119.94,1,119.86,4,,,,,,,,,,,,,,,,,120.11,3,120.12,3,120.13,4,120.14,5,120.15,4,120.18,3,120.19,4,120.2,4,120.21,3,120.22,3
2020-10-29 09:34:12,120.025,120.02,1,119.94,1,120.11,3,120.11,119.94,119.94,1,119.86,4,,,,,,,,,,,,,,,,,120.11,3,120.12,3,120.13,4,120.14,5,120.15,4,120.18,3,120.19,4,120.2,4,120.21,3,120.22,3
2020-10-29 09:34:13,119.985,120.02,1,119.86,4,120.11,3,120.11,119.86,119.86,4,,,,,,,,,,,,,,,,,,,120.11,3,120.12,3,120.13,4,120.14,5,120.15,4,120.18,3,120.19,4,120.2,4,120.21,3,120.22,3
2020-10-29 09:34:14,119.985,120.02,1,119.86,4,120.11,3,120.11,119.86,119.86,4,,,,,,,,,,,,,,,,,,,120.11,3,120.12,3,120.13,4,120.14,5,120.15,4,120.18,3,120.19,4,120.2,4,120.21,3,120.22,3
2020-10-29 09:34:15,119.985,119.99,5,119.86,4,120.11,3,120.11,119.86,119.86,4,,,,,,,,,,,,,,,,,,,120.11,3,120.12,3,120.13,4,120.14,5,120.15,4,120.18,3,120.19,4,120.2,4,120.21,3,120.22,3
2020-10-29 09:34:16,120.015,119.99,5,119.94,1,120.09,6,120.09,119.94,119.94,1,119.86,4,,,,,,,,,,,,,,,,,120.09,6,120.1,4,120.11,3,120.12,3,120.13,4,120.14,5,120.15,4,120.18,3,120.19,4,120.2,4
2020-10-29 09:34:17,120.015,119.99,5,119.94,1,120.09,6,120.09,119.94,119.94,1,119.86,4,,,,,,,,,,,,,,,,,120.09,6,120.1,4,120.11,3,120.12,3,120.13,4,120.14,5,120.15,4,120.18,3,120.19,4,120.2,4
2020-10-29 09:34:18,120.005,119.99,5,119.94,1,120.07,3,120.07,119.94,119.94,1,119.86,4,,,,,,,,,,,,,,,,,120.07,3,120.08,3,120.09,7,120.1,4,120.11,3,120.12,3,120.13,4,120.14,5,120.15,4,120.18,3
2020-10-29 09:34:19,120.0,119.99,5,119.94,1,120.06,3,120.06,119.94,119.94,1,119.86,4,,,,,,,,,,,,,,,,,120.06,3,120.07,3,120.09,7,120.1,4,120.11,3,120.12,3,120.13,4,120.14,5,120.15,4,120.18,3
2020-10-29 09:34:20,119.925,120.0,1,119.8,3,120.05,6,120.05,119.8,119.8,3,,,,,,,,,,,,,,,,,,,120.05,6,120.06,3,120.09,7,120.1,4,120.11,3,120.12,3,120.13,4,120.14,5,120.15,4,120.18,3
2020-10-29 09:34:21,119.905,120.0,1,119.8,4,120.01,4,120.01,119.8,119.8,4,,,,,,,,,,,,,,,,,,,120.01,4,120.02,4,120.03,4,120.04,7,120.05,4,120.06,3,120.09,7,120.1,4,120.11,3,120.12,3
2020-10-29 09:34:22,119.9,120.0,1,119.81,2,119.99,5,119.99,119.81,119.81,2,119.8,4,,,,,,,,,,,,,,,,,119.99,5,120.0,3,120.01,3,120.02,3,120.03,4,120.04,7,120.05,4,120.06,3,120.09,7,120.1,4
2020-10-29 09:34:23,119.905,120.0,1,119.82,3,119.99,7,119.99,119.82,119.82,3,119.81,2,119.8,4,,,,,,,,,,,,,,,119.99,7,120.0,3,120.01,3,120.02,3,120.03,4,120.04,7,120.05,4,120.06,3,120.09,7,120.1,4
2020-10-29 09:34:24,119.9,120.0,1,119.81,2,119.99,7,119.99,119.81,119.81,2,119.8,4,,,,,,,,,,,,,,,,,119.99,7,120.0,3,120.01,3,120.02,3,120.03,4,120.04,7,120.05,4,120.06,3,120.09,7,120.1,4
2020-10-29 09:34:25,119.9,120.0,1,119.81,2,119.99,7,119.99,119.81,119.81,2,119.8,4,,,,,,,,,,,,,,,,,119.99,7,120.0,3,120.01,3,120.02,3,120.03,4,120.04,7,120.05,4,120.06,3,120.09,7,120.1,4
2020-10-29 09:34:26,119.9,120.0,1,119.81,2,119.99,7,119.99,119.81,119.81,2,119.8,4,,,,,,,,,,,,,,,,,119.99,7,120.0,3,120.01,3,120.02,3,120.03,4,120.04,7,120.05,4,120.06,3,120.09,7,120.1,4
2020-10-29 09:34:27,119.905,120.0,1,119.82,1,119.99,7,119.99,119.82,119.82,1,119.81,2,119.8,4,,,,,,,,,,,,,,,119.99,7,120.0,3,120.01,3,120.02,3,120.03,4,120.04,7,120.05,4,120.06,3,120.09,7,120.1,4
2020-10-29 09:34:28,119.9,120.0,1,119.81,2,119.99,7,119.99,119.81,119.81,2,119.8,4,,,,,,,,,,,,,,,,,119.99,7,120.0,3,120.01,3,120.02,3,120.03,4,120.04,7,120.05,4,120.06,3,120.09,7,120.1,4
2020-10-29 09:34:29,119.9,120.0,1,119.81,2,119.99,7,119.99,119.81,119.81,2,119.8,4,,,,,,,,,,,,,,,,,119.99,7,120.0,3,120.01,3,120.02,3,120.03,4,120.04,7,120.05,4,120.06,3,120.09,7,120.1,4
2020-10-29 09:34:30,119.895,120.0,1,119.81,4,119.98,4,119.98,119.81,119.81,4,119.8,4,,,,,,,,,,,,,,,,,119.98,4,119.99,9,120.0,3,120.01,3,120.02,3,120.03,4,120.04,7,120.05,4,120.06,3,120.09,7
2020-10-29 09:34:31,119.895,120.0,1,119.81,4,119.98,4,119.98,119.81,119.81,4,119.8,4,,,,,,,,,,,,,,,,,119.98,4,119.99,9,120.0,3,120.01,3,120.02,3,120.03,4,120.04,7,120.05,4,120.06,3,120.09,7
2020-10-29 09:34:32,119.895,120.0,1,119.81,4,119.98,4,119.98,119.81,119.81,4,119.8,4,,,,,,,,,,,,,,,,,119.98,4,119.99,9,120.0,3,120.01,3,120.02,3,120.03,4,120.04,7,120.05,4,120.06,3,120.09,7
2020-10-29 09:34:33,119.895,120.0,1,119.81,4,119.98,4,119.98,119.81,119.81,4,119.8,4,,,,,,,,,,,,,,,,,119.98,4,119.99,9,120.0,3,120.01,3,120.02,3,120.03,4,120.04,7,120.05,4,120.06,3,120.09,7
2020-10-29 09:34:34,119.895,120.0,1,119.81,4,119.98,4,119.98,119.81,119.81,4,119.8,4,,,,,,,,,,,,,,,,,119.98,4,119.99,9,120.0,3,120.01,3,120.02,3,120.03,4,120.04,7,120.05,4,120.06,3,120.09,7
2020-10-29 09:34:35,119.895,120.0,1,119.81,4,119.98,4,119.98,119.81,119.81,4,119.8,4,,,,,,,,,,,,,,,,,119.98,4,119.99,9,120.0,3,120.01,3,120.02,3,120.03,4,120.04,7,120.05,4,120.06,3,120.09,7
2020-10-29 09:34:36,119.895,120.0,1,119.81,4,119.98,4,119.98,119.81,119.81,4,119.8,4,,,,,,,,,,,,,,,,,119.98,4,119.99,9,120.0,3,120.01,3,120.02,3,120.03,4,120.04,7,120.05,4,120.06,3,120.09,7
2020-10-29 09:34:37,119.895,120.0,1,119.81,4,119.98,4,119.98,119.81,119.81,4,119.8,4,,,,,,,,,,,,,,,,,119.98,4,119.99,9,120.0,3,120.01,3,120.02,3,120.03,4,120.04,7,120.05,4,120.06,3,120.09,7
2020-10-29 09:34:38,119.925,119.86,1,119.86,4,119.99,12,119.99,119.86,119.86,4,119.85,3,119.81,3,119.8,4,,,,,,,,,,,,,119.99,12,120.0,3,120.01,3,120.02,3,120.03,4,120.04,7,120.05,4,120.06,3,120.09,7,120.1,4
2020-10-29 09:34:39,119.925,119.99,1,119.86,4,119.99,12,119.99,119.86,119.86,4,119.85,3,119.81,3,119.8,4,,,,,,,,,,,,,119.99,12,120.0,3,120.01,3,120.02,3,120.03,4,120.04,7,120.05,4,120.06,3,120.09,7,120.1,4
2020-10-29 09:34:40,119.85,119.79,1,119.75,2,119.95,4,119.95,119.75,119.75,2,119.71,1,,,,,,,,,,,,,,,,,119.95,4,119.96,5,119.97,6,119.98,8,119.99,12,120.0,3,120.01,3,120.02,3,120.03,4,120.04,7
2020-10-29 09:34:41,119.855,119.79,1,119.76,1,119.95,2,119.95,119.76,119.76,1,119.75,2,119.71,1,,,,,,,,,,,,,,,119.95,2,119.96,5,119.97,6,119.98,8,119.99,12,120.0,3,120.01,3,120.02,3,120.03,4,120.04,7
2020-10-29 09:34:42,119.87,119.8,1,119.76,1,119.98,6,119.98,119.76,119.76,1,119.75,2,119.71,1,,,,,,,,,,,,,,,119.98,6,119.99,12,120.0,3,120.01,3,120.02,3,120.03,4,120.04,7,120.05,4,120.06,3,120.09,7
2020-10-29 09:34:43,119.87,119.8,1,119.76,1,119.98,8,119.98,119.76,119.76,1,119.75,2,119.71,1,,,,,,,,,,,,,,,119.98,8,119.99,12,120.0,3,120.01,3,120.02,3,120.03,4,120.04,7,120.05,4,120.06,3,120.09,7
2020-10-29 09:34:44,119.87,119.79,1,119.76,1,119.98,8,119.98,119.76,119.76,1,119.75,2,119.71,1,,,,,,,,,,,,,,,119.98,8,119.99,12,120.0,3,120.01,3,120.02,3,120.03,4,120.04,7,120.05,4,120.06,3,120.09,7
2020-10-29 09:34:45,119.87,119.79,1,119.76,1,119.98,8,119.98,119.76,119.76,1,119.75,2,119.71,1,,,,,,,,,,,,,,,119.98,8,119.99,12,120.0,3,120.01,3,120.02,3,120.03,4,120.04,7,120.05,4,120.06,3,120.09,7
2020-10-29 09:34:46,119.855,119.79,1,119.76,1,119.95,2,119.95,119.76,119.76,1,119.71,1,,,,,,,,,,,,,,,,,119.95,2,119.96,3,119.98,8,119.99,12,120.0,3,120.01,3,120.02,3,120.03,4,120.04,7,120.05,4
2020-10-29 09:34:47,119.855,119.79,1,119.76,1,119.95,2,119.95,119.76,119.76,1,119.71,1,,,,,,,,,,,,,,,,,119.95,2,119.96,3,119.98,8,119.99,12,120.0,3,120.01,3,120.02,3,120.03,4,120.04,7,120.05,4
2020-10-29 09:34:48,119.855,119.79,1,119.76,1,119.95,2,119.95,119.76,119.76,1,119.71,1,,,,,,,,,,,,,,,,,119.95,2,119.96,3,119.98,8,119.99,12,120.0,3,120.01,3,120.02,3,120.03,4,120.04,7,120.05,4
2020-10-29 09:34:49,119.85,119.79,1,119.76,1,119.94,2,119.94,119.76,119.76,1,119.71,2,,,,,,,,,,,,,,,,,119.94,2,119.95,2,119.96,3,119.98,8,119.99,12,120.0,3,120.01,3,120.02,3,120.03,4,120.04,7
2020-10-29 09:34:50,119.85,119.79,1,119.76,1,119.94,2,119.94,119.76,119.76,1,119.71,2,,,,,,,,,,,,,,,,,119.94,2,119.95,2,119.96,3,119.98,8,119.99,12,120.0,3,120.01,3,120.02,3,120.03,4,120.04,7
2020-10-29 09:34:51,119.825,119.79,1,119.71,2,119.94,2,119.94,119.71,119.71,2,,,,,,,,,,,,,,,,,,,119.94,2,119.95,2,119.96,3,119.98,8,119.99,12,120.0,3,120.01,3,120.02,3,120.03,4,120.04,7
2020-10-29 09:34:52,119.78,119.69,1,119.63,3,119.93,5,119.93,119.63,119.63,3,119.62,3,119.59,1,119.56,4,,,,,,,,,,,,,119.93,5,119.94,3,119.95,2,119.96,3,119.98,8,119.99,12,120.0,3,120.01,3,120.02,3,120.03,4
2020-10-29 09:34:53,119.78,119.64,2,119.63,5,119.93,9,119.93,119.63,119.63,5,119.62,3,119.59,1,119.56,4,,,,,,,,,,,,,119.93,9,119.94,3,119.95,2,119.96,3,119.98,8,119.99,12,120.0,3,120.01,3,120.02,3,120.03,4
2020-10-29 09:34:54,119.775,119.69,1,119.63,5,119.92,2,119.92,119.63,119.63,5,119.62,3,119.59,1,119.56,4,,,,,,,,,,,,,119.92,2,119.93,9,119.94,3,119.95,2,119.96,3,119.98,8,119.99,12,120.0,3,120.01,3,120.02,3
2020-10-29 09:34:55,119.755,119.69,1,119.59,3,119.92,5,119.92,119.59,119.59,3,119.56,4,,,,,,,,,,,,,,,,,119.92,5,119.93,9,119.94,3,119.95,2,119.96,3,119.98,8,119.99,12,120.0,3,120.01,3,120.02,3
2020-10-29 09:34:56,119.755,119.69,1,119.59,3,119.92,5,119.92,119.59,119.59,3,119.56,4,,,,,,,,,,,,,,,,,119.92,5,119.93,9,119.94,3,119.95,2,119.96,3,119.98,8,119.99,12,120.0,3,120.01,3,120.02,3
2020-10-29 09:34:57,119.775,119.69,1,119.63,1,119.92,9,119.92,119.63,119.63,1,119.59,3,119.56,4,,,,,,,,,,,,,,,119.92,9,119.93,9,119.94,3,119.95,2,119.96,3,119.98,8,119.99,12,120.0,3,120.01,3,120.02,3
2020-10-29 09:34:58,119.75,119.75,1,119.59,4,119.91,7,119.91,119.59,119.59,4,119.56,4,,,,,,,,,,,,,,,,,119.91,7,119.92,10,119.93,9,119.94,3,119.95,2,119.96,3,119.98,8,119.99,12,120.0,3,120.01,3
2020-10-29 09:34:59,119.75,119.75,1,119.59,4,119.91,7,119.91,119.59,119.59,4,119.56,4,,,,,,,,,,,,,,,,,119.91,7,119.92,10,119.93,9,119.94,3,119.95,2,119.96,3,119.98,8,119.99,12,120.0,3,120.01,3
2020-10-29 09:35:00,119.755,119.75,1,119.59,3,119.92,11,119.92,119.59,119.59,3,119.52,2,119.51,1,119.49,3,,,,,,,,,,,,,119.92,11,119.93,9,119.94,3,119.95,2,119.96,3,119.98,8,119.99,12,120.0,3,120.01,3,120.02,3
2020-10-29 09:35:01,119.705,119.75,1,119.53,1,119.88,3,119.88,119.53,119.53,1,119.52,2,119.51,1,119.49,3,,,,,,,,,,,,,119.88,3,119.92,11,119.93,9,119.94,3,119.95,2,119.96,3,119.98,8,119.99,12,120.0,3,120.01,3
2020-10-29 09:35:02,119.635,119.75,1,119.52,1,119.75,5,119.75,119.52,119.52,1,119.51,1,119.49,3,,,,,,,,,,,,,,,119.75,5,119.76,2,119.8,1,119.88,6,119.92,11,119.93,9,119.94,3,119.95,2,119.96,3,119.98,8
2020-10-29 09:35:03,119.63,119.75,1,119.52,2,119.74,1,119.74,119.52,119.52,2,119.51,1,119.49,3,,,,,,,,,,,,,,,119.74,1,119.75,5,119.76,2,119.8,1,119.88,6,119.92,11,119.93,9,119.94,3,119.95,2,119.96,3
2020-10-29 09:35:04,119.67,119.75,1,119.59,1,119.75,4,119.75,119.59,119.59,1,119.52,2,119.51,1,119.49,3,,,,,,,,,,,,,119.75,4,119.76,2,119.8,1,119.88,6,119.92,11,119.93,9,119.94,3,119.95,2,119.96,3,119.98,8
2020-10-29 09:35:05,119.63,119.59,1,119.53,1,119.73,1,119.73,119.53,119.53,1,119.52,2,119.51,1,119.49,3,,,,,,,,,,,,,119.73,1,119.75,7,119.76,2,119.8,1,119.88,6,119.92,11,119.93,9,119.94,3,119.95,2,119.96,3
2020-10-29 09:35:06,119.63,119.59,1,119.53,2,119.73,1,119.73,119.53,119.53,2,119.52,2,119.51,1,119.49,3,,,,,,,,,,,,,119.73,1,119.75,7,119.76,2,119.8,1,119.88,6,119.92,11,119.93,9,119.94,3,119.95,2,119.96,3
2020-10-29 09:35:07,119.67,119.7,1,119.59,1,119.75,7,119.75,119.59,119.59,1,119.53,3,119.52,2,119.51,1,119.49,3,,,,,,,,,,,119.75,7,119.76,2,119.8,1,119.88,6,119.92,11,119.93,9,119.94,3,119.95,2,119.96,3,119.98,8
2020-10-29 09:35:08,119.67,119.7,1,119.59,1,119.75,7,119.75,119.59,119.59,1,119.53,3,119.52,2,119.51,1,119.49,3,,,,,,,,,,,119.75,7,119.76,2,119.8,1,119.88,6,119.92,11,119.93,9,119.94,3,119.95,2,119.96,3,119.98,8
2020-10-29 09:35:09,119.67,119.7,1,119.59,1,119.75,7,119.75,119.59,119.59,1,119.53,3,119.52,2,119.51,1,119.49,3,,,,,,,,,,,119.75,7,119.76,2,119.8,1,119.88,6,119.92,11,119.93,9,119.94,3,119.95,2,119.96,3,119.98,8
2020-10-29 09:35:10,119.68,119.7,1,119.61,4,119.75,7,119.75,119.61,119.61,4,119.6,4,119.59,4,119.53,3,119.52,2,119.51,1,119.49,3,,,,,,,119.75,7,119.76,2,119.8,1,119.88,6,119.92,11,119.93,9,119.94,3,119.95,2,119.96,3,119.98,8
2020-10-29 09:35:11,119.68,119.7,1,119.61,5,119.75,7,119.75,119.61,119.61,5,119.6,4,119.59,4,119.53,3,119.52,2,119.51,1,119.49,3,,,,,,,119.75,7,119.76,2,119.8,1,119.88,6,119.92,11,119.93,9,119.94,3,119.95,2,119.96,3,119.98,8
2020-10-29 09:35:12,119.665,119.7,1,119.58,1,119.75,8,119.75,119.58,119.58,1,119.53,3,119.52,2,119.51,1,119.49,3,,,,,,,,,,,119.75,8,119.76,2,119.8,1,119.88,6,119.92,11,119.93,9,119.94,3,119.95,2,119.96,3,119.98,8
2020-10-29 09:35:13,119.665,119.7,1,119.58,1,119.75,8,119.75,119.58,119.58,1,119.53,3,119.52,2,119.51,1,119.49,3,,,,,,,,,,,119.75,8,119.76,2,119.8,1,119.88,6,119.92,11,119.93,9,119.94,3,119.95,2,119.96,3,119.98,8
2020-10-29 09:35:14,119.66,119.7,1,119.58,2,119.74,4,119.74,119.58,119.58,2,119.53,3,119.52,2,119.51,1,119.49,3,,,,,,,,,,,119.74,4,119.75,8,119.76,2,119.8,1,119.88,6,119.92,11,119.93,9,119.94,3,119.95,2,119.96,3
2020-10-29 09:35:15,119.66,119.7,1,119.58,2,119.74,5,119.74,119.58,119.58,2,119.53,3,119.52,2,119.51,1,119.49,3,,,,,,,,,,,119.74,5,119.75,8,119.76,2,119.8,1,119.88,6,119.92,11,119.93,9,119.94,3,119.95,2,119.96,3
2020-10-29 09:35:16,119.66,119.7,1,119.58,2,119.74,5,119.74,119.58,119.58,2,119.53,3,119.52,2,119.51,1,119.49,3,,,,,,,,,,,119.74,5,119.75,8,119.76,2,119.8,1,119.88,6,119.92,11,119.93,9,119.94,3,119.95,2,119.96,3
2020-10-29 09:35:17,119.655,119.7,1,119.58,2,119.73,5,119.73,119.58,119.58,2,119.53,3,119.52,2,119.51,1,119.49,3,,,,,,,,,,,119.73,5,119.74,5,119.75,8,119.76,2,119.8,1,119.88,6,119.92,11,119.93,9,119.94,3,119.95,2
2020-10-29 09:35:18,119.54,119.7,1,119.5,1,119.58,1,119.58,119.5,119.5,1,119.48,1,,,,,,,,,,,,,,,,,119.58,1,119.65,4,119.66,2,119.73,5,119.74,5,119.75,8,119.76,2,119.8,1,119.88,6,119.92,11
2020-10-29 09:35:19,119.605,119.7,1,119.5,5,119.71,5,119.71,119.5,119.5,5,119.48,1,,,,,,,,,,,,,,,,,119.71,5,119.72,6,119.73,6,119.74,5,119.75,8,119.76,2,119.8,1,119.88,6,119.92,11,119.93,9
2020-10-29 09:35:20,119.61,119.72,1,119.5,5,119.72,5,119.72,119.5,119.5,5,119.48,1,,,,,,,,,,,,,,,,,119.72,5,119.73,6,119.74,5,119.75,8,119.76,2,119.8,1,119.88,6,119.92,11,119.93,9,119.94,3
2020-10-29 09:35:21,119.61,119.72,1,119.5,5,119.72,5,119.72,119.5,119.5,5,119.48,1,,,,,,,,,,,,,,,,,119.72,5,119.73,6,119.74,5,119.75,8,119.76,2,119.8,1,119.88,6,119.92,11,119.93,9,119.94,3
2020-10-29 09:35:22,119.65,119.75,1,119.54,3,119.76,4,119.76,119.54,119.54,3,119.51,3,119.5,7,119.48,1,,,,,,,,,,,,,119.76,4,119.8,1,119.88,6,119.92,11,119.93,9,119.94,3,119.95,2,119.96,3,119.98,8,119.99,12
2020-10-29 09:35:23,119.65,119.75,1,119.54,3,119.76,4,119.76,119.54,119.54,3,119.51,3,119.5,7,119.48,1,,,,,,,,,,,,,119.76,4,119.8,1,119.88,6,119.92,11,119.93,9,119.94,3,119.95,2,119.96,3,119.98,8,119.99,12
2020-10-29 09:35:24,119.645,119.75,1,119.54,3,119.75,7,119.75,119.54,119.54,3,119.51,3,119.5,7,119.48,1,,,,,,,,,,,,,119.75,7,119.76,6,119.8,1,119.88,6,119.92,11,119.93,9,119.94,3,119.95,2,119.96,3,119.98,8
2020-10-29 09:35:25,119.645,119.75,1,119.54,3,119.75,7,119.75,119.54,119.54,3,119.51,3,119.5,7,119.48,1,,,,,,,,,,,,,119.75,7,119.76,6,119.8,1,119.88,6,119.92,11,119.93,9,119.94,3,119.95,2,119.96,3,119.98,8
2020-10-29 09:35:26,119.645,119.75,1,119.54,3,119.75,7,119.75,119.54,119.54,3,119.51,3,119.5,7,119.48,1,,,,,,,,,,,,,119.75,7,119.76,6,119.8,1,119.88,6,119.92,11,119.93,9,119.94,3,119.95,2,119.96,3,119.98,8
2020-10-29 09:35:27,119.615,119.75,1,119.5,1,119.73,5,119.73,119.5,119.5,1,119.48,2,,,,,,,,,,,,,,,,,119.73,5,119.74,5,119.75,8,119.76,6,119.8,1,119.88,6,119.92,11,119.93,9,119.94,3,119.95,2
2020-10-29 09:35:28,119.615,119.75,1,119.5,1,119.73,5,119.73,119.5,119.5,1,119.48,2,,,,,,,,,,,,,,,,,119.73,5,119.74,5,119.75,8,119.76,6,119.8,1,119.88,6,119.92,11,119.93,9,119.94,3,119.95,2
2020-10-29 09:35:29,119.615,119.75,1,119.5,1,119.73,5,119.73,119.5,119.5,1,119.48,2,,,,,,,,,,,,,,,,,119.73,5,119.74,5,119.75,8,119.76,6,119.8,1,119.88,6,119.92,11,119.93,9,119.94,3,119.95,2
2020-10-29 09:35:30,119.615,119.75,1,119.5,2,119.73,5,119.73,119.5,119.5,2,119.48,2,,,,,,,,,,,,,,,,,119.73,5,119.74,5,119.75,8,119.76,6,119.8,1,119.88,6,119.92,11,119.93,9,119.94,3,119.95,2
2020-10-29 09:35:31,119.615,119.75,1,119.5,2,119.73,6,119.73,119.5,119.5,2,119.48,2,,,,,,,,,,,,,,,,,119.73,6,119.74,5,119.75,8,119.76,6,119.8,1,119.88,6,119.92,11,119.93,9,119.94,3,119.95,2
2020-10-29 09:35:32,119.475,119.42,1,119.39,2,119.56,5,119.56,119.39,119.39,2,,,,,,,,,,,,,,,,,,,119.56,5,119.57,5,119.58,5,119.59,5,119.6,5,119.61,3,119.62,7,119.63,3,119.64,3,119.65,5
2020-10-29 09:35:33,119.475,119.42,1,119.39,2,119.56,5,119.56,119.39,119.39,2,,,,,,,,,,,,,,,,,,,119.56,5,119.57,5,119.58,5,119.59,5,119.6,5,119.61,3,119.62,7,119.63,3,119.64,3,119.65,5
2020-10-29 09:35:34,119.44,119.42,1,119.33,3,119.55,8,119.55,119.33,119.33,3,119.32,1,119.3,1,,,,,,,,,,,,,,,119.55,8,119.56,5,119.57,5,119.58,5,119.59,5,119.6,5,119.61,3,119.62,7,119.63,3,119.64,3
2020-10-29 09:35:35,119.43,119.42,1,119.33,5,119.53,5,119.53,119.33,119.33,5,119.32,2,119.3,1,,,,,,,,,,,,,,,119.53,5,119.54,6,119.55,8,119.56,5,119.57,5,119.58,5,119.59,5,119.6,5,119.61,3,119.62,7
2020-10-29 09:35:36,119.425,119.42,1,119.32,2,119.53,7,119.53,119.32,119.32,2,119.3,1,,,,,,,,,,,,,,,,,119.53,7,119.54,6,119.55,8,119.56,5,119.57,5,119.58,5,119.59,5,119.6,5,119.61,3,119.62,7
2020-10-29 09:35:37,119.42,119.42,1,119.32,2,119.52,4,119.52,119.32,119.32,2,119.3,1,,,,,,,,,,,,,,,,,119.52,4,119.53,7,119.54,6,119.55,8,119.56,5,119.57,5,119.58,5,119.59,5,119.6,5,119.61,3
2020-10-29 09:35:38,119.425,119.42,1,119.32,3,119.53,6,119.53,119.32,119.32,3,119.3,1,,,,,,,,,,,,,,,,,119.53,6,119.54,6,119.55,8,119.56,5,119.57,5,119.58,5,119.59,5,119.6,5,119.61,3,119.62,7
2020-10-29 09:35:39,119.425,119.42,1,119.32,3,119.53,6,119.53,119.32,119.32,3,119.3,1,,,,,,,,,,,,,,,,,119.53,6,119.54,6,119.55,8,119.56,5,119.57,5,119.58,5,119.59,5,119.6,5,119.61,3,119.62,7
2020-10-29 09:35:40,119.415,119.42,1,119.31,2,119.52,4,119.52,119.31,119.31,2,119.3,1,,,,,,,,,,,,,,,,,119.52,4,119.53,6,119.54,6,119.55,8,119.56,5,119.57,5,119.58,5,119.59,5,119.6,5,119.61,3
2020-10-29 09:35:41,119.415,119.42,1,119.31,2,119.52,4,119.52,119.31,119.31,2,119.3,1,,,,,,,,,,,,,,,,,119.52,4,119.53,6,119.54,6,119.55,8,119.56,5,119.57,5,119.58,5,119.59,5,119.6,5,119.61,3
2020-10-29 09:35:42,119.415,119.42,1,119.31,2,119.52,4,119.52,119.31,119.31,2,119.3,1,,,,,,,,,,,,,,,,,119.52,4,119.53,6,119.54,6,119.55,8,119.56,5,119.57,5,119.58,5,119.59,5,119.6,5,119.61,3
2020-10-29 09:35:43,119.405,119.42,1,119.31,2,119.5,5,119.5,119.31,119.31,2,119.3,1,,,,,,,,,,,,,,,,,119.5,5,119.51,5,119.52,6,119.53,6,119.54,6,119.55,8,119.56,5,119.57,5,119.58,5,119.59,5
2020-10-29 09:35:44,119.4,119.42,1,119.3,1,119.5,5,119.5,119.3,119.3,1,,,,,,,,,,,,,,,,,,,119.5,5,119.51,5,119.52,6,119.53,6,119.54,6,119.55,8,119.56,5,119.57,5,119.58,5,119.59,5
2020-10-29 09:35:45,119.4,119.42,1,119.3,1,119.5,5,119.5,119.3,119.3,1,119.22,1,,,,,,,,,,,,,,,,,119.5,5,119.51,5,119.52,6,119.53,6,119.54,6,119.55,8,119.56,5,119.57,5,119.58,5,119.59,5
2020-10-29 09:35:46,119.34,119.42,1,119.19,2,119.49,5,119.49,119.19,119.19,2,,,,,,,,,,,,,,,,,,,119.49,5,119.5,5,119.51,5,119.52,6,119.53,6,119.54,6,119.55,8,119.56,5,119.57,5,119.58,5
2020-10-29 09:35:47,119.395,119.42,1,119.3,2,119.49,6,119.49,119.3,119.3,2,119.23,2,119.19,2,,,,,,,,,,,,,,,119.49,6,119.5,5,119.51,5,119.52,6,119.53,6,119.54,6,119.55,8,119.56,5,119.57,5,119.58,5
2020-10-29 09:35:48,119.395,119.42,1,119.3,2,119.49,6,119.49,119.3,119.3,2,119.23,2,119.19,2,,,,,,,,,,,,,,,119.49,6,119.5,5,119.51,5,119.52,6,119.53,6,119.54,6,119.55,8,119.56,5,119.57,5,119.58,5
2020-10-29 09:35:49,119.395,119.42,1,119.3,2,119.49,7,119.49,119.3,119.3,2,119.23,2,119.19,2,,,,,,,,,,,,,,,119.49,7,119.5,5,119.51,5,119.52,6,119.53,6,119.54,6,119.55,8,119.56,5,119.57,5,119.58,5
2020-10-29 09:35:50,119.36,119.31,1,119.25,1,119.47,6,119.47,119.25,119.25,1,119.24,1,119.23,1,119.21,1,119.19,2,,,,,,,,,,,119.47,6,119.48,5,119.49,8,119.5,5,119.51,5,119.52,6,119.53,6,119.54,6,119.55,8,119.56,5
2020-10-29 09:35:51,119.285,119.31,1,119.19,2,119.38,4,119.38,119.19,119.19,2,,,,,,,,,,,,,,,,,,,119.38,4,119.45,1,119.46,6,119.47,6,119.48,5,119.49,8,119.5,5,119.51,5,119.52,6,119.53,6
2020-10-29 09:35:52,119.255,119.22,1,119.14,1,119.37,7,119.37,119.14,119.14,1,119.07,1,119.06,2,119.0,1,,,,,,,,,,,,,119.37,7,119.38,6,119.45,1,119.46,6,119.47,6,119.48,5,119.49,8,119.5,5,119.51,5,119.52,6
2020-10-29 09:35:53,119.235,119.2,1,119.11,2,119.36,3,119.36,119.11,119.11,2,119.09,1,119.07,1,119.06,2,119.0,1,,,,,,,,,,,119.36,3,119.37,6,119.38,6,119.45,1,119.46,6,119.47,6,119.48,5,119.49,8,119.5,5,119.51,5
2020-10-29 09:35:54,119.22,119.28,1,119.13,1,119.31,2,119.31,119.13,119.13,1,119.02,1,119.0,2,,,,,,,,,,,,,,,119.31,2,119.35,2,119.36,3,119.37,6,119.38,6,119.45,1,119.46,6,119.47,6,119.48,5,119.49,8
2020-10-29 09:35:55,119.23,119.28,1,119.13,3,119.33,2,119.33,119.13,119.13,3,119.02,1,119.0,2,,,,,,,,,,,,,,,119.33,2,119.34,2,119.35,1,119.36,3,119.37,6,119.38,6,119.45,1,119.46,6,119.47,6,119.48,5
2020-10-29 09:35:56,119.23,119.28,1,119.13,3,119.33,3,119.33,119.13,119.13,3,119.02,1,119.0,2,,,,,,,,,,,,,,,119.33,3,119.34,2,119.35,1,119.36,3,119.37,6,119.38,6,119.45,1,119.46,6,119.47,6,119.48,5
2020-10-29 09:35:57,119.22,119.28,1,119.11,1,119.33,5,119.33,119.11,119.11,1,119.02,1,119.0,2,,,,,,,,,,,,,,,119.33,5,119.34,2,119.35,1,119.36,3,119.37,6,119.38,6,119.45,1,119.46,6,119.47,6,119.48,5
2020-10-29 09:35:58,119.22,119.28,1,119.11,1,119.33,5,119.33,119.11,119.11,1,119.02,1,119.0,2,,,,,,,,,,,,,,,119.33,5,119.34,2,119.35,1,119.36,3,119.37,6,119.38,6,119.45,1,119.46,6,119.47,6,119.48,5
2020-10-29 09:35:59,119.195,119.11,1,119.11,2,119.28,3,119.28,119.11,119.11,2,119.02,1,119.0,2,,,,,,,,,,,,,,,119.28,3,119.33,6,119.34,2,119.35,1,119.36,3,119.37,6,119.38,6,119.45,1,119.46,6,119.47,6
2020-10-29 09:36:00,119.205,119.11,1,119.13,1,119.28,3,119.28,119.13,119.13,1,119.06,2,119.02,1,119.0,2,,,,,,,,,,,,,119.28,3,119.33,6,119.34,2,119.35,1,119.36,3,119.37,6,119.38,6,119.45,1,119.46,6,119.47,6
2020-10-29 09:36:01,119.235,119.29,1,119.14,2,119.33,2,119.33,119.14,119.14,2,119.13,1,119.05,2,119.01,1,119.0,2,,,,,,,,,,,119.33,2,119.34,2,119.35,1,119.36,3,119.37,6,119.38,6,119.45,1,119.46,6,119.47,6,119.48,5
2020-10-29 09:36:02,119.24,119.29,1,119.14,2,119.34,4,119.34,119.14,119.14,2,119.13,1,119.05,2,119.01,1,119.0,2,,,,,,,,,,,119.34,4,119.35,1,119.36,3,119.37,6,119.38,6,119.45,1,119.46,6,119.47,6,119.48,5,119.49,8
2020-10-29 09:36:03,119.225,119.24,1,119.14,5,119.31,1,119.31,119.14,119.14,5,119.13,1,119.05,2,119.01,1,119.0,2,,,,,,,,,,,119.31,1,119.32,7,119.33,2,119.34,4,119.35,1,119.36,3,119.37,6,119.38,6,119.45,1,119.46,6
2020-10-29 09:36:04,119.225,119.24,1,119.14,5,119.31,2,119.31,119.14,119.14,5,119.13,1,119.05,2,119.01,1,119.0,2,,,,,,,,,,,119.31,2,119.32,7,119.33,2,119.34,4,119.35,1,119.36,3,119.37,6,119.38,6,119.45,1,119.46,6
2020-10-29 09:36:05,119.18,119.13,1,119.05,1,119.31,4,119.31,119.05,119.05,1,119.01,1,119.0,1,,,,,,,,,,,,,,,119.31,4,119.32,7,119.33,2,119.34,4,119.35,1,119.36,3,119.37,6,119.38,6,119.45,1,119.46,6
2020-10-29 09:36:06,119.16,119.13,1,119.05,1,119.27,3,119.27,119.05,119.05,1,119.01,1,119.0,1,,,,,,,,,,,,,,,119.27,3,119.28,3,119.29,3,119.3,4,119.31,4,119.32,7,119.33,2,119.34,4,119.35,1,119.36,3
2020-10-29 09:36:08,119.16,119.13,1,119.05,1,119.27,3,119.27,119.05,119.05,1,119.01,1,119.0,1,,,,,,,,,,,,,,,119.27,3,119.28,3,119.29,3,119.3,4,119.31,4,119.32,7,119.33,2,119.34,4,119.35,1,119.36,3
2020-10-29 09:36:09,119.16,119.13,1,119.05,1,119.27,3,119.27,119.05,119.05,1,119.01,1,119.0,1,,,,,,,,,,,,,,,119.27,3,119.28,3,119.29,3,119.3,4,119.31,4,119.32,7,119.33,2,119.34,4,119.35,1,119.36,3
2020-10-29 09:36:10,119.16,119.13,1,119.05,1,119.27,2,119.27,119.05,119.05,1,119.01,1,119.0,1,,,,,,,,,,,,,,,119.27,2,119.28,3,119.29,3,119.3,4,119.31,4,119.32,7,119.33,2,119.34,4,119.35,1,119.36,3
2020-10-29 09:36:11,119.16,119.13,1,119.05,1,119.27,2,119.27,119.05,119.05,1,119.01,1,119.0,1,,,,,,,,,,,,,,,119.27,2,119.28,3,119.29,3,119.3,4,119.31,4,119.32,7,119.33,2,119.34,4,119.35,1,119.36,3
2020-10-29 09:36:12,119.175,119.25,1,119.08,4,119.27,2,119.27,119.08,119.08,4,119.07,4,119.06,3,119.05,4,119.01,1,119.0,1,,,,,,,,,119.27,2,119.28,3,119.29,3,119.3,4,119.31,4,119.32,7,119.33,2,119.34,4,119.35,1,119.36,3
2020-10-29 09:36:13,119.35,119.35,1,119.26,2,119.44,3,119.44,119.26,119.26,2,119.25,4,119.19,1,119.18,4,119.12,1,119.08,4,119.07,4,119.06,3,119.05,4,119.01,1,119.44,3,119.49,3,119.5,5,119.51,5,119.52,6,119.53,6,119.54,6,119.55,8,119.56,5,119.57,5
2020-10-29 09:36:14,119.305,119.26,1,119.16,6,119.45,4,119.45,119.16,119.16,6,119.15,3,119.14,3,119.12,5,119.08,4,119.07,4,119.06,3,119.05,4,119.01,1,119.0,1,119.45,4,119.46,5,119.47,6,119.48,8,119.49,7,119.5,5,119.51,5,119.52,6,119.53,6,119.54,6
2020-10-29 09:36:15,119.35,119.26,1,119.23,7,119.47,5,119.47,119.23,119.23,7,119.22,6,119.21,3,119.2,3,119.19,3,119.18,3,119.17,5,119.16,6,119.15,3,119.14,3,119.47,5,119.48,5,119.49,7,119.5,5,119.51,5,119.52,6,119.53,6,119.54,6,119.55,8,119.56,5
2020-10-29 09:36:16,119.36,119.26,1,119.25,3,119.47,5,119.47,119.25,119.25,3,119.24,4,119.23,7,119.22,6,119.21,3,119.2,3,119.19,3,119.18,3,119.17,5,119.16,6,119.47,5,119.48,5,119.49,7,119.5,5,119.51,5,119.52,6,119.53,6,119.54,6,119.55,8,119.56,5
2020-10-29 09:36:17,119.31,119.39,1,119.23,2,119.39,6,119.39,119.23,119.23,2,119.22,1,119.17,3,119.16,6,119.15,3,119.14,3,119.12,5,119.08,4,119.07,4,119.06,3,119.39,6,119.4,1,119.47,5,119.48,5,119.49,7,119.5,5,119.51,5,119.52,6,119.53,6,119.54,6
2020-10-29 09:36:18,119.33,119.39,1,119.23,2,119.43,3,119.43,119.23,119.23,2,119.22,1,119.17,3,119.16,6,119.15,3,119.14,3,119.12,5,119.08,4,119.07,4,119.06,3,119.43,3,119.44,5,119.47,5,119.48,5,119.49,7,119.5,5,119.51,5,119.52,6,119.53,6,119.54,6
2020-10-29 09:36:19,119.33,119.39,1,119.23,2,119.43,3,119.43,119.23,119.23,2,119.22,1,119.17,3,119.16,6,119.15,3,119.14,3,119.12,5,119.08,4,119.07,4,119.06,3,119.43,3,119.44,5,119.47,5,119.48,5,119.49,7,119.5,5,119.51,5,119.52,6,119.53,6,119.54,6
2020-10-29 09:36:20,119.33,119.39,1,119.23,2,119.43,3,119.43,119.23,119.23,2,119.22,1,119.17,3,119.16,6,119.15,3,119.14,3,119.12,5,119.08,4,119.07,4,119.06,3,119.43,3,119.44,5,119.47,5,119.48,5,119.49,7,119.5,5,119.51,5,119.52,6,119.53,6,119.54,6
2020-10-29 09:36:21,119.33,119.43,1,119.23,2,119.43,3,119.43,119.23,119.23,2,119.22,1,119.17,3,119.16,6,119.15,3,119.14,3,119.12,5,119.08,4,119.07,4,119.06,3,119.43,3,119.44,5,119.47,5,119.48,5,119.49,7,119.5,5,119.51,5,119.52,6,119.53,6,119.54,6
2020-10-29 09:36:22,119.245,119.23,1,119.1,3,119.39,5,119.39,119.1,119.1,3,119.09,5,119.08,3,119.07,7,119.06,3,119.05,4,119.01,1,119.0,1,,,,,119.39,5,119.4,7,119.41,7,119.42,4,119.43,6,119.44,5,119.47,5,119.48,5,119.49,7,119.5,5
2020-10-29 09:36:23,119.25,119.23,1,119.11,6,119.39,5,119.39,119.11,119.11,6,119.1,5,119.09,5,119.08,3,119.07,7,119.06,3,119.05,4,119.01,1,119.0,1,,,119.39,5,119.4,7,119.41,7,119.42,4,119.43,6,119.44,5,119.47,5,119.48,5,119.49,7,119.5,5
2020-10-29 09:36:24,119.245,119.23,1,119.11,8,119.38,5,119.38,119.11,119.11,8,119.1,5,119.09,5,119.08,3,119.07,7,119.06,3,119.05,4,119.01,1,119.0,1,,,119.38,5,119.39,5,119.4,7,119.41,7,119.42,4,119.43,6,119.44,5,119.47,5,119.48,5,119.49,7
2020-10-29 09:36:25,119.225,119.13,1,119.1,4,119.35,9,119.35,119.1,119.1,4,119.09,5,119.08,3,119.07,7,119.06,3,119.05,4,119.01,1,119.0,1,,,,,119.35,9,119.36,7,119.37,6,119.38,7,119.39,5,119.4,7,119.41,7,119.42,4,119.43,6,119.44,5
2020-10-29 09:36:26,119.19,119.19,1,119.06,2,119.32,8,119.32,119.06,119.06,2,119.05,1,119.02,2,119.01,1,119.0,1,,,,,,,,,,,119.32,8,119.33,8,119.34,7,119.35,9,119.36,7,119.37,6,119.38,7,119.39,5,119.4,7,119.41,7
2020-10-29 09:36:27,119.175,119.19,1,119.06,2,119.29,5,119.29,119.06,119.06,2,119.05,1,119.02,2,119.01,1,119.0,1,,,,,,,,,,,119.29,5,119.3,4,119.31,5,119.32,8,119.33,8,119.34,7,119.35,9,119.36,7,119.37,6,119.38,7
2020-10-29 09:36:28,119.175,119.19,1,119.06,2,119.29,5,119.29,119.06,119.06,2,119.05,1,119.02,2,119.01,1,119.0,1,,,,,,,,,,,119.29,5,119.3,4,119.31,5,119.32,8,119.33,8,119.34,7,119.35,9,119.36,7,119.37,6,119.38,7
2020-10-29 09:36:29,119.175,119.19,1,119.06,2,119.29,5,119.29,119.06,119.06,2,119.05,1,119.02,2,119.01,1,119.0,1,,,,,,,,,,,119.29,5,119.3,4,119.31,5,119.32,8,119.33,8,119.34,7,119.35,9,119.36,7,119.37,6,119.38,7
2020-10-29 09:36:30,119.18,119.19,1,119.07,2,119.29,6,119.29,119.07,119.07,2,119.06,3,119.05,1,119.02,2,119.01,1,119.0,1,,,,,,,,,119.29,6,119.3,4,119.31,5,119.32,8,119.33,8,119.34,7,119.35,9,119.36,7,119.37,6,119.38,7
2020-10-29 09:36:31,119.18,119.19,1,119.07,2,119.29,6,119.29,119.07,119.07,2,119.06,3,119.05,1,119.02,2,119.01,1,119.0,1,,,,,,,,,119.29,6,119.3,4,119.31,5,119.32,8,119.33,8,119.34,7,119.35,9,119.36,7,119.37,6,119.38,7
2020-10-29 09:36:32,119.18,119.19,1,119.07,2,119.29,6,119.29,119.07,119.07,2,119.06,3,119.05,1,119.02,2,119.01,1,119.0,1,,,,,,,,,119.29,6,119.3,4,119.31,5,119.32,8,119.33,8,119.34,7,119.35,9,119.36,7,119.37,6,119.38,7
2020-10-29 09:36:33,119.175,119.08,1,119.07,3,119.28,3,119.28,119.07,119.07,3,119.06,3,119.05,1,119.02,2,119.01,1,119.0,1,,,,,,,,,119.28,3,119.29,5,119.3,4,119.31,5,119.32,8,119.33,8,119.34,7,119.35,9,119.36,7,119.37,6
2020-10-29 09:36:34,119.175,119.08,1,119.07,3,119.28,3,119.28,119.07,119.07,3,119.06,3,119.05,1,119.02,2,119.01,1,119.0,1,,,,,,,,,119.28,3,119.29,5,119.3,4,119.31,5,119.32,8,119.33,8,119.34,7,119.35,9,119.36,7,119.37,6
2020-10-29 09:36:35,119.165,119.07,1,119.05,1,119.28,3,119.28,119.05,119.05,1,119.02,2,119.01,1,119.0,1,,,,,,,,,,,,,119.28,3,119.29,5,119.3,4,119.31,5,119.32,8,119.33,8,119.34,7,119.35,9,119.36,7,119.37,6
2020-10-29 09:36:36,119.165,119.07,1,119.05,1,119.28,3,119.28,119.05,119.05,1,119.02,2,119.01,1,119.0,1,,,,,,,,,,,,,119.28,3,119.29,5,119.3,4,119.31,5,119.32,8,119.33,8,119.34,7,119.35,9,119.36,7,119.37,6
2020-10-29 09:36:37,119.165,119.07,1,119.05,1,119.28,3,119.28,119.05,119.05,1,119.02,2,119.01,1,119.0,1,,,,,,,,,,,,,119.28,3,119.29,5,119.3,4,119.31,5,119.32,8,119.33,8,119.34,7,119.35,9,119.36,7,119.37,6
2020-10-29 09:36:38,119.165,119.07,1,119.05,1,119.28,3,119.28,119.05,119.05,1,119.02,2,119.01,1,119.0,1,,,,,,,,,,,,,119.28,3,119.29,5,119.3,4,119.31,5,119.32,8,119.33,8,119.34,7,119.35,9,119.36,7,119.37,6
2020-10-29 09:36:39,119.165,119.07,1,119.05,1,119.28,3,119.28,119.05,119.05,1,119.02,2,119.01,1,119.0,1,,,,,,,,,,,,,119.28,3,119.29,5,119.3,4,119.31,5,119.32,8,119.33,8,119.34,7,119.35,9,119.36,7,119.37,6
2020-10-29 09:36:40,119.165,119.07,1,119.05,2,119.28,4,119.28,119.05,119.05,2,119.02,2,119.01,1,119.0,1,,,,,,,,,,,,,119.28,4,119.29,5,119.3,4,119.31,5,119.32,8,119.33,8,119.34,7,119.35,9,119.36,7,119.37,6
2020-10-29 09:36:41,119.165,119.07,1,119.05,2,119.28,4,119.28,119.05,119.05,2,119.02,2,119.01,1,119.0,1,,,,,,,,,,,,,119.28,4,119.29,5,119.3,4,119.31,5,119.32,8,119.33,8,119.34,7,119.35,9,119.36,7,119.37,6
2020-10-29 09:36:42,119.165,119.07,1,119.05,2,119.28,4,119.28,119.05,119.05,2,119.02,2,119.01,1,119.0,1,,,,,,,,,,,,,119.28,4,119.29,5,119.3,4,119.31,5,119.32,8,119.33,8,119.34,7,119.35,9,119.36,7,119.37,6
2020-10-29 09:36:43,119.17,119.27,1,119.06,4,119.28,3,119.28,119.06,119.06,4,119.05,2,119.02,2,119.01,1,119.0,1,,,,,,,,,,,119.28,3,119.29,5,119.3,4,119.31,5,119.32,8,119.33,8,119.34,7,119.35,9,119.36,7,119.37,6
2020-10-29 09:36:44,119.185,119.27,1,119.09,1,119.28,3,119.28,119.09,119.09,1,119.08,3,119.07,5,119.06,4,119.05,2,119.02,2,119.01,1,119.0,1,,,,,119.28,3,119.29,5,119.3,4,119.31,5,119.32,8,119.33,8,119.34,7,119.35,9,119.36,7,119.37,6
2020-10-29 09:36:45,119.235,119.28,1,119.11,3,119.36,4,119.36,119.11,119.11,3,119.1,3,119.09,6,119.08,5,119.07,5,119.06,4,119.05,2,119.02,2,119.01,1,119.0,1,119.36,4,119.37,6,119.38,7,119.39,5,119.4,7,119.41,7,119.42,4,119.43,6,119.44,5,119.47,5
2020-10-29 09:36:46,119.345,119.38,1,119.27,5,119.42,7,119.42,119.27,119.27,5,119.26,2,119.25,6,119.24,4,119.16,4,119.13,1,119.11,3,119.1,3,119.09,6,119.08,5,119.42,7,119.43,6,119.44,5,119.47,5,119.48,5,119.49,7,119.5,5,119.51,5,119.52,6,119.53,6
2020-10-29 09:36:47,119.345,119.38,1,119.27,5,119.42,7,119.42,119.27,119.27,5,119.26,2,119.25,6,119.24,4,119.16,4,119.13,1,119.11,3,119.1,3,119.09,6,119.08,5,119.42,7,119.43,6,119.44,5,119.47,5,119.48,5,119.49,7,119.5,5,119.51,5,119.52,6,119.53,6
2020-10-29 09:36:48,119.345,119.38,1,119.27,5,119.42,7,119.42,119.27,119.27,5,119.26,2,119.25,6,119.24,4,119.16,4,119.13,1,119.11,3,119.1,3,119.09,6,119.08,5,119.42,7,119.43,6,119.44,5,119.47,5,119.48,5,119.49,7,119.5,5,119.51,5,119.52,6,119.53,6
2020-10-29 09:36:49,119.345,119.38,1,119.27,5,119.42,7,119.42,119.27,119.27,5,119.26,2,119.25,6,119.24,4,119.16,4,119.13,1,119.11,3,119.1,3,119.09,6,119.08,5,119.42,7,119.43,6,119.44,5,119.47,5,119.48,5,119.49,7,119.5,5,119.51,5,119.52,6,119.53,6
2020-10-29 09:36:50,119.435,119.38,1,119.31,5,119.56,7,119.56,119.31,119.31,5,119.3,5,119.29,3,119.28,7,119.27,6,119.26,2,119.25,6,119.24,4,119.16,4,119.13,1,119.56,7,119.57,5,119.58,5,119.59,5,119.6,5,119.61,3,119.62,7,119.63,3,119.64,3,119.65,5
2020-10-29 09:36:51,119.45,119.54,1,119.34,5,119.56,8,119.56,119.34,119.34,5,119.33,5,119.32,8,119.31,9,119.3,5,119.29,6,119.28,6,119.27,6,119.26,2,119.25,6,119.56,8,119.57,5,119.58,5,119.59,5,119.6,5,119.61,3,119.62,7,119.63,3,119.64,3,119.65,5
2020-10-29 09:36:52,119.45,119.54,1,119.34,5,119.56,8,119.56,119.34,119.34,5,119.33,5,119.32,8,119.31,9,119.3,5,119.29,6,119.28,6,119.27,6,119.26,2,119.25,6,119.56,8,119.57,5,119.58,5,119.59,5,119.6,5,119.61,3,119.62,7,119.63,3,119.64,3,119.65,5
2020-10-29 09:36:53,119.45,119.54,1,119.34,5,119.56,8,119.56,119.34,119.34,5,119.33,5,119.32,8,119.31,9,119.3,5,119.29,6,119.28,6,119.27,6,119.26,2,119.25,6,119.56,8,119.57,5,119.58,5,119.59,5,119.6,5,119.61,3,119.62,7,119.63,3,119.64,3,119.65,5
2020-10-29 09:36:54,119.45,119.54,1,119.34,5,119.56,8,119.56,119.34,119.34,5,119.33,5,119.32,8,119.31,9,119.3,5,119.29,6,119.28,6,119.27,6,119.26,2,119.25,6,119.56,8,119.57,5,119.58,5,119.59,5,119.6,5,119.61,3,119.62,7,119.63,3,119.64,3,119.65,5
2020-10-29 09:36:55,119.45,119.54,1,119.34,5,119.56,8,119.56,119.34,119.34,5,119.33,5,119.32,8,119.31,9,119.3,5,119.29,6,119.28,6,119.27,6,119.26,2,119.25,6,119.56,8,119.57,5,119.58,5,119.59,5,119.6,5,119.61,3,119.62,7,119.63,3,119.64,3,119.65,5
2020-10-29 09:36:56,119.45,119.54,1,119.34,5,119.56,8,119.56,119.34,119.34,5,119.33,5,119.32,8,119.31,9,119.3,5,119.29,6,119.28,6,119.27,6,119.26,2,119.25,6,119.56,8,119.57,5,119.58,5,119.59,5,119.6,5,119.61,3,119.62,7,119.63,3,119.64,3,119.65,5
2020-10-29 09:36:57,119.45,119.54,1,119.34,5,119.56,8,119.56,119.34,119.34,5,119.33,5,119.32,8,119.31,9,119.3,5,119.29,6,119.28,6,119.27,6,119.26,2,119.25,6,119.56,8,119.57,5,119.58,5,119.59,5,119.6,5,119.61,3,119.62,7,119.63,3,119.64,3,119.65,5
2020-10-29 09:36:58,119.45,119.54,1,119.34,5,119.56,8,119.56,119.34,119.34,5,119.33,5,119.32,8,119.31,9,119.3,5,119.29,6,119.28,6,119.27,6,119.26,2,119.25,6,119.56,8,119.57,5,119.58,5,119.59,5,119.6,5,119.61,3,119.62,7,119.63,3,119.64,3,119.65,5
2020-10-29 09:36:59,119.46,119.54,1,119.36,4,119.56,8,119.56,119.36,119.36,4,119.35,2,119.34,5,119.33,5,119.32,8,119.31,9,119.3,5,119.29,6,119.28,6,119.27,6,119.56,8,119.57,5,119.58,5,119.59,5,119.6,5,119.61,3,119.62,7,119.63,3,119.64,3,119.65,5
2020-10-29 09:37:00,119.46,119.54,1,119.36,4,119.56,8,119.56,119.36,119.36,4,119.35,2,119.34,5,119.33,5,119.32,8,119.31,9,119.3,5,119.29,6,119.28,6,119.27,6,119.56,8,119.57,5,119.58,5,119.59,5,119.6,5,119.61,3,119.62,7,119.63,3,119.64,3,119.65,5
2020-10-29 09:37:01,119.46,119.54,1,119.36,4,119.56,8,119.56,119.36,119.36,4,119.35,2,119.34,5,119.33,5,119.32,8,119.31,9,119.3,5,119.29,6,119.28,6,119.27,6,119.56,8,119.57,5,119.58,5,119.59,5,119.6,5,119.61,3,119.62,7,119.63,3,119.64,3,119.65,5
2020-10-29 09:37:02,119.46,119.54,1,119.36,4,119.56,8,119.56,119.36,119.36,4,119.35,2,119.34,5,119.33,5,119.32,8,119.31,9,119.3,5,119.29,6,119.28,6,119.27,6,119.56,8,119.57,5,119.58,5,119.59,5,119.6,5,119.61,3,119.62,7,119.63,3,119.64,3,119.65,5
2020-10-29 09:37:03,119.465,119.54,1,119.37,4,119.56,8,119.56,119.37,119.37,4,119.36,4,119.35,2,119.34,5,119.33,5,119.32,8,119.31,9,119.3,5,119.29,6,119.28,6,119.56,8,119.57,5,119.58,5,119.59,5,119.6,5,119.61,3,119.62,7,119.63,3,119.64,3,119.65,5
2020-10-29 09:37:04,119.465,119.54,1,119.37,4,119.56,8,119.56,119.37,119.37,4,119.36,4,119.35,2,119.34,5,119.33,5,119.32,8,119.31,9,119.3,5,119.29,6,119.28,6,119.56,8,119.57,5,119.58,5,119.59,5,119.6,5,119.61,3,119.62,7,119.63,3,119.64,3,119.65,5
2020-10-29 09:37:05,119.465,119.54,1,119.37,4,119.56,8,119.56,119.37,119.37,4,119.36,4,119.35,2,119.34,5,119.33,5,119.32,8,119.31,9,119.3,5,119.29,6,119.28,6,119.56,8,119.57,5,119.58,5,119.59,5,119.6,5,119.61,3,119.62,7,119.63,3,119.64,3,119.65,5
2020-10-29 09:37:06,119.465,119.54,1,119.37,4,119.56,8,119.56,119.37,119.37,4,119.36,4,119.35,2,119.34,5,119.33,5,119.32,8,119.31,9,119.3,5,119.29,6,119.28,6,119.56,8,119.57,5,119.58,5,119.59,5,119.6,5,119.61,3,119.62,7,119.63,3,119.64,3,119.65,5
2020-10-29 09:37:07,119.465,119.47,1,119.37,4,119.56,8,119.56,119.37,119.37,4,119.36,4,119.35,2,119.34,5,119.33,5,119.32,8,119.31,9,119.3,5,119.29,6,119.28,6,119.56,8,119.57,5,119.58,5,119.59,5,119.6,5,119.61,3,119.62,7,119.63,3,119.64,3,119.65,5
2020-10-29 09:37:08,119.465,119.47,1,119.37,4,119.56,8,119.56,119.37,119.37,4,119.36,4,119.35,2,119.34,5,119.33,5,119.32,8,119.31,9,119.3,5,119.29,6,119.28,6,119.56,8,119.57,5,119.58,5,119.59,5,119.6,5,119.61,3,119.62,7,119.63,3,119.64,3,119.65,5
2020-10-29 09:37:09,119.465,119.47,1,119.37,4,119.56,8,119.56,119.37,119.37,4,119.36,4,119.35,2,119.34,5,119.33,5,119.32,8,119.31,9,119.3,5,119.29,6,119.28,6,119.56,8,119.57,5,119.58,5,119.59,5,119.6,5,119.61,3,119.62,7,119.63,3,119.64,3,119.65,5
2020-10-29 09:37:10,119.465,119.47,1,119.37,4,119.56,8,119.56,119.37,119.37,4,119.36,4,119.35,2,119.34,5,119.33,5,119.32,8,119.31,9,119.3,5,119.29,6,119.28,6,119.56,8,119.57,5,119.58,5,119.59,5,119.6,5,119.61,3,119.62,7,119.63,3,119.64,3,119.65,5
2020-10-29 09:37:11,119.465,119.47,1,119.37,4,119.56,8,119.56,119.37,119.37,4,119.36,4,119.35,2,119.34,5,119.33,5,119.32,8,119.31,9,119.3,5,119.29,6,119.28,6,119.56,8,119.57,5,119.58,5,119.59,5,119.6,5,119.61,3,119.62,7,119.63,3,119.64,3,119.65,5
2020-10-29 09:37:12,119.465,119.47,1,119.37,4,119.56,8,119.56,119.37,119.37,4,119.36,4,119.35,2,119.34,5,119.33,5,119.32,8,119.31,9,119.3,5,119.29,6,119.28,6,119.56,8,119.57,5,119.58,5,119.59,5,119.6,5,119.61,3,119.62,7,119.63,3,119.64,3,119.65,5
2020-10-29 09:37:13,119.465,119.47,1,119.37,4,119.56,8,119.56,119.37,119.37,4,119.36,4,119.35,2,119.34,5,119.33,5,119.32,8,119.31,9,119.3,5,119.29,6,119.28,6,119.56,8,119.57,5,119.58,5,119.59,5,119.6,5,119.61,3,119.62,7,119.63,3,119.64,3,119.65,5
2020-10-29 09:37:14,119.46,119.47,1,119.37,4,119.55,3,119.55,119.37,119.37,4,119.36,4,119.35,2,119.34,5,119.33,5,119.32,8,119.31,9,119.3,5,119.29,6,119.28,6,119.55,3,119.56,8,119.57,5,119.58,5,119.59,5,119.6,5,119.61,3,119.62,7,119.63,3,119.64,3
2020-10-29 09:37:15,119.415,119.33,1,119.29,3,119.54,5,119.54,119.29,119.29,3,119.28,6,119.27,6,119.26,2,119.25,6,119.24,4,119.16,4,119.13,1,119.11,3,119.1,3,119.54,5,119.55,5,119.56,8,119.57,5,119.58,5,119.59,5,119.6,5,119.61,3,119.62,7,119.63,3
2020-10-29 09:37:16,119.415,119.33,1,119.29,3,119.54,5,119.54,119.29,119.29,3,119.28,6,119.27,6,119.26,2,119.25,6,119.24,4,119.16,4,119.13,1,119.11,3,119.1,3,119.54,5,119.55,5,119.56,8,119.57,5,119.58,5,119.59,5,119.6,5,119.61,3,119.62,7,119.63,3
2020-10-29 09:37:17,119.37,119.27,1,119.22,4,119.52,7,119.52,119.22,119.22,4,119.21,5,119.16,4,119.13,1,119.11,3,119.1,3,119.09,6,119.08,5,119.07,5,119.06,4,119.52,7,119.53,2,119.54,5,119.55,5,119.56,8,119.57,5,119.58,5,119.59,5,119.6,5,119.61,3
2020-10-29 09:37:18,119.37,119.27,1,119.22,4,119.52,7,119.52,119.22,119.22,4,119.21,5,119.16,4,119.13,1,119.11,3,119.1,3,119.09,6,119.08,5,119.07,5,119.06,4,119.52,7,119.53,2,119.54,5,119.55,5,119.56,8,119.57,5,119.58,5,119.59,5,119.6,5,119.61,3
2020-10-29 09:37:19,119.37,119.37,1,119.24,3,119.5,7,119.5,119.24,119.24,3,119.21,4,119.16,4,119.13,1,119.11,3,119.1,3,119.09,6,119.08,5,119.07,5,119.06,4,119.5,7,119.51,2,119.52,7,119.53,2,119.54,5,119.55,5,119.56,8,119.57,5,119.58,5,119.59,5
2020-10-29 09:37:20,119.37,119.37,1,119.24,3,119.5,7,119.5,119.24,119.24,3,119.21,4,119.16,4,119.13,1,119.11,3,119.1,3,119.09,6,119.08,5,119.07,5,119.06,4,119.5,7,119.51,2,119.52,7,119.53,2,119.54,5,119.55,5,119.56,8,119.57,5,119.58,5,119.59,5
2020-10-29 09:37:21,119.37,119.44,1,119.24,3,119.5,7,119.5,119.24,119.24,3,119.21,4,119.16,4,119.13,1,119.11,3,119.1,3,119.09,6,119.08,5,119.07,5,119.06,4,119.5,7,119.51,2,119.52,7,119.53,2,119.54,5,119.55,5,119.56,8,119.57,5,119.58,5,119.59,5
2020-10-29 09:37:22,119.33,119.44,1,119.2,7,119.46,4,119.46,119.2,119.2,7,119.19,3,119.18,3,119.17,3,119.16,4,119.15,3,119.13,1,119.11,3,119.1,3,119.09,6,119.46,4,119.47,11,119.48,4,119.49,6,119.5,5,119.51,2,119.52,7,119.53,2,119.54,5,119.55,5
2020-10-29 09:37:23,119.33,119.44,1,119.2,7,119.46,4,119.46,119.2,119.2,7,119.19,3,119.18,3,119.17,3,119.16,4,119.15,3,119.13,1,119.11,3,119.1,3,119.09,6,119.46,4,119.47,11,119.48,4,119.49,6,119.5,5,119.51,2,119.52,7,119.53,2,119.54,5,119.55,5
2020-10-29 09:37:24,119.32,119.44,1,119.2,7,119.44,3,119.44,119.2,119.2,7,119.19,3,119.18,3,119.17,3,119.16,4,119.15,3,119.13,1,119.11,3,119.1,3,119.09,6,119.44,3,119.45,2,119.46,5,119.47,11,119.48,4,119.49,6,119.5,5,119.51,2,119.52,7,119.53,2
2020-10-29 09:37:25,119.325,119.44,1,119.23,1,119.42,1,119.42,119.23,119.23,1,119.2,7,119.19,3,119.18,3,119.17,3,119.16,4,119.15,3,119.13,1,119.11,3,119.1,3,119.42,1,119.43,2,119.44,3,119.45,2,119.46,5,119.47,11,119.48,4,119.49,6,119.5,5,119.51,2
2020-10-29 09:37:26,119.145,119.16,1,119.09,3,119.2,2,119.2,119.09,119.09,3,119.08,7,119.07,5,119.06,4,119.05,2,119.02,2,119.01,1,119.0,1,,,,,119.2,2,119.33,1,119.42,4,119.43,2,119.44,3,119.45,2,119.46,5,119.47,11,119.48,4,119.49,6
2020-10-29 09:37:27,119.14,119.16,1,119.08,7,119.2,1,119.2,119.08,119.08,7,119.07,5,119.06,4,119.05,2,119.02,2,119.01,1,119.0,1,,,,,,,119.2,1,119.33,1,119.42,4,119.43,2,119.44,3,119.45,2,119.46,5,119.47,11,119.48,4,119.49,6
2020-10-29 09:37:28,119.14,119.16,1,119.08,7,119.2,2,119.2,119.08,119.08,7,119.07,5,119.06,4,119.05,2,119.02,2,119.01,1,119.0,1,,,,,,,119.2,2,119.33,1,119.42,4,119.43,2,119.44,3,119.45,2,119.46,5,119.47,11,119.48,4,119.49,6
2020-10-29 09:37:29,119.115,119.08,1,119.04,3,119.19,3,119.19,119.04,119.04,3,119.03,6,119.02,4,119.01,1,119.0,1,,,,,,,,,,,119.19,3,119.2,4,119.33,1,119.42,4,119.43,2,119.44,3,119.45,2,119.46,5,119.47,11,119.48,4
2020-10-29 09:37:30,119.115,119.08,1,119.04,3,119.19,3,119.19,119.04,119.04,3,119.03,6,119.02,4,119.01,1,119.0,1,,,,,,,,,,,119.19,3,119.2,4,119.33,1,119.42,4,119.43,2,119.44,3,119.45,2,119.46,5,119.47,11,119.48,4
2020-10-29 09:37:31,119.115,119.08,1,119.04,3,119.19,3,119.19,119.04,119.04,3,119.03,6,119.02,4,119.01,1,119.0,1,,,,,,,,,,,119.19,3,119.2,4,119.33,1,119.42,4,119.43,2,119.44,3,119.45,2,119.46,5,119.47,11,119.48,4
2020-10-29 09:37:32,119.13,119.08,1,119.07,3,119.19,3,119.19,119.07,119.07,3,119.06,2,119.05,3,119.04,4,119.03,6,119.02,4,119.01,1,119.0,1,,,,,119.19,3,119.2,4,119.33,1,119.42,4,119.43,2,119.44,3,119.45,2,119.46,5,119.47,11,119.48,4
2020-10-29 09:37:33,119.125,119.08,1,119.07,3,119.18,6,119.18,119.07,119.07,3,119.06,2,119.05,3,119.04,4,119.03,6,119.02,4,119.01,1,119.0,1,,,,,119.18,6,119.19,3,119.2,4,119.33,1,119.42,4,119.43,2,119.44,3,119.45,2,119.46,5,119.47,11
2020-10-29 09:37:34,119.235,119.24,1,119.09,1,119.38,1,119.38,119.09,119.09,1,119.07,3,119.06,2,119.05,3,119.04,4,119.03,6,119.02,4,119.01,1,119.0,1,,,119.38,1,119.39,4,119.4,5,119.41,3,119.42,5,119.43,2,119.44,3,119.45,2,119.46,5,119.47,11
2020-10-29 09:37:35,119.225,119.24,1,119.09,1,119.36,2,119.36,119.09,119.09,1,119.07,3,119.06,2,119.05,3,119.04,4,119.03,6,119.02,4,119.01,1,119.0,1,,,119.36,2,119.37,1,119.38,1,119.39,4,119.4,5,119.41,3,119.42,5,119.43,2,119.44,3,119.45,2
2020-10-29 09:37:36,119.245,119.24,1,119.12,3,119.37,2,119.37,119.12,119.12,3,119.11,5,119.1,4,119.09,7,119.07,3,119.06,2,119.05,3,119.04,4,119.03,6,119.02,4,119.37,2,119.38,1,119.39,4,119.4,5,119.41,3,119.42,5,119.43,2,119.44,3,119.45,2,119.46,5
2020-10-29 09:37:37,119.25,119.24,1,119.13,3,119.37,3,119.37,119.13,119.13,3,119.12,3,119.11,5,119.1,4,119.09,7,119.07,3,119.06,2,119.05,3,119.04,4,119.03,6,119.37,3,119.38,1,119.39,4,119.4,5,119.41,3,119.42,5,119.43,2,119.44,3,119.45,2,119.46,5
2020-10-29 09:37:38,119.255,119.24,1,119.14,5,119.37,4,119.37,119.14,119.14,5,119.13,3,119.12,3,119.11,5,119.1,4,119.09,7,119.07,3,119.06,2,119.05,3,119.04,4,119.37,4,119.38,1,119.39,4,119.4,5,119.41,3,119.42,5,119.43,2,119.44,3,119.45,2,119.46,5
2020-10-29 09:37:39,119.255,119.24,1,119.14,5,119.37,4,119.37,119.14,119.14,5,119.13,3,119.12,3,119.11,5,119.1,4,119.09,7,119.07,3,119.06,2,119.05,3,119.04,4,119.37,4,119.38,1,119.39,4,119.4,5,119.41,3,119.42,5,119.43,2,119.44,3,119.45,2,119.46,5
2020-10-29 09:37:40,119.255,119.24,1,119.14,6,119.37,5,119.37,119.14,119.14,6,119.13,3,119.12,3,119.11,5,119.1,4,119.09,7,119.07,3,119.06,2,119.05,3,119.04,4,119.37,5,119.38,1,119.39,4,119.4,5,119.41,3,119.42,5,119.43,2,119.44,3,119.45,2,119.46,5
2020-10-29 09:37:41,119.255,119.24,1,119.14,6,119.37,5,119.37,119.14,119.14,6,119.13,3,119.12,3,119.11,5,119.1,4,119.09,7,119.07,3,119.06,2,119.05,3,119.04,4,119.37,5,119.38,1,119.39,4,119.4,5,119.41,3,119.42,5,119.43,2,119.44,3,119.45,2,119.46,5
2020-10-29 09:37:42,119.255,119.24,1,119.14,6,119.37,5,119.37,119.14,119.14,6,119.13,3,119.12,3,119.11,5,119.1,4,119.09,7,119.07,3,119.06,2,119.05,3,119.04,4,119.37,5,119.38,1,119.39,4,119.4,5,119.41,3,119.42,5,119.43,2,119.44,3,119.45,2,119.46,5
2020-10-29 09:37:43,119.245,119.25,1,119.13,2,119.36,6,119.36,119.13,119.13,2,119.12,3,119.11,8,119.1,4,119.09,7,119.07,3,119.06,2,119.05,3,119.04,4,119.03,6,119.36,6,119.37,5,119.38,1,119.39,4,119.4,5,119.41,3,119.42,5,119.43,2,119.44,3,119.45,2
2020-10-29 09:37:44,119.25,119.33,1,119.14,4,119.36,6,119.36,119.14,119.14,4,119.13,5,119.12,3,119.11,8,119.1,4,119.09,7,119.07,3,119.06,2,119.05,3,119.04,4,119.36,6,119.37,5,119.38,1,119.39,4,119.4,5,119.41,3,119.42,5,119.43,2,119.44,3,119.45,2
2020-10-29 09:37:45,119.245,119.33,1,119.13,5,119.36,6,119.36,119.13,119.13,5,119.12,3,119.11,8,119.1,4,119.09,7,119.07,3,119.06,2,119.05,3,119.04,4,119.03,6,119.36,6,119.37,5,119.38,1,119.39,4,119.4,5,119.41,3,119.42,5,119.43,2,119.44,3,119.45,2
2020-10-29 09:37:46,119.25,119.33,1,119.14,1,119.36,6,119.36,119.14,119.14,1,119.13,5,119.12,3,119.11,8,119.1,4,119.09,7,119.07,3,119.06,2,119.05,3,119.04,4,119.36,6,119.37,5,119.38,1,119.39,4,119.4,5,119.41,3,119.42,5,119.43,2,119.44,3,119.45,2
2020-10-29 09:37:47,119.245,119.33,1,119.13,5,119.36,6,119.36,119.13,119.13,5,119.12,3,119.11,8,119.1,4,119.09,7,119.07,3,119.06,2,119.05,3,119.04,4,119.03,6,119.36,6,119.37,5,119.38,1,119.39,4,119.4,5,119.41,3,119.42,5,119.43,2,119.44,3,119.45,2
2020-10-29 09:37:48,119.245,119.33,1,119.13,5,119.36,6,119.36,119.13,119.13,5,119.12,3,119.11,8,119.1,4,119.09,7,119.07,3,119.06,2,119.05,3,119.04,4,119.03,6,119.36,6,119.37,5,119.38,1,119.39,4,119.4,5,119.41,3,119.42,5,119.43,2,119.44,3,119.45,2
2020-10-29 09:37:49,119.245,119.33,1,119.13,6,119.36,6,119.36,119.13,119.13,6,119.12,3,119.11,8,119.1,4,119.09,7,119.07,3,119.06,2,119.05,3,119.04,4,119.03,6,119.36,6,119.37,5,119.38,1,119.39,4,119.4,5,119.41,3,119.42,5,119.43,2,119.44,3,119.45,2
2020-10-29 09:37:50,119.245,119.33,1,119.13,6,119.36,6,119.36,119.13,119.13,6,119.12,3,119.11,8,119.1,4,119.09,7,119.07,3,119.06,2,119.05,3,119.04,4,119.03,6,119.36,6,119.37,5,119.38,1,119.39,4,119.4,5,119.41,3,119.42,5,119.43,2,119.44,3,119.45,2
2020-10-29 09:37:51,119.245,119.33,1,119.13,6,119.36,6,119.36,119.13,119.13,6,119.12,3,119.11,8,119.1,4,119.09,7,119.07,3,119.06,2,119.05,3,119.04,4,119.03,6,119.36,6,119.37,5,119.38,1,119.39,4,119.4,5,119.41,3,119.42,5,119.43,2,119.44,3,119.45,2
2020-10-29 09:37:52,119.245,119.33,1,119.13,10,119.36,6,119.36,119.13,119.13,10,119.12,3,119.11,8,119.1,4,119.09,7,119.07,3,119.06,2,119.05,3,119.04,4,119.03,6,119.36,6,119.37,5,119.38,1,119.39,4,119.4,5,119.41,3,119.42,5,119.43,2,119.44,3,119.45,2
2020-10-29 09:37:53,119.24,119.33,1,119.13,10,119.35,5,119.35,119.13,119.13,10,119.12,3,119.11,8,119.1,4,119.09,7,119.07,3,119.06,2,119.05,3,119.04,4,119.03,6,119.35,5,119.36,6,119.37,5,119.38,1,119.39,4,119.4,5,119.41,3,119.42,5,119.43,2,119.44,3
2020-10-29 09:37:54,119.24,119.33,1,119.13,10,119.35,3,119.35,119.13,119.13,10,119.12,3,119.11,8,119.1,4,119.09,7,119.07,3,119.06,2,119.05,3,119.04,4,119.03,6,119.35,3,119.36,6,119.37,5,119.38,1,119.39,4,119.4,5,119.41,3,119.42,5,119.43,2,119.44,3
2020-10-29 09:37:55,119.24,119.33,1,119.13,10,119.35,3,119.35,119.13,119.13,10,119.12,3,119.11,8,119.1,4,119.09,7,119.07,3,119.06,2,119.05,3,119.04,4,119.03,6,119.35,3,119.36,6,119.37,5,119.38,1,119.39,4,119.4,5,119.41,3,119.42,5,119.43,2,119.44,3
2020-10-29 09:37:56,119.24,119.33,1,119.13,10,119.35,3,119.35,119.13,119.13,10,119.12,3,119.11,8,119.1,4,119.09,7,119.07,3,119.06,2,119.05,3,119.04,4,119.03,6,119.35,3,119.36,6,119.37,5,119.38,1,119.39,4,119.4,5,119.41,3,119.42,5,119.43,2,119.44,3
2020-10-29 09:37:57,119.24,119.33,1,119.13,10,119.35,3,119.35,119.13,119.13,10,119.12,3,119.11,8,119.1,4,119.09,7,119.07,3,119.06,2,119.05,3,119.04,4,119.03,6,119.35,3,119.36,6,119.37,5,119.38,1,119.39,4,119.4,5,119.41,3,119.42,5,119.43,2,119.44,3
2020-10-29 09:37:58,119.245,119.33,1,119.14,2,119.35,3,119.35,119.14,119.14,2,119.13,10,119.12,3,119.11,8,119.1,4,119.09,7,119.07,3,119.06,2,119.05,3,119.04,4,119.35,3,119.36,6,119.37,5,119.38,1,119.39,4,119.4,5,119.41,3,119.42,5,119.43,2,119.44,3
2020-10-29 09:37:59,119.245,119.33,1,119.14,2,119.35,3,119.35,119.14,119.14,2,119.13,10,119.12,3,119.11,8,119.1,4,119.09,7,119.07,3,119.06,2,119.05,3,119.04,4,119.35,3,119.36,6,119.37,5,119.38,1,119.39,4,119.4,5,119.41,3,119.42,5,119.43,2,119.44,3
