sim_time,mid_price,last_price,last_size,best_bid_price,best_bid_size,best_ask_price,best_ask_size,close_price_buy,close_price_sell,bid1_price,bid1_size,bid2_price,bid2_size,bid3_price,bid3_size,bid4_price,bid4_size,bid5_price,bid5_size,bid6_price,bid6_size,bid7_price,bid7_size,bid8_price,bid8_size,bid9_price,bid9_size,bid10_price,bid10_size,ask1_price,ask1_size,ask2_price,ask2_size,ask3_price,ask3_size,ask4_price,ask4_size,ask5_price,ask5_size,ask6_price,ask6_size,ask7_price,ask7_size,ask8_price,ask8_size,ask9_price,ask9_size,ask10_price,ask10_size
2026-02-05 09:30:17,,0.0,0,0.0,0,0.0,0,0.0,0.0,,,,,,,,,,,,,,,,,,,,,,,,,,,,,,,,,,,,,,,,
2026-02-05 09:30:18,,0.0,0,0.0,0,0.0,0,0.0,0.0,,,,,,,,,,,,,,,,,,,,,,,,,,,,,,,,,,,,,,,,
2026-02-05 09:30:20,,0.0,0,0.0,0,0.0,0,0.0,0.0,,,,,,,,,,,,,,,,,,,,,,,,,,,,,,,,,,,,,,,,
2026-02-05 09:30:21,,0.0,0,0.0,0,0.0,0,0.0,0.0,,,,,,,,,,,,,,,,,,,,,,,,,,,,,,,,,,,,,,,,
2026-02-05 09:30:22,295.36,296.07,98,294.05,440,296.67,200,296.67,294.05,294.05,440,294.02,240,294.01,280,293.95,200,293.58,280,293.53,200,293.52,280,293.48,200,292.28,200,291.35,2160,296.67,200,298.06,80,,,,,,,,,,,,,,,,
2026-02-05 09:30:22,295.36,296.07,98,294.05,480,296.67,200,296.67,294.05,294.05,480,294.02,240,294.01,280,293.95,200,293.58,280,293.53,200,293.52,280,293.48,200,292.28,200,291.35,2160,296.67,200,298.06,80,,,,,,,,,,,,,,,,
2026-02-05 09:30:24,295.36,296.07,98,294.05,480,296.67,200,296.67,294.05,294.05,480,294.02,240,294.01,280,293.95,200,293.58,280,293.53,200,293.52,280,293.48,200,292.28,200,291.35,2160,296.67,200,298.06,80,,,,,,,,,,,,,,,,
2026-02-05 09:30:25,295.36,296.07,98,294.05,480,296.67,200,296.67,294.05,294.05,480,294.02,240,294.01,280,293.95,200,293.58,280,293.53,200,293.52,280,293.48,200,292.28,200,291.35,2160,296.67,200,298.06,80,,,,,,,,,,,,,,,,
2026-02-05 09:30:26,295.36,296.07,98,294.05,480,296.67,200,296.67,294.05,294.05,480,294.02,240,294.01,280,293.95,200,293.58,280,293.53,200,293.52,280,293.48,200,292.28,200,291.35,2160,296.67,200,298.06,80,,,,,,,,,,,,,,,,
2026-02-05 09:30:27,295.36,296.07,98,294.05,480,296.67,200,296.67,294.05,294.05,480,294.02,240,294.01,280,293.95,200,293.58,280,293.53,200,293.52,280,293.48,200,292.28,200,291.35,2160,296.67,200,298.06,80,,,,,,,,,,,,,,,,
2026-02-05 09:30:28,295.36,296.07,98,294.05,480,296.67,200,296.67,294.05,294.05,480,294.02,240,294.01,280,293.95,200,293.58,280,293.53,200,293.52,280,293.48,200,292.28,200,291.35,2160,296.67,200,298.06,80,,,,,,,,,,,,,,,,
2026-02-05 09:30:29,295.36,296.07,98,294.05,520,296.67,200,296.67,294.05,294.05,520,294.02,240,294.01,280,293.95,200,293.58,280,293.53,200,293.52,280,293.48,200,292.28,200,291.35,2160,296.67,200,298.06,80,,,,,,,,,,,,,,,,
2026-02-05 09:30:30,295.36,296.07,98,294.05,560,296.67,200,296.67,294.05,294.05,560,294.02,240,294.01,280,293.95,200,293.58,280,293.53,200,293.52,280,293.48,200,292.28,200,291.35,2160,296.67,200,298.06,80,,,,,,,,,,,,,,,,
2026-02-05 09:30:31,295.36,296.07,98,294.05,560,296.67,200,296.67,294.05,294.05,560,294.02,240,294.01,280,293.95,200,293.58,280,293.53,200,293.52,280,293.48,200,292.28,200,291.35,2160,296.67,200,298.06,80,,,,,,,,,,,,,,,,
2026-02-05 09:30:32,295.36,296.07,98,294.05,600,296.67,200,296.67,294.05,294.05,600,294.02,240,294.01,280,293.95,200,293.58,280,293.53,200,293.52,280,293.48,200,292.28,200,291.35,2160,296.67,200,298.06,80,,,,,,,,,,,,,,,,
2026-02-05 09:30:33,295.36,296.07,98,294.05,600,296.67,200,296.67,294.05,294.05,600,294.02,240,294.01,280,293.95,200,293.58,280,293.53,200,293.52,280,293.48,200,292.28,200,291.35,2160,296.67,200,298.06,80,,,,,,,,,,,,,,,,
2026-02-05 09:30:34,295.36,296.07,98,294.05,600,296.67,200,296.67,294.05,294.05,600,294.02,240,294.01,280,293.95,200,293.58,280,293.53,200,293.52,280,293.48,200,292.28,200,291.35,2160,296.67,200,298.06,80,,,,,,,,,,,,,,,,
2026-02-05 09:30:35,295.36,296.07,98,294.05,600,296.67,200,296.67,294.05,294.05,600,294.02,240,294.01,280,293.95,200,293.58,280,293.53,200,293.52,280,293.48,200,292.28,200,291.35,2160,296.67,200,298.06,80,,,,,,,,,,,,,,,,
2026-02-05 09:30:36,295.36,296.07,98,294.05,640,296.67,200,296.67,294.05,294.05,640,294.02,240,294.01,280,293.95,200,293.58,280,293.53,200,293.52,280,293.48,200,292.28,200,291.35,2160,296.67,200,298.06,80,,,,,,,,,,,,,,,,
2026-02-05 09:30:37,295.36,296.07,98,294.05,640,296.67,200,296.67,294.05,294.05,640,294.02,240,294.01,280,293.95,200,293.58,280,293.53,200,293.52,280,293.48,200,292.28,200,291.35,2160,296.67,200,298.06,80,,,,,,,,,,,,,,,,
2026-02-05 09:30:38,295.36,296.07,98,294.05,680,296.67,200,296.67,294.05,294.05,680,294.02,240,294.01,280,293.95,200,293.58,280,293.53,200,293.52,280,293.48,200,292.28,200,291.35,2160,296.67,200,298.06,80,,,,,,,,,,,,,,,,
2026-02-05 09:30:39,295.36,296.07,98,294.05,680,296.67,200,296.67,294.05,294.05,680,294.02,240,294.01,280,293.95,200,293.58,280,293.53,200,293.52,280,293.48,200,292.28,200,291.35,2160,296.67,200,298.06,80,,,,,,,,,,,,,,,,
2026-02-05 09:30:40,295.36,296.07,98,294.05,680,296.67,200,296.67,294.05,294.05,680,294.02,240,294.01,280,293.95,200,293.58,280,293.53,200,293.52,280,293.48,200,292.28,200,291.35,2160,296.67,200,298.06,80,,,,,,,,,,,,,,,,
2026-02-05 09:30:41,295.36,296.07,98,294.05,720,296.67,200,296.67,294.05,294.05,720,294.02,240,294.01,280,293.95,200,293.58,280,293.53,200,293.52,280,293.48,200,292.28,200,291.35,2160,296.67,200,298.06,80,,,,,,,,,,,,,,,,
2026-02-05 09:30:41,295.36,296.07,98,294.05,760,296.67,200,296.67,294.05,294.05,760,294.02,240,294.01,280,293.95,200,293.58,280,293.53,200,293.52,280,293.48,200,292.28,200,291.35,2160,296.67,200,298.06,80,,,,,,,,,,,,,,,,
2026-02-05 09:30:43,295.36,296.07,98,294.05,760,296.67,200,296.67,294.05,294.05,760,294.02,240,294.01,280,293.95,200,293.58,280,293.53,200,293.52,280,293.48,200,292.28,200,291.35,2160,296.67,200,298.06,80,,,,,,,,,,,,,,,,
2026-02-05 09:30:44,295.36,295.36,1,294.05,800,296.67,200,296.67,294.05,294.05,800,294.02,240,294.01,280,293.95,200,293.58,280,293.53,200,293.52,280,293.48,200,292.28,200,291.35,2160,296.67,200,298.06,80,,,,,,,,,,,,,,,,
2026-02-05 09:30:45,295.36,295.36,1,294.05,800,296.67,200,296.67,294.05,294.05,800,294.02,240,294.01,280,293.95,200,293.58,280,293.53,200,293.52,280,293.48,200,292.28,200,291.35,2160,296.67,200,298.06,80,,,,,,,,,,,,,,,,
2026-02-05 09:30:46,295.36,295.36,1,294.05,800,296.67,200,296.67,294.05,294.05,800,294.02,240,294.01,280,293.95,200,293.58,280,293.53,200,293.52,280,293.48,200,292.28,200,291.35,2160,296.67,200,298.06,80,,,,,,,,,,,,,,,,
2026-02-05 09:30:47,295.36,295.36,1,294.05,800,296.67,200,296.67,294.05,294.05,800,294.02,240,294.01,280,293.95,200,293.58,280,293.53,200,293.52,280,293.48,200,292.28,200,291.35,2160,296.67,200,298.06,80,,,,,,,,,,,,,,,,
2026-02-05 09:30:48,295.36,295.36,1,294.05,800,296.67,200,296.67,294.05,294.05,800,294.02,240,294.01,280,293.95,200,293.58,280,293.53,200,293.52,280,293.48,200,292.28,200,291.35,2160,296.67,200,298.06,80,,,,,,,,,,,,,,,,
2026-02-05 09:30:48,295.36,295.36,1,294.05,800,296.67,200,296.67,294.05,294.05,800,294.02,240,294.01,280,293.95,200,293.58,280,293.53,200,293.52,280,293.48,200,292.28,200,291.35,2160,296.67,200,298.06,80,,,,,,,,,,,,,,,,
2026-02-05 09:30:50,295.36,295.36,1,294.05,840,296.67,200,296.67,294.05,294.05,840,294.02,240,294.01,280,293.95,200,293.58,280,293.53,200,293.52,280,293.48,200,292.28,200,291.35,2160,296.67,200,298.06,80,,,,,,,,,,,,,,,,
2026-02-05 09:30:51,295.36,295.36,1,294.05,880,296.67,200,296.67,294.05,294.05,880,294.02,240,294.01,280,293.95,200,293.58,280,293.53,200,293.52,280,293.48,200,292.28,200,291.35,2160,296.67,200,298.06,80,,,,,,,,,,,,,,,,
2026-02-05 09:30:52,295.36,295.36,1,294.05,880,296.67,200,296.67,294.05,294.05,880,294.02,240,294.01,280,293.95,200,293.58,280,293.53,200,293.52,280,293.48,200,292.28,200,291.35,2160,296.67,200,298.06,80,,,,,,,,,,,,,,,,
2026-02-05 09:30:53,295.36,295.36,1,294.05,880,296.67,200,296.67,294.05,294.05,880,294.02,240,294.01,280,293.95,200,293.58,280,293.53,200,293.52,280,293.48,200,292.28,200,291.35,2160,296.67,200,298.06,80,,,,,,,,,,,,,,,,
2026-02-05 09:30:54,295.36,295.36,1,294.05,920,296.67,200,296.67,294.05,294.05,920,294.02,240,294.01,280,293.95,200,293.58,280,293.53,200,293.52,280,293.48,200,292.28,200,291.35,2160,296.67,200,298.06,80,,,,,,,,,,,,,,,,
2026-02-05 09:30:55,295.36,295.36,1,294.05,960,296.67,200,296.67,294.05,294.05,960,294.02,240,294.01,280,293.95,200,293.58,280,293.53,200,293.52,280,293.48,200,292.28,200,291.35,2160,296.67,200,298.06,80,,,,,,,,,,,,,,,,
2026-02-05 09:30:56,295.36,295.36,1,294.05,1000,296.67,200,296.67,294.05,294.05,1000,294.02,240,294.01,280,293.95,200,293.58,280,293.53,200,293.52,280,293.48,200,292.28,200,291.35,2160,296.67,200,298.06,80,,,,,,,,,,,,,,,,
2026-02-05 09:30:57,295.36,295.36,1,294.05,1000,296.67,200,296.67,294.05,294.05,1000,294.02,240,294.01,280,293.95,200,293.58,280,293.53,200,293.52,280,293.48,200,292.28,200,291.35,2160,296.67,200,298.06,80,,,,,,,,,,,,,,,,
2026-02-05 09:30:58,295.36,295.36,1,294.05,1000,296.67,200,296.67,294.05,294.05,1000,294.02,240,294.01,280,293.95,200,293.58,280,293.53,200,293.52,280,293.48,200,292.28,200,291.35,2160,296.67,200,298.06,80,,,,,,,,,,,,,,,,
2026-02-05 09:30:59,295.36,295.36,1,294.05,1040,296.67,200,296.67,294.05,294.05,1040,294.02,240,294.01,280,293.95,200,293.58,280,293.53,200,293.52,280,293.48,200,292.28,200,291.35,2160,296.67,200,298.06,80,,,,,,,,,,,,,,,,
2026-02-05 09:31:00,295.36,295.36,1,294.05,1040,296.67,200,296.67,294.05,294.05,1040,294.02,240,294.01,280,293.95,200,293.58,280,293.53,200,293.52,280,293.48,200,292.28,200,291.35,2160,296.67,200,298.06,80,,,,,,,,,,,,,,,,
2026-02-05 09:31:01,295.36,295.36,1,294.05,1040,296.67,200,296.67,294.05,294.05,1040,294.02,240,294.01,280,293.95,200,293.58,280,293.53,200,293.52,280,293.48,200,292.28,200,291.35,2160,296.67,200,298.06,80,,,,,,,,,,,,,,,,
2026-02-05 09:31:02,295.36,295.36,1,294.05,1080,296.67,200,296.67,294.05,294.05,1080,294.02,240,294.01,280,293.95,200,293.58,280,293.53,200,293.52,280,293.48,200,292.28,200,291.35,2160,296.67,200,298.06,80,,,,,,,,,,,,,,,,
2026-02-05 09:31:03,295.36,295.36,1,294.05,1080,296.67,200,296.67,294.05,294.05,1080,294.02,240,294.01,280,293.95,200,293.58,280,293.53,200,293.52,280,293.48,200,292.28,200,291.35,2160,296.67,200,298.06,80,,,,,,,,,,,,,,,,
2026-02-05 09:31:04,295.36,295.36,1,294.05,1080,296.67,200,296.67,294.05,294.05,1080,294.02,240,294.01,280,293.95,200,293.58,280,293.53,200,293.52,280,293.48,200,292.28,200,291.35,2160,296.67,200,298.06,80,,,,,,,,,,,,,,,,
2026-02-05 09:31:05,295.36,295.36,1,294.05,1080,296.67,200,296.67,294.05,294.05,1080,294.02,240,294.01,280,293.95,200,293.58,280,293.53,200,293.52,280,293.48,200,292.28,200,291.35,2160,296.67,200,298.06,80,,,,,,,,,,,,,,,,
2026-02-05 09:31:06,295.36,295.36,1,294.05,1080,296.67,200,296.67,294.05,294.05,1080,294.02,240,294.01,280,293.95,200,293.58,280,293.53,200,293.52,280,293.48,200,292.28,200,291.35,2160,296.67,200,298.06,80,,,,,,,,,,,,,,,,
2026-02-05 09:31:07,295.36,295.36,1,294.05,1120,296.67,200,296.67,294.05,294.05,1120,294.02,240,294.01,280,293.95,200,293.58,280,293.53,200,293.52,280,293.48,200,292.28,200,291.35,2160,296.67,200,298.06,80,,,,,,,,,,,,,,,,
2026-02-05 09:31:08,295.36,295.36,1,294.05,1120,296.67,200,296.67,294.05,294.05,1120,294.02,240,294.01,280,293.95,200,293.58,280,293.53,200,293.52,280,293.48,200,292.28,200,291.35,2160,296.67,200,298.06,80,,,,,,,,,,,,,,,,
2026-02-05 09:31:09,295.36,295.36,1,294.05,1120,296.67,200,296.67,294.05,294.05,1120,294.02,240,294.01,280,293.95,200,293.58,280,293.53,200,293.52,280,293.48,200,292.28,200,291.35,2160,296.67,200,298.06,80,,,,,,,,,,,,,,,,
2026-02-05 09:31:10,295.36,295.36,1,294.05,1160,296.67,200,296.67,294.05,294.05,1160,294.02,240,294.01,280,293.95,200,293.58,280,293.53,200,293.52,280,293.48,200,292.28,200,291.35,2160,296.67,200,298.06,80,,,,,,,,,,,,,,,,
2026-02-05 09:31:11,295.36,295.36,1,294.05,1160,296.67,200,296.67,294.05,294.05,1160,294.02,240,294.01,280,293.95,200,293.58,280,293.53,200,293.52,280,293.48,200,292.28,200,291.35,2160,296.67,200,298.06,80,,,,,,,,,,,,,,,,
2026-02-05 09:31:12,295.36,295.36,1,294.05,1160,296.67,200,296.67,294.05,294.05,1160,294.02,240,294.01,280,293.95,200,293.58,280,293.53,200,293.52,280,293.48,200,292.28,200,291.35,2160,296.67,200,298.06,80,,,,,,,,,,,,,,,,
2026-02-05 09:31:13,295.36,295.36,1,294.05,1240,296.67,200,296.67,294.05,294.05,1240,294.02,240,294.01,280,293.95,200,293.58,280,293.53,200,293.52,280,293.48,200,292.28,200,291.35,2160,296.67,200,298.06,80,,,,,,,,,,,,,,,,
2026-02-05 09:31:14,295.36,295.36,1,294.05,1240,296.67,200,296.67,294.05,294.05,1240,294.02,240,294.01,280,293.95,200,293.58,280,293.53,200,293.52,280,293.48,200,292.28,200,291.35,2160,296.67,200,298.06,80,,,,,,,,,,,,,,,,
2026-02-05 09:31:15,295.36,295.36,1,294.05,1240,296.67,200,296.67,294.05,294.05,1240,294.02,240,294.01,280,293.95,200,293.58,280,293.53,200,293.52,280,293.48,200,292.28,200,291.35,2160,296.67,200,298.06,80,,,,,,,,,,,,,,,,
2026-02-05 09:31:16,295.36,295.36,1,294.05,1280,296.67,200,296.67,294.05,294.05,1280,294.02,240,294.01,280,293.95,200,293.58,280,293.53,200,293.52,280,293.48,200,292.28,200,291.35,2160,296.67,200,298.06,80,,,,,,,,,,,,,,,,
2026-02-05 09:31:17,295.36,295.36,1,294.05,1280,296.67,200,296.67,294.05,294.05,1280,294.02,240,294.01,280,293.95,200,293.58,280,293.53,200,293.52,280,293.48,200,292.28,200,291.35,2160,296.67,200,298.06,80,,,,,,,,,,,,,,,,
2026-02-05 09:31:18,295.36,295.36,1,294.05,1320,296.67,200,296.67,294.05,294.05,1320,294.02,240,294.01,280,293.95,200,293.58,280,293.53,200,293.52,280,293.48,200,292.28,200,291.35,2160,296.67,200,298.06,80,,,,,,,,,,,,,,,,
2026-02-05 09:31:19,295.36,295.36,1,294.05,1360,296.67,200,296.67,294.05,294.05,1360,294.02,240,294.01,280,293.95,200,293.58,280,293.53,200,293.52,280,293.48,200,292.28,200,291.35,2160,296.67,200,298.06,80,,,,,,,,,,,,,,,,
2026-02-05 09:31:20,295.36,295.36,1,294.05,1400,296.67,200,296.67,294.05,294.05,1400,294.02,240,294.01,280,293.95,200,293.58,280,293.53,200,293.52,280,293.48,200,292.28,200,291.35,2160,296.67,200,298.06,80,,,,,,,,,,,,,,,,
2026-02-05 09:31:21,295.36,295.36,1,294.05,1400,296.67,200,296.67,294.05,294.05,1400,294.02,240,294.01,280,293.95,200,293.58,280,293.53,200,293.52,280,293.48,200,292.28,200,291.35,2160,296.67,200,298.06,80,,,,,,,,,,,,,,,,
2026-02-05 09:31:22,295.36,295.36,1,294.05,1400,296.67,200,296.67,294.05,294.05,1400,294.02,240,294.01,280,293.95,200,293.58,280,293.53,200,293.52,280,293.48,200,292.28,200,291.35,2160,296.67,200,298.06,80,,,,,,,,,,,,,,,,
2026-02-05 09:31:23,295.36,295.36,1,294.05,1400,296.67,200,296.67,294.05,294.05,1400,294.02,240,294.01,280,293.95,200,293.58,280,293.53,200,293.52,280,293.48,200,292.28,200,291.35,2160,296.67,200,298.06,80,,,,,,,,,,,,,,,,
2026-02-05 09:31:24,295.36,295.36,1,294.05,1440,296.67,200,296.67,294.05,294.05,1440,294.02,240,294.01,280,293.95,200,293.58,280,293.53,200,293.52,280,293.48,200,292.28,200,291.35,2160,296.67,200,298.06,80,,,,,,,,,,,,,,,,
2026-02-05 09:31:25,295.36,295.36,1,294.05,1440,296.67,200,296.67,294.05,294.05,1440,294.02,240,294.01,280,293.95,200,293.58,280,293.53,200,293.52,280,293.48,200,292.28,200,291.35,2160,296.67,200,298.06,80,,,,,,,,,,,,,,,,
2026-02-05 09:31:26,296.025,296.76,3,295.05,1360,297.0,3320,297.0,295.05,295.05,1360,294.18,1360,294.06,1360,294.05,1480,294.02,240,294.01,280,293.95,200,293.58,280,293.53,200,293.52,280,297.0,3320,298.06,80,,,,,,,,,,,,,,,,
2026-02-05 09:31:27,296.025,296.76,3,295.05,1360,297.0,3320,297.0,295.05,295.05,1360,294.18,1360,294.06,1360,294.05,1480,294.02,240,294.01,280,293.95,200,293.58,280,293.53,200,293.52,280,297.0,3320,298.06,80,,,,,,,,,,,,,,,,
2026-02-05 09:31:28,296.03,296.8,3,295.06,1360,297.0,3320,297.0,295.06,295.06,1360,295.05,1360,294.18,1360,294.06,1360,294.05,1480,294.02,240,294.01,280,293.95,200,293.58,280,293.53,200,297.0,3320,298.06,80,,,,,,,,,,,,,,,,
2026-02-05 09:31:29,296.03,296.8,3,295.06,1440,297.0,3320,297.0,295.06,295.06,1440,295.05,1360,294.18,1360,294.06,1360,294.05,1480,294.02,240,294.01,280,293.95,200,293.58,280,293.53,200,297.0,3320,298.06,80,,,,,,,,,,,,,,,,
2026-02-05 09:31:30,296.03,296.8,3,295.06,1440,297.0,3320,297.0,295.06,295.06,1440,295.05,1360,294.18,1360,294.06,1360,294.05,1480,294.02,240,294.01,280,293.95,200,293.58,280,293.53,200,297.0,3320,298.06,80,,,,,,,,,,,,,,,,
2026-02-05 09:31:31,296.03,296.8,3,295.06,1440,297.0,3320,297.0,295.06,295.06,1440,295.05,1360,294.18,1360,294.06,1360,294.05,1480,294.02,240,294.01,280,293.95,200,293.58,280,293.53,200,297.0,3320,298.06,80,,,,,,,,,,,,,,,,
2026-02-05 09:31:32,296.03,296.8,3,295.06,1480,297.0,3320,297.0,295.06,295.06,1480,295.05,1360,294.18,1360,294.06,1360,294.05,1480,294.02,240,294.01,280,293.95,200,293.58,280,293.53,200,297.0,3320,298.06,80,,,,,,,,,,,,,,,,
2026-02-05 09:31:33,296.03,296.8,3,295.06,1480,297.0,3320,297.0,295.06,295.06,1480,295.05,1360,294.18,1360,294.06,1360,294.05,1480,294.02,240,294.01,280,293.95,200,293.58,280,293.53,200,297.0,3320,298.06,80,,,,,,,,,,,,,,,,
2026-02-05 09:31:34,296.03,296.8,3,295.06,1480,297.0,3320,297.0,295.06,295.06,1480,295.05,1360,294.18,1360,294.06,1360,294.05,1480,294.02,240,294.01,280,293.95,200,293.58,280,293.53,200,297.0,3320,298.06,80,,,,,,,,,,,,,,,,
2026-02-05 09:31:35,296.03,296.8,3,295.06,1480,297.0,3320,297.0,295.06,295.06,1480,295.05,1360,294.18,1360,294.06,1360,294.05,1480,294.02,240,294.01,280,293.95,200,293.58,280,293.53,200,297.0,3320,298.06,80,,,,,,,,,,,,,,,,
2026-02-05 09:31:36,296.03,296.8,3,295.06,1520,297.0,3320,297.0,295.06,295.06,1520,295.05,1360,294.18,1360,294.06,1360,294.05,1480,294.02,240,294.01,280,293.95,200,293.58,280,293.53,200,297.0,3320,298.06,80,,,,,,,,,,,,,,,,
2026-02-05 09:31:37,296.035,296.8,3,295.07,1480,297.0,3360,297.0,295.07,295.07,1480,295.06,1520,295.05,1360,294.18,1360,294.06,1360,294.05,1480,294.02,240,294.01,280,293.95,200,293.58,280,297.0,3360,298.06,80,,,,,,,,,,,,,,,,
2026-02-05 09:31:38,296.035,296.8,3,295.07,1480,297.0,3360,297.0,295.07,295.07,1480,295.06,1520,295.05,1360,294.18,1360,294.06,1360,294.05,1480,294.02,240,294.01,280,293.95,200,293.58,280,297.0,3360,298.06,80,,,,,,,,,,,,,,,,
2026-02-05 09:31:39,296.035,296.8,3,295.07,1480,297.0,3360,297.0,295.07,295.07,1480,295.06,1520,295.05,1360,294.18,1360,294.06,1360,294.05,1480,294.02,240,294.01,280,293.95,200,293.58,280,297.0,3360,298.06,80,,,,,,,,,,,,,,,,
2026-02-05 09:31:40,296.035,296.8,3,295.07,1560,297.0,3360,297.0,295.07,295.07,1560,295.06,1520,295.05,1360,294.18,1360,294.06,1360,294.05,1480,294.02,240,294.01,280,293.95,200,293.58,280,297.0,3360,298.06,80,,,,,,,,,,,,,,,,
2026-02-05 09:31:41,296.035,296.8,3,295.07,1560,297.0,3360,297.0,295.07,295.07,1560,295.06,1520,295.05,1360,294.18,1360,294.06,1360,294.05,1480,294.02,240,294.01,280,293.95,200,293.58,280,297.0,3360,298.06,80,,,,,,,,,,,,,,,,
2026-02-05 09:31:42,296.035,296.8,3,295.07,1600,297.0,3360,297.0,295.07,295.07,1600,295.06,1520,295.05,1360,294.18,1360,294.06,1360,294.05,1480,294.02,240,294.01,280,293.95,200,293.58,280,297.0,3360,298.06,80,,,,,,,,,,,,,,,,
2026-02-05 09:31:43,296.035,296.8,3,295.07,1600,297.0,3360,297.0,295.07,295.07,1600,295.06,1520,295.05,1360,294.18,1360,294.06,1360,294.05,1480,294.02,240,294.01,280,293.95,200,293.58,280,297.0,3360,298.06,80,,,,,,,,,,,,,,,,
2026-02-05 09:31:44,296.035,296.8,3,295.07,1640,297.0,3360,297.0,295.07,295.07,1640,295.06,1520,295.05,1360,294.18,1360,294.06,1360,294.05,1480,294.02,240,294.01,280,293.95,200,293.58,280,297.0,3360,298.06,80,,,,,,,,,,,,,,,,
2026-02-05 09:31:45,296.035,296.8,3,295.07,1640,297.0,3360,297.0,295.07,295.07,1640,295.06,1520,295.05,1360,294.18,1360,294.06,1360,294.05,1480,294.02,240,294.01,280,293.95,200,293.58,280,297.0,3360,298.06,80,,,,,,,,,,,,,,,,
2026-02-05 09:31:46,296.035,296.8,3,295.07,1640,297.0,3360,297.0,295.07,295.07,1640,295.06,1520,295.05,1360,294.18,1360,294.06,1360,294.05,1480,294.02,240,294.01,280,293.95,200,293.58,280,297.0,3360,298.06,80,,,,,,,,,,,,,,,,
2026-02-05 09:31:47,296.035,296.8,3,295.07,1640,297.0,3360,297.0,295.07,295.07,1640,295.06,1520,295.05,1360,294.18,1360,294.06,1360,294.05,1480,294.02,240,294.01,280,293.95,200,293.58,280,297.0,3360,298.06,80,,,,,,,,,,,,,,,,
2026-02-05 09:31:48,296.035,296.8,3,295.07,1680,297.0,3360,297.0,295.07,295.07,1680,295.06,1520,295.05,1360,294.18,1360,294.06,1360,294.05,1480,294.02,240,294.01,280,293.95,200,293.58,280,297.0,3360,298.06,80,,,,,,,,,,,,,,,,
2026-02-05 09:31:49,296.035,296.8,3,295.07,1680,297.0,3360,297.0,295.07,295.07,1680,295.06,1520,295.05,1360,294.18,1360,294.06,1360,294.05,1480,294.02,240,294.01,280,293.95,200,293.58,280,297.0,3360,298.06,80,,,,,,,,,,,,,,,,
2026-02-05 09:31:50,296.035,296.8,3,295.07,1680,297.0,3360,297.0,295.07,295.07,1680,295.06,1520,295.05,1360,294.18,1360,294.06,1360,294.05,1480,294.02,240,294.01,280,293.95,200,293.58,280,297.0,3360,298.06,80,,,,,,,,,,,,,,,,
2026-02-05 09:31:51,296.035,296.8,3,295.07,1720,297.0,3360,297.0,295.07,295.07,1720,295.06,1520,295.05,1360,294.18,1360,294.06,1360,294.05,1480,294.02,240,294.01,280,293.95,200,293.58,280,297.0,3360,298.06,80,,,,,,,,,,,,,,,,
2026-02-05 09:31:52,296.035,296.8,3,295.07,1760,297.0,3360,297.0,295.07,295.07,1760,295.06,1520,295.05,1360,294.18,1360,294.06,1360,294.05,1480,294.02,240,294.01,280,293.95,200,293.58,280,297.0,3360,298.06,80,,,,,,,,,,,,,,,,
2026-02-05 09:31:53,296.035,296.8,3,295.07,1800,297.0,3360,297.0,295.07,295.07,1800,295.06,1520,295.05,1360,294.18,1360,294.06,1360,294.05,1480,294.02,240,294.01,280,293.95,200,293.58,280,297.0,3360,298.06,80,,,,,,,,,,,,,,,,
2026-02-05 09:31:54,296.035,296.8,3,295.07,1800,297.0,3360,297.0,295.07,295.07,1800,295.06,1520,295.05,1360,294.18,1360,294.06,1360,294.05,1480,294.02,240,294.01,280,293.95,200,293.58,280,297.0,3360,298.06,80,,,,,,,,,,,,,,,,
2026-02-05 09:31:55,296.035,296.8,3,295.07,1800,297.0,3360,297.0,295.07,295.07,1800,295.06,1520,295.05,1360,294.18,1360,294.06,1360,294.05,1480,294.02,240,294.01,280,293.95,200,293.58,280,297.0,3360,298.06,80,,,,,,,,,,,,,,,,
2026-02-05 09:31:56,296.035,296.8,3,295.07,1800,297.0,3360,297.0,295.07,295.07,1800,295.06,1520,295.05,1360,294.18,1360,294.06,1360,294.05,1480,294.02,240,294.01,280,293.95,200,293.58,280,297.0,3360,298.06,80,,,,,,,,,,,,,,,,
2026-02-05 09:31:57,296.035,296.8,3,295.07,1800,297.0,3360,297.0,295.07,295.07,1800,295.06,1520,295.05,1360,294.18,1360,294.06,1360,294.05,1480,294.02,240,294.01,280,293.95,200,293.58,280,297.0,3360,298.06,80,,,,,,,,,,,,,,,,
2026-02-05 09:31:58,296.035,296.8,3,295.07,1840,297.0,3360,297.0,295.07,295.07,1840,295.06,1520,295.05,1360,294.18,1360,294.06,1360,294.05,1480,294.02,240,294.01,280,293.95,200,293.58,280,297.0,3360,298.06,80,,,,,,,,,,,,,,,,
2026-02-05 09:31:59,296.035,296.8,3,295.07,1880,297.0,3360,297.0,295.07,295.07,1880,295.06,1520,295.05,1360,294.18,1360,294.06,1360,294.05,1480,294.02,240,294.01,280,293.95,200,293.58,280,297.0,3360,298.06,80,,,,,,,,,,,,,,,,
2026-02-05 09:32:00,296.25,296.8,3,295.5,1840,297.0,3320,297.0,295.5,295.5,1840,295.49,1880,295.09,1840,295.08,1920,295.07,1880,295.06,1520,295.05,1360,294.18,1360,294.06,1360,294.05,1480,297.0,3320,298.06,80,,,,,,,,,,,,,,,,
2026-02-05 09:32:01,296.25,296.8,3,295.5,1840,297.0,3320,297.0,295.5,295.5,1840,295.49,1880,295.09,1840,295.08,1920,295.07,1880,295.06,1520,295.05,1360,294.18,1360,294.06,1360,294.05,1480,297.0,3320,298.06,80,,,,,,,,,,,,,,,,
2026-02-05 09:32:02,296.25,296.8,3,295.5,1880,297.0,3320,297.0,295.5,295.5,1880,295.49,1880,295.09,1840,295.08,1920,295.07,1880,295.06,1520,295.05,1360,294.18,1360,294.06,1360,294.05,1480,297.0,3320,298.06,80,,,,,,,,,,,,,,,,
2026-02-05 09:32:03,296.25,296.8,3,295.5,1920,297.0,3320,297.0,295.5,295.5,1920,295.49,1880,295.09,1840,295.08,1920,295.07,1880,295.06,1520,295.05,1360,294.18,1360,294.06,1360,294.05,1480,297.0,3320,298.06,80,,,,,,,,,,,,,,,,
2026-02-05 09:32:04,296.25,296.8,3,295.5,1920,297.0,3320,297.0,295.5,295.5,1920,295.49,1880,295.09,1840,295.08,1920,295.07,1880,295.06,1520,295.05,1360,294.18,1360,294.06,1360,294.05,1480,297.0,3320,298.06,80,,,,,,,,,,,,,,,,
2026-02-05 09:32:05,296.25,296.8,3,295.5,1920,297.0,3320,297.0,295.5,295.5,1920,295.49,1880,295.09,1840,295.08,1920,295.07,1880,295.06,1520,295.05,1360,294.18,1360,294.06,1360,294.05,1480,297.0,3320,298.06,80,,,,,,,,,,,,,,,,
2026-02-05 09:32:06,296.25,296.8,3,295.5,1920,297.0,3320,297.0,295.5,295.5,1920,295.49,1880,295.09,1840,295.08,1920,295.07,1880,295.06,1520,295.05,1360,294.18,1360,294.06,1360,294.05,1480,297.0,3320,298.06,80,,,,,,,,,,,,,,,,
2026-02-05 09:32:07,296.25,296.8,3,295.5,1960,297.0,3320,297.0,295.5,295.5,1960,295.49,1880,295.09,1840,295.08,1920,295.07,1880,295.06,1520,295.05,1360,294.18,1360,294.06,1360,294.05,1480,297.0,3320,298.06,80,,,,,,,,,,,,,,,,
2026-02-05 09:32:08,296.25,296.8,3,295.5,1960,297.0,3320,297.0,295.5,295.5,1960,295.49,1880,295.09,1840,295.08,1920,295.07,1880,295.06,1520,295.05,1360,294.18,1360,294.06,1360,294.05,1480,297.0,3320,298.06,80,,,,,,,,,,,,,,,,
2026-02-05 09:32:09,296.25,296.8,3,295.5,2000,297.0,3320,297.0,295.5,295.5,2000,295.49,1880,295.09,1840,295.08,1920,295.07,1880,295.06,1520,295.05,1360,294.18,1360,294.06,1360,294.05,1480,297.0,3320,298.06,80,,,,,,,,,,,,,,,,
2026-02-05 09:32:10,296.25,296.8,3,295.5,2000,297.0,3320,297.0,295.5,295.5,2000,295.49,1880,295.09,1840,295.08,1920,295.07,1880,295.06,1520,295.05,1360,294.18,1360,294.06,1360,294.05,1480,297.0,3320,298.06,80,,,,,,,,,,,,,,,,
2026-02-05 09:32:11,296.25,296.8,3,295.5,2000,297.0,3320,297.0,295.5,295.5,2000,295.49,1880,295.09,1840,295.08,1920,295.07,1880,295.06,1520,295.05,1360,294.18,1360,294.06,1360,294.05,1480,297.0,3320,298.06,80,,,,,,,,,,,,,,,,
2026-02-05 09:32:12,296.25,296.8,3,295.5,2040,297.0,3320,297.0,295.5,295.5,2040,295.49,1880,295.09,1840,295.08,1920,295.07,1880,295.06,1520,295.05,1360,294.18,1360,294.06,1360,294.05,1480,297.0,3320,298.06,80,,,,,,,,,,,,,,,,
2026-02-05 09:32:13,296.25,296.8,3,295.5,2040,297.0,3320,297.0,295.5,295.5,2040,295.49,1880,295.09,1840,295.08,1920,295.07,1880,295.06,1520,295.05,1360,294.18,1360,294.06,1360,294.05,1480,297.0,3320,298.06,80,,,,,,,,,,,,,,,,
2026-02-05 09:32:14,296.25,296.8,3,295.5,2040,297.0,3320,297.0,295.5,295.5,2040,295.49,1880,295.09,1840,295.08,1920,295.07,1880,295.06,1520,295.05,1360,294.18,1360,294.06,1360,294.05,1480,297.0,3320,298.06,80,,,,,,,,,,,,,,,,
2026-02-05 09:32:15,296.215,296.8,3,295.5,2040,296.93,40,296.93,295.5,295.5,2040,295.49,1880,295.09,1840,295.08,1920,295.07,1880,295.06,1520,295.05,1360,294.18,1360,294.06,1360,294.05,1480,296.93,40,297.0,3320,298.06,80,,,,,,,,,,,,,,
2026-02-05 09:32:16,296.215,296.8,3,295.5,2080,296.93,80,296.93,295.5,295.5,2080,295.49,1880,295.09,1840,295.08,1920,295.07,1880,295.06,1520,295.05,1360,294.18,1360,294.06,1360,294.05,1480,296.93,80,297.0,3320,298.06,80,,,,,,,,,,,,,,
2026-02-05 09:32:17,296.215,296.8,3,295.5,2080,296.93,80,296.93,295.5,295.5,2080,295.49,1880,295.09,1840,295.08,1920,295.07,1880,295.06,1520,295.05,1360,294.18,1360,294.06,1360,294.05,1480,296.93,80,297.0,3320,298.06,80,,,,,,,,,,,,,,
2026-02-05 09:32:18,296.215,296.8,3,295.5,2120,296.93,80,296.93,295.5,295.5,2120,295.49,1880,295.09,1840,295.08,1920,295.07,1880,295.06,1520,295.05,1360,294.18,1360,294.06,1360,294.05,1480,296.93,80,297.0,3320,298.06,80,,,,,,,,,,,,,,
2026-02-05 09:32:19,296.215,296.8,3,295.5,2120,296.93,80,296.93,295.5,295.5,2120,295.49,1880,295.09,1840,295.08,1920,295.07,1880,295.06,1520,295.05,1360,294.18,1360,294.06,1360,294.05,1480,296.93,80,297.0,3320,298.06,80,,,,,,,,,,,,,,
2026-02-05 09:32:20,296.215,296.8,3,295.5,2160,296.93,80,296.93,295.5,295.5,2160,295.49,1880,295.09,1840,295.08,1920,295.07,1880,295.06,1520,295.05,1360,294.18,1360,294.06,1360,294.05,1480,296.93,80,297.0,3320,298.06,80,,,,,,,,,,,,,,
2026-02-05 09:32:21,296.215,296.8,3,295.5,2160,296.93,200,296.93,295.5,295.5,2160,295.49,1880,295.09,1840,295.08,1920,295.07,1880,295.06,1520,295.05,1360,294.18,1360,294.06,1360,294.05,1480,296.93,200,297.0,3320,298.06,80,,,,,,,,,,,,,,
2026-02-05 09:32:22,296.215,296.8,3,295.5,2160,296.93,200,296.93,295.5,295.5,2160,295.49,1880,295.09,1840,295.08,1920,295.07,1880,295.06,1520,295.05,1360,294.18,1360,294.06,1360,294.05,1480,296.93,200,297.0,3320,298.06,80,,,,,,,,,,,,,,
2026-02-05 09:32:23,296.215,296.8,3,295.5,2200,296.93,200,296.93,295.5,295.5,2200,295.49,1880,295.09,1840,295.08,1920,295.07,1880,295.06,1520,295.05,1360,294.18,1360,294.06,1360,294.05,1480,296.93,200,297.0,3320,298.06,80,,,,,,,,,,,,,,
2026-02-05 09:32:24,296.215,296.8,3,295.5,2200,296.93,200,296.93,295.5,295.5,2200,295.49,1880,295.09,1840,295.08,1920,295.07,1880,295.06,1520,295.05,1360,294.18,1360,294.06,1360,294.05,1480,296.93,200,297.0,3320,298.06,80,,,,,,,,,,,,,,
2026-02-05 09:32:25,296.215,296.8,3,295.5,2200,296.93,200,296.93,295.5,295.5,2200,295.49,1880,295.09,1840,295.08,1920,295.07,1880,295.06,1520,295.05,1360,294.18,1360,294.06,1360,294.05,1480,296.93,200,297.0,3320,298.06,80,,,,,,,,,,,,,,
2026-02-05 09:32:26,296.215,296.8,3,295.5,2200,296.93,200,296.93,295.5,295.5,2200,295.49,1880,295.09,1840,295.08,1920,295.07,1880,295.06,1520,295.05,1360,294.18,1360,294.06,1360,294.05,1480,296.93,200,297.0,3320,298.06,80,,,,,,,,,,,,,,
2026-02-05 09:32:27,296.215,296.8,3,295.5,2240,296.93,200,296.93,295.5,295.5,2240,295.49,1880,295.09,1840,295.08,1920,295.07,1880,295.06,1520,295.05,1360,294.18,1360,294.06,1360,294.05,1480,296.93,200,297.0,3320,298.06,80,,,,,,,,,,,,,,
2026-02-05 09:32:28,296.215,296.8,3,295.5,2280,296.93,200,296.93,295.5,295.5,2280,295.49,1880,295.09,1840,295.08,1920,295.07,1880,295.06,1520,295.05,1360,294.18,1360,294.06,1360,294.05,1480,296.93,200,297.0,3320,298.06,80,,,,,,,,,,,,,,
2026-02-05 09:32:29,296.215,296.8,3,295.5,2280,296.93,200,296.93,295.5,295.5,2280,295.49,1880,295.09,1840,295.08,1920,295.07,1880,295.06,1520,295.05,1360,294.18,1360,294.06,1360,294.05,1480,296.93,200,297.0,3320,298.06,80,,,,,,,,,,,,,,
2026-02-05 09:32:30,296.215,296.8,3,295.5,2280,296.93,200,296.93,295.5,295.5,2280,295.49,1880,295.09,1840,295.08,1920,295.07,1880,295.06,1520,295.05,1360,294.18,1360,294.06,1360,294.05,1480,296.93,200,297.0,3320,298.06,80,,,,,,,,,,,,,,
2026-02-05 09:32:31,296.215,296.8,3,295.5,2280,296.93,200,296.93,295.5,295.5,2280,295.49,1880,295.09,1840,295.08,1920,295.07,1880,295.06,1520,295.05,1360,294.18,1360,294.06,1360,294.05,1480,296.93,200,297.0,3320,298.06,80,,,,,,,,,,,,,,
2026-02-05 09:32:32,296.215,296.8,3,295.5,2320,296.93,200,296.93,295.5,295.5,2320,295.49,1880,295.09,1840,295.08,1920,295.07,1880,295.06,1520,295.05,1360,294.18,1360,294.06,1360,294.05,1480,296.93,200,297.0,3320,298.06,80,,,,,,,,,,,,,,
2026-02-05 09:32:33,296.215,296.8,3,295.5,2320,296.93,200,296.93,295.5,295.5,2320,295.49,1880,295.09,1840,295.08,1920,295.07,1880,295.06,1520,295.05,1360,294.18,1360,294.06,1360,294.05,1480,296.93,200,297.0,3320,298.06,80,,,,,,,,,,,,,,
2026-02-05 09:32:34,296.215,296.8,3,295.5,2320,296.93,200,296.93,295.5,295.5,2320,295.49,1880,295.09,1840,295.08,1920,295.07,1880,295.06,1520,295.05,1360,294.18,1360,294.06,1360,294.05,1480,296.93,200,297.0,3320,298.06,80,,,,,,,,,,,,,,
2026-02-05 09:32:35,296.215,296.8,3,295.5,2360,296.93,200,296.93,295.5,295.5,2360,295.49,1880,295.09,1840,295.08,1920,295.07,1880,295.06,1520,295.05,1360,294.18,1360,294.06,1360,294.05,1480,296.93,200,297.0,3320,298.06,80,,,,,,,,,,,,,,
2026-02-05 09:32:36,296.215,296.8,3,295.5,2360,296.93,200,296.93,295.5,295.5,2360,295.49,1880,295.09,1840,295.08,1920,295.07,1880,295.06,1520,295.05,1360,294.18,1360,294.06,1360,294.05,1480,296.93,200,297.0,3320,298.06,80,,,,,,,,,,,,,,
2026-02-05 09:32:37,296.215,296.8,3,295.5,2360,296.93,200,296.93,295.5,295.5,2360,295.49,1880,295.09,1840,295.08,1920,295.07,1880,295.06,1520,295.05,1360,294.18,1360,294.06,1360,294.05,1480,296.93,200,297.0,3320,298.06,80,,,,,,,,,,,,,,
2026-02-05 09:32:38,296.215,296.8,3,295.5,2400,296.93,200,296.93,295.5,295.5,2400,295.49,1880,295.09,1840,295.08,1920,295.07,1880,295.06,1520,295.05,1360,294.18,1360,294.06,1360,294.05,1480,296.93,200,297.0,3320,298.06,80,,,,,,,,,,,,,,
2026-02-05 09:32:39,296.215,296.8,3,295.5,2440,296.93,200,296.93,295.5,295.5,2440,295.49,1880,295.09,1840,295.08,1920,295.07,1880,295.06,1520,295.05,1360,294.18,1360,294.06,1360,294.05,1480,296.93,200,297.0,3320,298.06,80,,,,,,,,,,,,,,
2026-02-05 09:32:40,296.215,296.8,3,295.5,2440,296.93,200,296.93,295.5,295.5,2440,295.49,1880,295.09,1840,295.08,1920,295.07,1880,295.06,1520,295.05,1360,294.18,1360,294.06,1360,294.05,1480,296.93,200,297.0,3320,298.06,80,,,,,,,,,,,,,,
2026-02-05 09:32:41,296.215,296.8,3,295.5,2440,296.93,200,296.93,295.5,295.5,2440,295.49,1880,295.09,1840,295.08,1920,295.07,1880,295.06,1520,295.05,1360,294.18,1360,294.06,1360,294.05,1480,296.93,200,297.0,3320,298.06,80,,,,,,,,,,,,,,
2026-02-05 09:32:42,296.215,296.8,3,295.5,2440,296.93,200,296.93,295.5,295.5,2440,295.49,1880,295.09,1840,295.08,1920,295.07,1880,295.06,1520,295.05,1360,294.18,1360,294.06,1360,294.05,1480,296.93,200,297.0,3320,298.06,80,,,,,,,,,,,,,,
2026-02-05 09:32:43,296.215,296.8,3,295.5,2480,296.93,200,296.93,295.5,295.5,2480,295.49,1880,295.09,1840,295.08,1920,295.07,1880,295.06,1520,295.05,1360,294.18,1360,294.06,1360,294.05,1480,296.93,200,297.0,3320,298.06,80,,,,,,,,,,,,,,
2026-02-05 09:32:44,296.215,296.8,3,295.5,2480,296.93,200,296.93,295.5,295.5,2480,295.49,1880,295.09,1840,295.08,1920,295.07,1880,295.06,1520,295.05,1360,294.18,1360,294.06,1360,294.05,1480,296.93,200,297.0,3320,298.06,80,,,,,,,,,,,,,,
2026-02-05 09:32:45,296.215,296.8,3,295.5,2520,296.93,200,296.93,295.5,295.5,2520,295.49,1880,295.09,1840,295.08,1920,295.07,1880,295.06,1520,295.05,1360,294.18,1360,294.06,1360,294.05,1480,296.93,200,297.0,3320,298.06,80,,,,,,,,,,,,,,
2026-02-05 09:32:46,296.215,296.8,3,295.5,2520,296.93,200,296.93,295.5,295.5,2520,295.49,1880,295.09,1840,295.08,1920,295.07,1880,295.06,1520,295.05,1360,294.18,1360,294.06,1360,294.05,1480,296.93,200,297.0,3320,298.06,80,,,,,,,,,,,,,,
2026-02-05 09:32:47,296.215,296.8,3,295.5,2520,296.93,200,296.93,295.5,295.5,2520,295.49,1880,295.09,1840,295.08,1920,295.07,1880,295.06,1520,295.05,1360,294.18,1360,294.06,1360,294.05,1480,296.93,200,297.0,3320,298.06,80,,,,,,,,,,,,,,
2026-02-05 09:32:48,296.215,296.8,3,295.5,2560,296.93,200,296.93,295.5,295.5,2560,295.49,1880,295.09,1840,295.08,1920,295.07,1880,295.06,1520,295.05,1360,294.18,1360,294.06,1360,294.05,1480,296.93,200,297.0,3320,298.06,80,,,,,,,,,,,,,,
2026-02-05 09:32:49,296.215,296.8,3,295.5,2560,296.93,200,296.93,295.5,295.5,2560,295.49,1880,295.09,1840,295.08,1920,295.07,1880,295.06,1520,295.05,1360,294.18,1360,294.06,1360,294.05,1480,296.93,200,297.0,3320,298.06,80,,,,,,,,,,,,,,
2026-02-05 09:32:50,296.215,296.8,3,295.5,2560,296.93,200,296.93,295.5,295.5,2560,295.49,1880,295.09,1840,295.08,1920,295.07,1880,295.06,1520,295.05,1360,294.18,1360,294.06,1360,294.05,1480,296.93,200,297.0,3320,298.06,80,,,,,,,,,,,,,,
2026-02-05 09:32:51,296.215,296.8,3,295.5,2640,296.93,200,296.93,295.5,295.5,2640,295.49,1880,295.09,1840,295.08,1920,295.07,1880,295.06,1520,295.05,1360,294.18,1360,294.06,1360,294.05,1480,296.93,200,297.0,3320,298.06,80,,,,,,,,,,,,,,
2026-02-05 09:32:52,296.215,296.8,3,295.5,2640,296.93,200,296.93,295.5,295.5,2640,295.49,1880,295.09,1840,295.08,1920,295.07,1880,295.06,1520,295.05,1360,294.18,1360,294.06,1360,294.05,1480,296.93,200,297.0,3320,298.06,80,,,,,,,,,,,,,,
2026-02-05 09:32:53,296.215,296.8,3,295.5,2640,296.93,200,296.93,295.5,295.5,2640,295.49,1880,295.09,1840,295.08,1920,295.07,1880,295.06,1520,295.05,1360,294.18,1360,294.06,1360,294.05,1480,296.93,200,297.0,3320,298.06,80,,,,,,,,,,,,,,
2026-02-05 09:32:54,296.215,296.8,3,295.5,2680,296.93,200,296.93,295.5,295.5,2680,295.49,1880,295.09,1840,295.08,1920,295.07,1880,295.06,1520,295.05,1360,294.18,1360,294.06,1360,294.05,1480,296.93,200,297.0,3320,298.06,80,,,,,,,,,,,,,,
2026-02-05 09:32:55,296.215,296.8,3,295.5,2680,296.93,200,296.93,295.5,295.5,2680,295.49,1880,295.09,1840,295.08,1920,295.07,1880,295.06,1520,295.05,1360,294.18,1360,294.06,1360,294.05,1480,296.93,200,297.0,3320,298.06,80,,,,,,,,,,,,,,
2026-02-05 09:32:56,296.215,296.8,3,295.5,2680,296.93,200,296.93,295.5,295.5,2680,295.49,1880,295.09,1840,295.08,1920,295.07,1880,295.06,1520,295.05,1360,294.18,1360,294.06,1360,294.05,1480,296.93,200,297.0,3320,298.06,80,,,,,,,,,,,,,,
2026-02-05 09:32:57,296.215,296.8,3,295.5,2680,296.93,200,296.93,295.5,295.5,2680,295.49,1880,295.09,1840,295.08,1920,295.07,1880,295.06,1520,295.05,1360,294.18,1360,294.06,1360,294.05,1480,296.93,200,297.0,3320,298.06,80,,,,,,,,,,,,,,
2026-02-05 09:32:58,296.215,296.8,3,295.5,2720,296.93,200,296.93,295.5,295.5,2720,295.49,1880,295.09,1840,295.08,1920,295.07,1880,295.06,1520,295.05,1360,294.18,1360,294.06,1360,294.05,1480,296.93,200,297.0,3320,298.06,80,,,,,,,,,,,,,,
2026-02-05 09:32:59,296.215,296.8,3,295.5,2720,296.93,200,296.93,295.5,295.5,2720,295.49,1880,295.09,1840,295.08,1920,295.07,1880,295.06,1520,295.05,1360,294.18,1360,294.06,1360,294.05,1480,296.93,200,297.0,3320,298.06,80,,,,,,,,,,,,,,
2026-02-05 09:33:00,296.215,296.8,3,295.5,2720,296.93,200,296.93,295.5,295.5,2720,295.49,1880,295.09,1840,295.08,1920,295.07,1880,295.06,1520,295.05,1360,294.18,1360,294.06,1360,294.05,1480,296.93,200,297.0,3320,298.06,80,,,,,,,,,,,,,,
2026-02-05 09:33:01,296.215,296.8,3,295.5,2760,296.93,200,296.93,295.5,295.5,2760,295.49,1880,295.09,1840,295.08,1920,295.07,1880,295.06,1520,295.05,1360,294.18,1360,294.06,1360,294.05,1480,296.93,200,297.0,3320,298.06,80,,,,,,,,,,,,,,
2026-02-05 09:33:02,296.215,296.8,3,295.5,2760,296.93,200,296.93,295.5,295.5,2760,295.49,1880,295.09,1840,295.08,1920,295.07,1880,295.06,1520,295.05,1360,294.18,1360,294.06,1360,294.05,1480,296.93,200,297.0,3320,298.06,80,,,,,,,,,,,,,,
2026-02-05 09:33:03,296.215,296.8,3,295.5,2760,296.93,200,296.93,295.5,295.5,2760,295.49,1880,295.09,1840,295.08,1920,295.07,1880,295.06,1520,295.05,1360,294.18,1360,294.06,1360,294.05,1480,296.93,200,297.0,3320,298.06,80,,,,,,,,,,,,,,
2026-02-05 09:33:04,296.215,296.8,3,295.5,2800,296.93,200,296.93,295.5,295.5,2800,295.49,1880,295.09,1840,295.08,1920,295.07,1880,295.06,1520,295.05,1360,294.18,1360,294.06,1360,294.05,1480,296.93,200,297.0,3320,298.06,80,,,,,,,,,,,,,,
2026-02-05 09:33:05,296.215,296.8,3,295.5,2800,296.93,200,296.93,295.5,295.5,2800,295.49,1880,295.09,1840,295.08,1920,295.07,1880,295.06,1520,295.05,1360,294.18,1360,294.06,1360,294.05,1480,296.93,200,297.0,3320,298.06,80,,,,,,,,,,,,,,
2026-02-05 09:33:06,296.215,296.8,3,295.5,2840,296.93,200,296.93,295.5,295.5,2840,295.49,1880,295.09,1840,295.08,1920,295.07,1880,295.06,1520,295.05,1360,294.18,1360,294.06,1360,294.05,1480,296.93,200,297.0,3320,298.06,80,,,,,,,,,,,,,,
2026-02-05 09:33:07,296.215,296.8,3,295.5,2840,296.93,200,296.93,295.5,295.5,2840,295.49,1880,295.09,1840,295.08,1920,295.07,1880,295.06,1520,295.05,1360,294.18,1360,294.06,1360,294.05,1480,296.93,200,297.0,3320,298.06,80,,,,,,,,,,,,,,
2026-02-05 09:33:08,296.215,296.8,3,295.5,2840,296.93,200,296.93,295.5,295.5,2840,295.49,1880,295.09,1840,295.08,1920,295.07,1880,295.06,1520,295.05,1360,294.18,1360,294.06,1360,294.05,1480,296.93,200,297.0,3320,298.06,80,,,,,,,,,,,,,,
2026-02-05 09:33:09,296.215,296.8,3,295.5,2880,296.93,200,296.93,295.5,295.5,2880,295.49,1880,295.09,1840,295.08,1920,295.07,1880,295.06,1520,295.05,1360,294.18,1360,294.06,1360,294.05,1480,296.93,200,297.0,3320,298.06,80,,,,,,,,,,,,,,
2026-02-05 09:33:10,296.215,296.8,3,295.5,2880,296.93,200,296.93,295.5,295.5,2880,295.49,1880,295.09,1840,295.08,1920,295.07,1880,295.06,1520,295.05,1360,294.18,1360,294.06,1360,294.05,1480,296.93,200,297.0,3320,298.06,80,,,,,,,,,,,,,,
2026-02-05 09:33:11,296.215,296.8,3,295.5,2880,296.93,200,296.93,295.5,295.5,2880,295.49,1880,295.09,1840,295.08,1920,295.07,1880,295.06,1520,295.05,1360,294.18,1360,294.06,1360,294.05,1480,296.93,200,297.0,3320,298.06,80,,,,,,,,,,,,,,
2026-02-05 09:33:12,296.215,296.8,3,295.5,2920,296.93,200,296.93,295.5,295.5,2920,295.49,1880,295.09,1840,295.08,1920,295.07,1880,295.06,1520,295.05,1360,294.18,1360,294.06,1360,294.05,1480,296.93,200,297.0,3320,298.06,80,,,,,,,,,,,,,,
2026-02-05 09:33:13,296.215,296.8,3,295.5,2920,296.93,200,296.93,295.5,295.5,2920,295.49,1880,295.09,1840,295.08,1920,295.07,1880,295.06,1520,295.05,1360,294.18,1360,294.06,1360,294.05,1480,296.93,200,297.0,3320,298.06,80,,,,,,,,,,,,,,
2026-02-05 09:33:14,296.215,296.8,3,295.5,2920,296.93,200,296.93,295.5,295.5,2920,295.49,1880,295.09,1840,295.08,1920,295.07,1880,295.06,1520,295.05,1360,294.18,1360,294.06,1360,294.05,1480,296.93,200,297.0,3320,298.06,80,,,,,,,,,,,,,,
2026-02-05 09:33:15,296.215,296.8,3,295.5,2960,296.93,200,296.93,295.5,295.5,2960,295.49,1880,295.09,1840,295.08,1920,295.07,1880,295.06,1520,295.05,1360,294.18,1360,294.06,1360,294.05,1480,296.93,200,297.0,3320,298.06,80,,,,,,,,,,,,,,
2026-02-05 09:33:16,296.215,296.8,3,295.5,2960,296.93,200,296.93,295.5,295.5,2960,295.49,1880,295.09,1840,295.08,1920,295.07,1880,295.06,1520,295.05,1360,294.18,1360,294.06,1360,294.05,1480,296.93,200,297.0,3320,298.06,80,,,,,,,,,,,,,,
2026-02-05 09:33:17,296.215,296.8,3,295.5,2960,296.93,200,296.93,295.5,295.5,2960,295.49,1880,295.09,1840,295.08,1920,295.07,1880,295.06,1520,295.05,1360,294.18,1360,294.06,1360,294.05,1480,296.93,200,297.0,3320,298.06,80,,,,,,,,,,,,,,
2026-02-05 09:33:18,296.215,296.8,3,295.5,3000,296.93,200,296.93,295.5,295.5,3000,295.49,1880,295.09,1840,295.08,1920,295.07,1880,295.06,1520,295.05,1360,294.18,1360,294.06,1360,294.05,1480,296.93,200,297.0,3320,298.06,80,,,,,,,,,,,,,,
2026-02-05 09:33:19,296.215,296.8,3,295.5,3000,296.93,200,296.93,295.5,295.5,3000,295.49,1880,295.09,1840,295.08,1920,295.07,1880,295.06,1520,295.05,1360,294.18,1360,294.06,1360,294.05,1480,296.93,200,297.0,3320,298.06,80,,,,,,,,,,,,,,
2026-02-05 09:33:20,296.215,296.8,3,295.5,3080,296.93,200,296.93,295.5,295.5,3080,295.49,1880,295.09,1840,295.08,1920,295.07,1880,295.06,1520,295.05,1360,294.18,1360,294.06,1360,294.05,1480,296.93,200,297.0,3320,298.06,80,,,,,,,,,,,,,,
2026-02-05 09:33:21,296.215,296.8,3,295.5,3080,296.93,200,296.93,295.5,295.5,3080,295.49,1880,295.09,1840,295.08,1920,295.07,1880,295.06,1520,295.05,1360,294.18,1360,294.06,1360,294.05,1480,296.93,200,297.0,3320,298.06,80,,,,,,,,,,,,,,
2026-02-05 09:33:22,297.5,297.0,3,297.0,3440,298.0,80,298.0,297.0,297.0,3440,296.23,3080,296.22,3080,296.21,3160,295.79,80,295.78,3120,295.51,3160,295.5,3080,295.49,1880,295.09,1840,298.0,80,298.06,80,,,,,,,,,,,,,,,,
2026-02-05 09:33:23,297.5,297.0,3,297.0,3400,298.0,80,298.0,297.0,297.0,3400,296.23,3080,296.22,3080,296.21,3160,295.79,80,295.78,3120,295.51,3160,295.5,3080,295.49,1880,295.09,1840,298.0,80,298.06,80,,,,,,,,,,,,,,,,
2026-02-05 09:33:24,297.5,297.0,3,297.0,3440,298.0,80,298.0,297.0,297.0,3440,296.23,3080,296.22,3080,296.21,3160,295.79,80,295.78,3120,295.51,3160,295.5,3080,295.49,1880,295.09,1840,298.0,80,298.06,80,,,,,,,,,,,,,,,,
2026-02-05 09:33:25,297.475,296.95,8,296.95,3080,298.0,160,298.0,296.95,296.95,3080,296.23,3080,296.22,3080,296.21,3160,295.79,80,295.78,3120,295.51,3160,295.5,3080,295.49,1880,295.09,1840,298.0,160,298.06,80,,,,,,,,,,,,,,,,
2026-02-05 09:33:26,297.475,296.95,8,296.95,3080,298.0,160,298.0,296.95,296.95,3080,296.23,3080,296.22,3080,296.21,3160,295.79,80,295.78,3120,295.51,3160,295.5,3080,295.49,1880,295.09,1840,298.0,160,298.06,80,,,,,,,,,,,,,,,,
2026-02-05 09:33:27,297.285,297.49,1,296.95,3120,297.62,200,297.62,296.95,296.95,3120,296.23,3080,296.22,3080,296.21,3160,295.79,80,295.78,3120,295.51,3160,295.5,3080,295.49,1880,295.09,1840,297.62,200,298.0,160,298.06,80,,,,,,,,,,,,,,
2026-02-05 09:33:28,297.28,297.49,1,296.95,3120,297.61,160,297.61,296.95,296.95,3120,296.23,3080,296.22,3080,296.21,3160,295.79,80,295.78,3120,295.51,3160,295.5,3080,295.49,1880,295.09,1840,297.61,160,297.62,200,298.0,160,298.06,80,,,,,,,,,,,,
2026-02-05 09:33:29,297.28,297.49,1,296.95,3120,297.61,160,297.61,296.95,296.95,3120,296.23,3080,296.22,3080,296.21,3160,295.79,80,295.78,3120,295.51,3160,295.5,3080,295.49,1880,295.09,1840,297.61,160,297.62,200,298.0,160,298.06,80,,,,,,,,,,,,
2026-02-05 09:33:30,297.28,297.49,1,296.95,3160,297.61,160,297.61,296.95,296.95,3160,296.23,3080,296.22,3080,296.21,3160,295.79,80,295.78,3120,295.51,3160,295.5,3080,295.49,1880,295.09,1840,297.61,160,297.62,200,298.0,160,298.06,80,,,,,,,,,,,,
2026-02-05 09:33:31,297.28,297.49,1,296.95,3160,297.61,160,297.61,296.95,296.95,3160,296.23,3080,296.22,3080,296.21,3160,295.79,80,295.78,3120,295.51,3160,295.5,3080,295.49,1880,295.09,1840,297.61,160,297.62,200,298.0,160,298.06,80,,,,,,,,,,,,
2026-02-05 09:33:32,297.28,297.49,1,296.95,3160,297.61,160,297.61,296.95,296.95,3160,296.23,3080,296.22,3080,296.21,3160,295.79,80,295.78,3120,295.51,3160,295.5,3080,295.49,1880,295.09,1840,297.61,160,297.62,200,298.0,160,298.06,80,,,,,,,,,,,,
2026-02-05 09:33:33,297.28,297.49,1,296.95,3160,297.61,160,297.61,296.95,296.95,3160,296.23,3080,296.22,3080,296.21,3160,295.79,80,295.78,3120,295.51,3160,295.5,3080,295.49,1880,295.09,1840,297.61,160,297.62,200,298.0,160,298.06,80,,,,,,,,,,,,
2026-02-05 09:33:34,297.28,297.49,1,296.95,3200,297.61,160,297.61,296.95,296.95,3200,296.23,3080,296.22,3080,296.21,3160,295.79,80,295.78,3120,295.51,3160,295.5,3080,295.49,1880,295.09,1840,297.61,160,297.62,200,298.0,160,298.06,80,,,,,,,,,,,,
2026-02-05 09:33:35,297.28,297.49,1,296.95,3200,297.61,160,297.61,296.95,296.95,3200,296.23,3080,296.22,3080,296.21,3160,295.79,80,295.78,3120,295.51,3160,295.5,3080,295.49,1880,295.09,1840,297.61,160,297.62,200,298.0,160,298.06,80,,,,,,,,,,,,
2026-02-05 09:33:36,297.28,297.49,1,296.95,3240,297.61,160,297.61,296.95,296.95,3240,296.23,3080,296.22,3080,296.21,3160,295.79,80,295.78,3120,295.51,3160,295.5,3080,295.49,1880,295.09,1840,297.61,160,297.62,200,298.0,160,298.06,80,,,,,,,,,,,,
2026-02-05 09:33:37,297.28,297.49,1,296.95,3240,297.61,160,297.61,296.95,296.95,3240,296.23,3080,296.22,3080,296.21,3160,295.79,80,295.78,3120,295.51,3160,295.5,3080,295.49,1880,295.09,1840,297.61,160,297.62,200,298.0,160,298.06,80,,,,,,,,,,,,
2026-02-05 09:33:38,297.28,297.49,1,296.95,3240,297.61,160,297.61,296.95,296.95,3240,296.23,3080,296.22,3080,296.21,3160,295.79,80,295.78,3120,295.51,3160,295.5,3080,295.49,1880,295.09,1840,297.61,160,297.62,200,298.0,160,298.06,80,,,,,,,,,,,,
2026-02-05 09:33:39,297.28,297.49,1,296.95,3240,297.61,160,297.61,296.95,296.95,3240,296.23,3080,296.22,3080,296.21,3160,295.79,80,295.78,3120,295.51,3160,295.5,3080,295.49,1880,295.09,1840,297.61,160,297.62,200,298.0,160,298.06,80,,,,,,,,,,,,
2026-02-05 09:33:40,297.28,297.49,1,296.95,3280,297.61,280,297.61,296.95,296.95,3280,296.23,3080,296.22,3080,296.21,3160,295.79,80,295.78,3120,295.51,3160,295.5,3080,295.49,1880,295.09,1840,297.61,280,297.62,200,298.0,160,298.06,80,,,,,,,,,,,,
2026-02-05 09:33:41,297.28,297.49,1,296.95,3280,297.61,280,297.61,296.95,296.95,3280,296.23,3080,296.22,3080,296.21,3160,295.79,80,295.78,3120,295.51,3160,295.5,3080,295.49,1880,295.09,1840,297.61,280,297.62,200,298.0,160,298.06,80,,,,,,,,,,,,
2026-02-05 09:33:42,297.28,297.49,1,296.95,3320,297.61,280,297.61,296.95,296.95,3320,296.23,3080,296.22,3080,296.21,3160,295.79,80,295.78,3120,295.51,3160,295.5,3080,295.49,1880,295.09,1840,297.61,280,297.62,200,298.0,160,298.06,80,,,,,,,,,,,,
2026-02-05 09:33:43,297.28,297.49,1,296.95,3320,297.61,280,297.61,296.95,296.95,3320,296.23,3080,296.22,3080,296.21,3160,295.79,80,295.78,3120,295.51,3160,295.5,3080,295.49,1880,295.09,1840,297.61,280,297.62,200,298.0,160,298.06,80,,,,,,,,,,,,
2026-02-05 09:33:44,297.28,297.49,1,296.95,3320,297.61,280,297.61,296.95,296.95,3320,296.23,3080,296.22,3080,296.21,3160,295.79,80,295.78,3120,295.51,3160,295.5,3080,295.49,1880,295.09,1840,297.61,280,297.62,200,298.0,160,298.06,80,,,,,,,,,,,,
2026-02-05 09:33:45,297.28,297.49,1,296.95,3360,297.61,280,297.61,296.95,296.95,3360,296.23,3080,296.22,3080,296.21,3160,295.79,80,295.78,3120,295.51,3160,295.5,3080,295.49,1880,295.09,1840,297.61,280,297.62,200,298.0,160,298.06,80,,,,,,,,,,,,
2026-02-05 09:33:46,297.28,297.12,1,296.95,2480,297.61,320,297.61,296.95,296.95,2480,296.23,3080,296.22,3080,296.21,3160,295.79,80,295.78,3120,295.51,3160,295.5,3080,295.49,1880,295.09,1840,297.61,320,297.62,200,298.0,160,298.06,80,,,,,,,,,,,,
2026-02-05 09:33:47,297.28,297.12,1,296.95,2480,297.61,320,297.61,296.95,296.95,2480,296.23,3080,296.22,3080,296.21,3160,295.79,80,295.78,3120,295.51,3160,295.5,3080,295.49,1880,295.09,1840,297.61,320,297.62,200,298.0,160,298.06,80,,,,,,,,,,,,
2026-02-05 09:33:48,297.28,297.12,1,296.95,2480,297.61,320,297.61,296.95,296.95,2480,296.23,3080,296.22,3080,296.21,3160,295.79,80,295.78,3120,295.51,3160,295.5,3080,295.49,1880,295.09,1840,297.61,320,297.62,200,298.0,160,298.06,80,,,,,,,,,,,,
2026-02-05 09:33:49,297.28,297.12,1,296.95,2480,297.61,320,297.61,296.95,296.95,2480,296.23,3080,296.22,3080,296.21,3160,295.79,80,295.78,3120,295.51,3160,295.5,3080,295.49,1880,295.09,1840,297.61,320,297.62,200,298.0,160,298.06,80,,,,,,,,,,,,
2026-02-05 09:33:50,297.28,297.12,1,296.95,2520,297.61,320,297.61,296.95,296.95,2520,296.23,3080,296.22,3080,296.21,3160,295.79,80,295.78,3120,295.51,3160,295.5,3080,295.49,1880,295.09,1840,297.61,320,297.62,200,298.0,160,298.06,80,,,,,,,,,,,,
2026-02-05 09:33:51,296.635,296.96,1,295.82,40,297.45,80,297.45,295.82,295.82,40,295.78,3200,295.51,3160,295.5,3080,295.49,1880,295.09,1840,295.08,1920,295.07,1880,295.06,1520,295.05,1360,297.45,80,297.61,320,297.62,200,298.0,160,298.06,80,,,,,,,,,,
2026-02-05 09:33:52,296.635,296.96,1,295.82,40,297.45,80,297.45,295.82,295.82,40,295.78,3200,295.51,3160,295.5,3080,295.49,1880,295.09,1840,295.08,1920,295.07,1880,295.06,1520,295.05,1360,297.45,80,297.61,320,297.62,200,298.0,160,298.06,80,,,,,,,,,,
2026-02-05 09:33:53,296.635,296.96,1,295.82,40,297.45,80,297.45,295.82,295.82,40,295.78,3200,295.51,3160,295.5,3080,295.49,1880,295.09,1840,295.08,1920,295.07,1880,295.06,1520,295.05,1360,297.45,80,297.61,320,297.62,200,298.0,160,298.06,80,,,,,,,,,,
2026-02-05 09:33:54,296.635,296.96,1,295.82,40,297.45,80,297.45,295.82,295.82,40,295.78,3200,295.51,3160,295.5,3080,295.49,1880,295.09,1840,295.08,1920,295.07,1880,295.06,1520,295.05,1360,297.45,80,297.61,320,297.62,200,298.0,160,298.06,80,,,,,,,,,,
2026-02-05 09:33:55,296.725,296.96,1,296.0,120,297.45,80,297.45,296.0,296.0,120,295.82,120,295.78,3200,295.51,3160,295.5,3080,295.49,1880,295.09,1840,295.08,1920,295.07,1880,295.06,1520,297.45,80,297.61,320,297.62,200,298.0,160,298.06,80,,,,,,,,,,
2026-02-05 09:33:56,296.53,296.96,1,295.78,200,297.28,440,297.28,295.78,295.78,200,295.51,3160,295.5,3080,295.49,1880,295.09,1840,295.08,1920,295.07,1880,295.06,1520,295.05,1360,294.18,1360,297.28,440,297.45,80,297.61,320,297.62,200,298.0,160,298.06,80,,,,,,,,
2026-02-05 09:33:57,296.645,296.96,1,296.01,160,297.28,440,297.28,296.01,296.01,160,295.82,120,295.78,200,295.51,3160,295.5,3080,295.49,1880,295.09,1840,295.08,1920,295.07,1880,295.06,1520,297.28,440,297.45,80,297.61,320,297.62,200,298.0,160,298.06,80,,,,,,,,
2026-02-05 09:33:58,296.645,296.96,1,296.01,200,297.28,520,297.28,296.01,296.01,200,295.82,120,295.78,200,295.51,3160,295.5,3080,295.49,1880,295.09,1840,295.08,1920,295.07,1880,295.06,1520,297.28,520,297.45,80,297.61,320,297.62,200,298.0,160,298.06,80,,,,,,,,
2026-02-05 09:33:59,296.645,296.96,1,296.01,200,297.28,520,297.28,296.01,296.01,200,295.82,120,295.78,200,295.51,3160,295.5,3080,295.49,1880,295.09,1840,295.08,1920,295.07,1880,295.06,1520,297.28,520,297.45,80,297.61,320,297.62,200,298.0,160,298.06,80,,,,,,,,
2026-02-05 09:34:00,296.645,297.28,2,296.01,240,297.28,520,297.28,296.01,296.01,240,295.82,120,295.78,200,295.51,3160,295.5,3080,295.49,1880,295.09,1840,295.08,1920,295.07,1880,295.06,1520,297.28,520,297.45,80,297.61,320,297.62,200,298.0,160,298.06,80,,,,,,,,
2026-02-05 09:34:01,296.645,297.28,2,296.01,240,297.28,520,297.28,296.01,296.01,240,295.82,120,295.78,200,295.51,3160,295.5,3080,295.49,1880,295.09,1840,295.08,1920,295.07,1880,295.06,1520,297.28,520,297.45,80,297.61,320,297.62,200,298.0,160,298.06,80,,,,,,,,
2026-02-05 09:34:02,296.64,297.28,2,296.01,240,297.27,200,297.27,296.01,296.01,240,295.82,120,295.78,200,295.51,3160,295.5,3080,295.49,1880,295.09,1840,295.08,1920,295.07,1880,295.06,1520,297.27,200,297.28,520,297.45,80,297.61,320,297.62,200,298.0,160,298.06,80,,,,,,
2026-02-05 09:34:03,296.86,297.28,2,296.45,240,297.27,400,297.27,296.45,296.45,240,296.01,280,295.82,120,295.78,200,295.51,3160,295.5,3080,295.49,1880,295.09,1840,295.08,1920,295.07,1880,297.27,400,297.28,520,297.45,80,297.61,320,297.62,200,298.0,160,298.06,80,,,,,,
2026-02-05 09:34:04,296.86,297.28,2,296.45,280,297.27,400,297.27,296.45,296.45,280,296.01,280,295.82,120,295.78,200,295.51,3160,295.5,3080,295.49,1880,295.09,1840,295.08,1920,295.07,1880,297.27,400,297.28,520,297.45,80,297.61,320,297.62,200,298.0,160,298.06,80,,,,,,
2026-02-05 09:34:05,296.86,297.28,2,296.45,280,297.27,400,297.27,296.45,296.45,280,296.01,280,295.82,120,295.78,200,295.51,3160,295.5,3080,295.49,1880,295.09,1840,295.08,1920,295.07,1880,297.27,400,297.28,520,297.45,80,297.61,320,297.62,200,298.0,160,298.06,80,,,,,,
2026-02-05 09:34:06,296.86,297.28,2,296.45,280,297.27,400,297.27,296.45,296.45,280,296.01,280,295.82,120,295.78,200,295.51,3160,295.5,3080,295.49,1880,295.09,1840,295.08,1920,295.07,1880,297.27,400,297.28,520,297.45,80,297.61,320,297.62,200,298.0,160,298.06,80,,,,,,
2026-02-05 09:34:07,296.86,297.28,2,296.45,320,297.27,400,297.27,296.45,296.45,320,296.01,280,295.82,120,295.78,200,295.51,3160,295.5,3080,295.49,1880,295.09,1840,295.08,1920,295.07,1880,297.27,400,297.28,520,297.45,80,297.61,320,297.62,200,298.0,160,298.06,80,,,,,,
2026-02-05 09:34:08,297.005,297.28,2,296.74,280,297.27,480,297.27,296.74,296.74,280,296.45,320,296.01,280,295.82,120,295.78,200,295.51,3160,295.5,3080,295.49,1880,295.09,1840,295.08,1920,297.27,480,297.28,520,297.45,80,297.61,320,297.62,200,298.0,160,298.06,80,,,,,,
2026-02-05 09:34:09,297.18,297.32,1,296.74,280,297.62,40,297.62,296.74,296.74,280,296.45,320,296.01,280,295.82,120,295.78,200,295.51,3160,295.5,3080,295.49,1880,295.09,1840,295.08,1920,297.62,40,298.0,80,298.06,80,,,,,,,,,,,,,,
2026-02-05 09:34:10,297.18,297.32,1,296.74,280,297.62,40,297.62,296.74,296.74,280,296.45,320,296.01,280,295.82,120,295.78,200,295.51,3160,295.5,3080,295.49,1880,295.09,1840,295.08,1920,297.62,40,298.0,80,298.06,80,,,,,,,,,,,,,,
2026-02-05 09:34:11,297.175,297.32,1,296.74,80,297.61,40,297.61,296.74,296.74,80,296.45,320,296.01,280,295.82,120,295.78,200,295.51,3160,295.5,3080,295.49,1880,295.09,1840,295.08,1920,297.61,40,297.62,40,298.0,80,298.06,80,,,,,,,,,,,,
2026-02-05 09:34:12,297.175,297.32,1,296.74,120,297.61,40,297.61,296.74,296.74,120,296.45,320,296.01,280,295.82,120,295.78,200,295.51,3160,295.5,3080,295.49,1880,295.09,1840,295.08,1920,297.61,40,297.62,40,298.0,80,298.06,80,,,,,,,,,,,,
2026-02-05 09:34:13,297.035,297.32,1,296.46,120,297.61,40,297.61,296.46,296.46,120,296.45,320,296.01,280,295.82,120,295.78,200,295.51,3160,295.5,3080,295.49,1880,295.09,1840,295.08,1920,297.61,40,297.62,40,298.0,80,298.06,80,,,,,,,,,,,,
2026-02-05 09:34:14,296.81,297.32,1,296.01,200,297.61,40,297.61,296.01,296.01,200,295.82,120,295.78,200,295.51,3160,295.5,3080,295.49,1880,295.09,1840,295.08,1920,295.07,1880,295.06,1520,297.61,40,297.62,40,298.0,80,298.06,80,,,,,,,,,,,,
2026-02-05 09:34:15,296.91,297.32,1,296.21,160,297.61,40,297.61,296.21,296.21,160,296.01,200,295.82,120,295.78,200,295.51,3160,295.5,3080,295.49,1880,295.09,1840,295.08,1920,295.07,1880,297.61,40,297.62,40,298.0,80,298.06,80,,,,,,,,,,,,
2026-02-05 09:34:16,296.91,297.32,1,296.21,160,297.61,40,297.61,296.21,296.21,160,296.01,200,295.82,120,295.78,200,295.51,3160,295.5,3080,295.49,1880,295.09,1840,295.08,1920,295.07,1880,297.61,40,297.62,40,298.0,80,298.06,80,,,,,,,,,,,,
2026-02-05 09:34:17,296.91,297.32,1,296.21,200,297.61,40,297.61,296.21,296.21,200,296.01,200,295.82,120,295.78,200,295.51,3160,295.5,3080,295.49,1880,295.09,1840,295.08,1920,295.07,1880,297.61,40,297.62,40,298.0,80,298.06,80,,,,,,,,,,,,
2026-02-05 09:34:18,297.18,297.32,1,296.75,200,297.61,40,297.61,296.75,296.75,200,296.21,200,296.01,200,295.82,120,295.78,200,295.51,3160,295.5,3080,295.49,1880,295.09,1840,295.08,1920,297.61,40,297.62,40,298.0,80,298.06,80,,,,,,,,,,,,
2026-02-05 09:34:19,297.18,297.32,1,296.75,240,297.61,40,297.61,296.75,296.75,240,296.21,200,296.01,200,295.82,120,295.78,200,295.51,3160,295.5,3080,295.49,1880,295.09,1840,295.08,1920,297.61,40,297.62,40,298.0,80,298.06,80,,,,,,,,,,,,
2026-02-05 09:34:20,297.18,297.32,1,296.75,240,297.61,40,297.61,296.75,296.75,240,296.21,200,296.01,200,295.82,120,295.78,200,295.51,3160,295.5,3080,295.49,1880,295.09,1840,295.08,1920,297.61,40,297.62,40,298.0,80,298.06,80,,,,,,,,,,,,
2026-02-05 09:34:21,297.18,297.32,1,296.75,280,297.61,40,297.61,296.75,296.75,280,296.21,200,296.01,200,295.82,120,295.78,200,295.51,3160,295.5,3080,295.49,1880,295.09,1840,295.08,1920,297.61,40,297.62,40,298.0,80,298.06,80,,,,,,,,,,,,
2026-02-05 09:34:22,297.18,297.32,1,296.75,280,297.61,40,297.61,296.75,296.75,280,296.21,200,296.01,200,295.82,120,295.78,200,295.51,3160,295.5,3080,295.49,1880,295.09,1840,295.08,1920,297.61,40,297.62,40,298.0,80,298.06,80,,,,,,,,,,,,
2026-02-05 09:34:23,297.185,297.32,1,296.76,280,297.61,40,297.61,296.76,296.76,280,296.37,240,296.21,200,296.01,200,295.82,120,295.78,200,295.51,3160,295.5,3080,295.49,1880,295.09,1840,297.61,40,297.62,40,298.0,80,298.06,80,,,,,,,,,,,,
2026-02-05 09:34:24,297.185,297.32,1,296.76,280,297.61,40,297.61,296.76,296.76,280,296.37,240,296.21,200,296.01,200,295.82,120,295.78,200,295.51,3160,295.5,3080,295.49,1880,295.09,1840,297.61,40,297.62,40,298.0,80,298.06,80,,,,,,,,,,,,
2026-02-05 09:34:25,297.185,297.32,1,296.76,320,297.61,40,297.61,296.76,296.76,320,296.37,240,296.21,200,296.01,200,295.82,120,295.78,200,295.51,3160,295.5,3080,295.49,1880,295.09,1840,297.61,40,297.62,40,298.0,80,298.06,80,,,,,,,,,,,,
2026-02-05 09:34:26,297.19,297.32,1,296.77,320,297.61,40,297.61,296.77,296.77,320,296.76,320,296.37,240,296.21,200,296.01,200,295.82,120,295.78,200,295.51,3160,295.5,3080,295.49,1880,297.61,40,297.62,40,298.0,80,298.06,80,,,,,,,,,,,,
2026-02-05 09:34:27,297.02,297.32,1,296.43,280,297.61,40,297.61,296.43,296.43,280,296.37,240,296.21,200,296.01,200,295.82,120,295.78,200,295.51,3160,295.5,3080,295.49,1880,295.09,1840,297.61,40,297.62,40,298.0,80,298.06,80,,,,,,,,,,,,
2026-02-05 09:34:28,297.02,297.32,1,296.43,280,297.61,40,297.61,296.43,296.43,280,296.37,240,296.21,200,296.01,200,295.82,120,295.78,200,295.51,3160,295.5,3080,295.49,1880,295.09,1840,297.61,40,297.62,40,298.0,80,298.06,80,,,,,,,,,,,,
2026-02-05 09:34:29,297.02,297.32,1,296.43,320,297.61,40,297.61,296.43,296.43,320,296.37,240,296.21,200,296.01,200,295.82,120,295.78,200,295.51,3160,295.5,3080,295.49,1880,295.09,1840,297.61,40,297.62,40,298.0,80,298.06,80,,,,,,,,,,,,
2026-02-05 09:34:30,297.02,297.32,1,296.43,320,297.61,40,297.61,296.43,296.43,320,296.37,240,296.21,200,296.01,200,295.82,120,295.78,200,295.51,3160,295.5,3080,295.49,1880,295.09,1840,297.61,40,297.62,40,298.0,80,298.06,80,,,,,,,,,,,,
2026-02-05 09:34:31,297.02,297.32,1,296.43,360,297.61,40,297.61,296.43,296.43,360,296.37,240,296.21,200,296.01,200,295.82,120,295.78,200,295.51,3160,295.5,3080,295.49,1880,295.09,1840,297.61,40,297.62,40,298.0,80,298.06,80,,,,,,,,,,,,
2026-02-05 09:34:32,297.02,297.32,1,296.43,360,297.61,40,297.61,296.43,296.43,360,296.37,240,296.21,200,296.01,200,295.82,120,295.78,200,295.51,3160,295.5,3080,295.49,1880,295.09,1840,297.61,40,297.62,40,298.0,80,298.06,80,,,,,,,,,,,,
2026-02-05 09:34:33,297.02,297.32,1,296.43,360,297.61,40,297.61,296.43,296.43,360,296.37,240,296.21,200,296.01,200,295.82,120,295.78,200,295.51,3160,295.5,3080,295.49,1880,295.09,1840,297.61,40,297.62,40,298.0,80,298.06,80,,,,,,,,,,,,
2026-02-05 09:34:34,297.02,297.32,1,296.43,400,297.61,40,297.61,296.43,296.43,400,296.37,240,296.21,200,296.01,200,295.82,120,295.78,200,295.51,3160,295.5,3080,295.49,1880,295.09,1840,297.61,40,297.62,40,298.0,80,298.06,80,,,,,,,,,,,,
2026-02-05 09:34:35,297.02,297.32,1,296.43,400,297.61,40,297.61,296.43,296.43,400,296.37,240,296.21,200,296.01,200,295.82,120,295.78,200,295.51,3160,295.5,3080,295.49,1880,295.09,1840,297.61,40,297.62,40,298.0,80,298.06,80,,,,,,,,,,,,
2026-02-05 09:34:36,297.02,297.32,1,296.43,400,297.61,80,297.61,296.43,296.43,400,296.37,240,296.21,200,296.01,200,295.82,120,295.78,200,295.51,3160,295.5,3080,295.49,1880,295.09,1840,297.61,80,297.62,40,298.0,80,298.06,80,,,,,,,,,,,,
2026-02-05 09:34:37,297.02,297.32,1,296.43,440,297.61,80,297.61,296.43,296.43,440,296.37,240,296.21,200,296.01,200,295.82,120,295.78,200,295.51,3160,295.5,3080,295.49,1880,295.09,1840,297.61,80,297.62,40,298.0,80,298.06,80,,,,,,,,,,,,
2026-02-05 09:34:38,297.02,297.32,1,296.43,480,297.61,80,297.61,296.43,296.43,480,296.37,240,296.21,200,296.01,200,295.82,120,295.78,200,295.51,3160,295.5,3080,295.49,1880,295.09,1840,297.61,80,297.62,40,298.0,80,298.06,80,,,,,,,,,,,,
2026-02-05 09:34:39,297.02,297.32,1,296.43,520,297.61,80,297.61,296.43,296.43,520,296.37,240,296.21,200,296.01,200,295.82,120,295.78,200,295.51,3160,295.5,3080,295.49,1880,295.09,1840,297.61,80,297.62,40,298.0,80,298.06,80,,,,,,,,,,,,
2026-02-05 09:34:40,297.02,297.32,1,296.43,520,297.61,80,297.61,296.43,296.43,520,296.37,240,296.21,200,296.01,200,295.82,120,295.78,200,295.51,3160,295.5,3080,295.49,1880,295.09,1840,297.61,80,297.62,40,298.0,80,298.06,80,,,,,,,,,,,,
2026-02-05 09:34:41,297.02,297.32,1,296.43,520,297.61,80,297.61,296.43,296.43,520,296.37,240,296.21,200,296.01,200,295.82,120,295.78,200,295.51,3160,295.5,3080,295.49,1880,295.09,1840,297.61,80,297.62,40,298.0,80,298.06,80,,,,,,,,,,,,
2026-02-05 09:34:42,297.02,297.02,1,296.43,560,297.61,120,297.61,296.43,296.43,560,296.37,240,296.21,200,296.01,200,295.82,120,295.78,200,295.51,3160,295.5,3080,295.49,1880,295.09,1840,297.61,120,297.62,40,298.0,80,298.06,80,,,,,,,,,,,,
2026-02-05 09:34:43,297.02,297.02,1,296.43,560,297.61,120,297.61,296.43,296.43,560,296.37,240,296.21,200,296.01,200,295.82,120,295.78,200,295.51,3160,295.5,3080,295.49,1880,295.09,1840,297.61,120,297.62,40,298.0,80,298.06,80,,,,,,,,,,,,
2026-02-05 09:34:44,297.02,297.02,1,296.43,560,297.61,120,297.61,296.43,296.43,560,296.37,240,296.21,200,296.01,200,295.82,120,295.78,200,295.51,3160,295.5,3080,295.49,1880,295.09,1840,297.61,120,297.62,40,298.0,80,298.06,80,,,,,,,,,,,,
2026-02-05 09:34:45,297.02,297.02,1,296.43,600,297.61,120,297.61,296.43,296.43,600,296.37,240,296.21,200,296.01,200,295.82,120,295.78,200,295.51,3160,295.5,3080,295.49,1880,295.09,1840,297.61,120,297.62,40,298.0,80,298.06,80,,,,,,,,,,,,
2026-02-05 09:34:46,297.02,297.02,1,296.43,600,297.61,120,297.61,296.43,296.43,600,296.37,240,296.21,200,296.01,200,295.82,120,295.78,200,295.51,3160,295.5,3080,295.49,1880,295.09,1840,297.61,120,297.62,40,298.0,80,298.06,80,,,,,,,,,,,,
2026-02-05 09:34:47,297.02,297.02,1,296.43,600,297.61,120,297.61,296.43,296.43,600,296.37,240,296.21,200,296.01,200,295.82,120,295.78,200,295.51,3160,295.5,3080,295.49,1880,295.09,1840,297.61,120,297.62,40,298.0,80,298.06,80,,,,,,,,,,,,
2026-02-05 09:34:48,297.02,297.02,1,296.43,640,297.61,120,297.61,296.43,296.43,640,296.37,240,296.21,200,296.01,200,295.82,120,295.78,200,295.51,3160,295.5,3080,295.49,1880,295.09,1840,297.61,120,297.62,40,298.0,80,298.06,80,,,,,,,,,,,,
2026-02-05 09:34:49,297.02,297.02,1,296.43,640,297.61,120,297.61,296.43,296.43,640,296.37,240,296.21,200,296.01,200,295.82,120,295.78,200,295.51,3160,295.5,3080,295.49,1880,295.09,1840,297.61,120,297.62,40,298.0,80,298.06,80,,,,,,,,,,,,
2026-02-05 09:34:50,297.015,297.02,1,296.43,640,297.6,80,297.6,296.43,296.43,640,296.37,240,296.21,200,296.01,200,295.82,120,295.78,200,295.51,3160,295.5,3080,295.49,1880,295.09,1840,297.6,80,297.61,120,297.62,40,298.0,80,298.06,80,,,,,,,,,,
2026-02-05 09:34:51,297.015,297.02,1,296.43,640,297.6,120,297.6,296.43,296.43,640,296.37,240,296.21,200,296.01,200,295.82,120,295.78,200,295.51,3160,295.5,3080,295.49,1880,295.09,1840,297.6,120,297.61,120,297.62,40,298.0,80,298.06,80,,,,,,,,,,
2026-02-05 09:34:52,297.015,297.02,1,296.43,680,297.6,120,297.6,296.43,296.43,680,296.37,240,296.21,200,296.01,200,295.82,120,295.78,200,295.51,3160,295.5,3080,295.49,1880,295.09,1840,297.6,120,297.61,120,297.62,40,298.0,80,298.06,80,,,,,,,,,,
2026-02-05 09:34:53,297.015,297.02,1,296.43,680,297.6,120,297.6,296.43,296.43,680,296.37,240,296.21,200,296.01,200,295.82,120,295.78,200,295.51,3160,295.5,3080,295.49,1880,295.09,1840,297.6,120,297.61,120,297.62,40,298.0,80,298.06,80,,,,,,,,,,
2026-02-05 09:34:54,297.015,297.02,1,296.43,680,297.6,120,297.6,296.43,296.43,680,296.37,240,296.21,200,296.01,200,295.82,120,295.78,200,295.51,3160,295.5,3080,295.49,1880,295.09,1840,297.6,120,297.61,120,297.62,40,298.0,80,298.06,80,,,,,,,,,,
2026-02-05 09:34:55,297.015,297.02,1,296.43,680,297.6,120,297.6,296.43,296.43,680,296.37,240,296.21,200,296.01,200,295.82,120,295.78,200,295.51,3160,295.5,3080,295.49,1880,295.09,1840,297.6,120,297.61,120,297.62,40,298.0,80,298.06,80,,,,,,,,,,
2026-02-05 09:34:56,297.015,297.02,1,296.43,720,297.6,120,297.6,296.43,296.43,720,296.37,240,296.21,200,296.01,200,295.82,120,295.78,200,295.51,3160,295.5,3080,295.49,1880,295.09,1840,297.6,120,297.61,120,297.62,40,298.0,80,298.06,80,,,,,,,,,,
2026-02-05 09:34:57,297.015,297.02,1,296.43,760,297.6,120,297.6,296.43,296.43,760,296.37,240,296.21,200,296.01,200,295.82,120,295.78,200,295.51,3160,295.5,3080,295.49,1880,295.09,1840,297.6,120,297.61,120,297.62,40,298.0,80,298.06,80,,,,,,,,,,
2026-02-05 09:34:58,297.015,297.02,1,296.43,760,297.6,120,297.6,296.43,296.43,760,296.37,240,296.21,200,296.01,200,295.82,120,295.78,200,295.51,3160,295.5,3080,295.49,1880,295.09,1840,297.6,120,297.61,120,297.62,40,298.0,80,298.06,80,,,,,,,,,,
2026-02-05 09:34:59,297.015,297.02,1,296.43,760,297.6,120,297.6,296.43,296.43,760,296.37,240,296.21,200,296.01,200,295.82,120,295.78,200,295.51,3160,295.5,3080,295.49,1880,295.09,1840,297.6,120,297.61,120,297.62,40,298.0,80,298.06,80,,,,,,,,,,
2026-02-05 09:35:00,297.015,297.01,1,296.43,800,297.6,120,297.6,296.43,296.43,800,296.37,240,296.21,200,296.01,200,295.82,120,295.78,200,295.51,3160,295.5,3080,295.49,1880,295.09,1840,297.6,120,297.61,120,297.62,40,298.0,80,298.06,80,,,,,,,,,,
2026-02-05 09:35:01,297.015,297.01,1,296.43,800,297.6,120,297.6,296.43,296.43,800,296.37,240,296.21,200,296.01,200,295.82,120,295.78,200,295.51,3160,295.5,3080,295.49,1880,295.09,1840,297.6,120,297.61,120,297.62,40,298.0,80,298.06,80,,,,,,,,,,
2026-02-05 09:35:02,297.015,297.01,1,296.43,800,297.6,120,297.6,296.43,296.43,800,296.37,240,296.21,200,296.01,200,295.82,120,295.78,200,295.51,3160,295.5,3080,295.49,1880,295.09,1840,297.6,120,297.61,120,297.62,40,298.0,80,298.06,80,,,,,,,,,,
2026-02-05 09:35:03,297.01,297.01,1,296.43,840,297.59,80,297.59,296.43,296.43,840,296.37,240,296.21,200,296.01,200,295.82,120,295.78,200,295.51,3160,295.5,3080,295.49,1880,295.09,1840,297.59,80,297.6,120,297.61,120,297.62,40,298.0,80,298.06,80,,,,,,,,
2026-02-05 09:35:04,297.01,297.01,1,296.43,840,297.59,80,297.59,296.43,296.43,840,296.37,240,296.21,200,296.01,200,295.82,120,295.78,200,295.51,3160,295.5,3080,295.49,1880,295.09,1840,297.59,80,297.6,120,297.61,120,297.62,40,298.0,80,298.06,80,,,,,,,,
2026-02-05 09:35:05,296.55,296.43,2,296.0,40,297.1,40,297.1,296.0,296.0,40,295.97,520,295.82,120,295.78,200,295.51,3160,295.5,3080,295.49,1880,295.09,1840,295.08,1920,295.07,1880,297.1,40,297.37,40,297.47,40,297.59,80,297.6,120,297.61,120,297.62,40,298.0,80,298.06,80,,
2026-02-05 09:35:06,296.575,296.43,2,296.0,40,297.15,120,297.15,296.0,296.0,40,295.97,520,295.82,120,295.78,200,295.51,3160,295.5,3080,295.49,1880,295.09,1840,295.08,1920,295.07,1880,297.15,120,297.37,40,297.47,40,297.59,80,297.6,120,297.61,120,297.62,40,298.0,80,298.06,80,,
2026-02-05 09:35:07,296.14,296.43,2,295.52,40,296.76,80,296.76,295.52,295.52,40,295.39,80,295.25,680,295.09,1840,295.08,1920,295.07,1880,295.06,1520,295.05,1360,294.18,1360,294.06,1360,296.76,80,296.92,40,297.15,200,297.37,40,297.47,40,297.59,80,297.6,120,297.61,120,297.62,40,298.0,80
2026-02-05 09:35:08,296.14,296.43,2,295.52,40,296.76,80,296.76,295.52,295.52,40,295.39,80,295.25,680,295.09,1840,295.08,1920,295.07,1880,295.06,1520,295.05,1360,294.18,1360,294.06,1360,296.76,80,296.92,40,297.15,200,297.37,40,297.47,40,297.59,80,297.6,120,297.61,120,297.62,40,298.0,80
2026-02-05 09:35:09,296.14,296.43,2,295.52,40,296.76,80,296.76,295.52,295.52,40,295.39,80,295.25,680,295.09,1840,295.08,1920,295.07,1880,295.06,1520,295.05,1360,294.18,1360,294.06,1360,296.76,80,296.92,40,297.15,200,297.37,40,297.47,40,297.59,80,297.6,120,297.61,120,297.62,40,298.0,80
2026-02-05 09:35:10,296.325,296.43,2,295.89,80,296.76,80,296.76,295.89,295.89,80,295.52,40,295.39,80,295.25,680,295.09,1840,295.08,1920,295.07,1880,295.06,1520,295.05,1360,294.18,1360,296.76,80,296.92,40,297.15,200,297.37,40,297.47,40,297.59,80,297.6,120,297.61,120,297.62,40,298.0,80
2026-02-05 09:35:11,296.325,296.43,2,295.89,80,296.76,80,296.76,295.89,295.89,80,295.52,40,295.39,80,295.25,680,295.09,1840,295.08,1920,295.07,1880,295.06,1520,295.05,1360,294.18,1360,296.76,80,296.92,40,297.15,200,297.37,40,297.47,40,297.59,80,297.6,120,297.61,120,297.62,40,298.0,80
2026-02-05 09:35:12,296.325,296.43,2,295.89,80,296.76,80,296.76,295.89,295.89,80,295.52,40,295.39,80,295.25,680,295.09,1840,295.08,1920,295.07,1880,295.06,1520,295.05,1360,294.18,1360,296.76,80,296.92,40,297.15,200,297.37,40,297.47,40,297.59,80,297.6,120,297.61,120,297.62,40,298.0,80
2026-02-05 09:35:13,296.325,296.43,2,295.89,80,296.76,80,296.76,295.89,295.89,80,295.52,40,295.39,80,295.25,680,295.09,1840,295.08,1920,295.07,1880,295.06,1520,295.05,1360,294.18,1360,296.76,80,296.92,40,297.15,200,297.37,40,297.47,40,297.59,80,297.6,120,297.61,120,297.62,40,298.0,80
2026-02-05 09:35:14,296.325,296.43,2,295.89,200,296.76,80,296.76,295.89,295.89,200,295.52,40,295.39,80,295.25,680,295.09,1840,295.08,1920,295.07,1880,295.06,1520,295.05,1360,294.18,1360,296.76,80,296.92,40,297.15,200,297.37,40,297.47,40,297.59,80,297.6,120,297.61,120,297.62,40,298.0,80
2026-02-05 09:35:15,296.195,296.43,2,295.63,160,296.76,80,296.76,295.63,295.63,160,295.52,40,295.39,80,295.25,680,295.09,1840,295.08,1920,295.07,1880,295.06,1520,295.05,1360,294.18,1360,296.76,80,296.92,40,297.15,200,297.37,40,297.47,40,297.59,80,297.6,120,297.61,120,297.62,40,298.0,80
2026-02-05 09:35:16,296.21,296.43,2,295.66,200,296.76,80,296.76,295.66,295.66,200,295.63,200,295.52,40,295.39,80,295.25,680,295.09,1840,295.08,1920,295.07,1880,295.06,1520,295.05,1360,296.76,80,296.92,40,297.15,200,297.37,40,297.47,40,297.59,80,297.6,120,297.61,120,297.62,40,298.0,80
2026-02-05 09:35:17,296.21,296.43,2,295.66,200,296.76,80,296.76,295.66,295.66,200,295.63,200,295.52,40,295.39,80,295.25,680,295.09,1840,295.08,1920,295.07,1880,295.06,1520,295.05,1360,296.76,80,296.92,40,297.15,200,297.37,40,297.47,40,297.59,80,297.6,120,297.61,120,297.62,40,298.0,80
2026-02-05 09:35:18,296.21,296.43,2,295.66,200,296.76,80,296.76,295.66,295.66,200,295.63,200,295.52,40,295.39,80,295.25,680,295.09,1840,295.08,1920,295.07,1880,295.06,1520,295.05,1360,296.76,80,296.92,40,297.15,200,297.37,40,297.47,40,297.59,80,297.6,120,297.61,120,297.62,40,298.0,80
2026-02-05 09:35:19,296.21,296.43,2,295.66,200,296.76,80,296.76,295.66,295.66,200,295.63,200,295.52,40,295.39,80,295.25,680,295.09,1840,295.08,1920,295.07,1880,295.06,1520,295.05,1360,296.76,80,296.92,40,297.15,200,297.37,40,297.47,40,297.59,80,297.6,120,297.61,120,297.62,40,298.0,80
2026-02-05 09:35:20,296.21,296.43,2,295.66,200,296.76,80,296.76,295.66,295.66,200,295.63,200,295.52,40,295.39,80,295.25,680,295.09,1840,295.08,1920,295.07,1880,295.06,1520,295.05,1360,296.76,80,296.92,40,297.15,200,297.37,40,297.47,40,297.59,80,297.6,120,297.61,120,297.62,40,298.0,80
2026-02-05 09:35:21,296.225,296.43,2,295.69,240,296.76,80,296.76,295.69,295.69,240,295.67,240,295.66,240,295.63,200,295.52,40,295.39,80,295.25,680,295.09,1840,295.08,1920,295.07,1880,296.76,80,296.92,40,297.15,200,297.37,40,297.47,40,297.59,80,297.6,120,297.61,120,297.62,40,298.0,80
2026-02-05 09:35:22,296.225,296.43,2,295.69,240,296.76,80,296.76,295.69,295.69,240,295.67,240,295.66,240,295.63,200,295.52,40,295.39,80,295.25,680,295.09,1840,295.08,1920,295.07,1880,296.76,80,296.92,40,297.15,200,297.37,40,297.47,40,297.59,80,297.6,120,297.61,120,297.62,40,298.0,80
2026-02-05 09:35:23,296.225,296.43,2,295.69,280,296.76,80,296.76,295.69,295.69,280,295.67,240,295.66,240,295.63,200,295.52,40,295.39,80,295.25,680,295.09,1840,295.08,1920,295.07,1880,296.76,80,296.92,40,297.15,200,297.37,40,297.47,40,297.59,80,297.6,120,297.61,120,297.62,40,298.0,80
2026-02-05 09:35:24,296.225,296.43,2,295.69,280,296.76,80,296.76,295.69,295.69,280,295.67,240,295.66,240,295.63,200,295.52,40,295.39,80,295.25,680,295.09,1840,295.08,1920,295.07,1880,296.76,80,296.92,40,297.15,200,297.37,40,297.47,40,297.59,80,297.6,120,297.61,120,297.62,40,298.0,80
2026-02-05 09:35:25,296.225,296.43,2,295.69,280,296.76,80,296.76,295.69,295.69,280,295.67,240,295.66,240,295.63,200,295.52,40,295.39,80,295.25,680,295.09,1840,295.08,1920,295.07,1880,296.76,80,296.92,40,297.15,200,297.37,40,297.47,40,297.59,80,297.6,120,297.61,120,297.62,40,298.0,80
2026-02-05 09:35:26,296.225,296.43,2,295.69,320,296.76,80,296.76,295.69,295.69,320,295.67,240,295.66,240,295.63,200,295.52,40,295.39,80,295.25,680,295.09,1840,295.08,1920,295.07,1880,296.76,80,296.92,40,297.15,200,297.37,40,297.47,40,297.59,80,297.6,120,297.61,120,297.62,40,298.0,80
2026-02-05 09:35:27,296.225,296.43,2,295.69,320,296.76,80,296.76,295.69,295.69,320,295.67,240,295.66,240,295.63,200,295.52,40,295.39,80,295.25,680,295.09,1840,295.08,1920,295.07,1880,296.76,80,296.92,40,297.15,200,297.37,40,297.47,40,297.59,80,297.6,120,297.61,120,297.62,40,298.0,80
2026-02-05 09:35:28,296.225,296.43,2,295.69,320,296.76,80,296.76,295.69,295.69,320,295.67,240,295.66,240,295.63,200,295.52,40,295.39,80,295.25,680,295.09,1840,295.08,1920,295.07,1880,296.76,80,296.92,40,297.15,200,297.37,40,297.47,40,297.59,80,297.6,120,297.61,120,297.62,40,298.0,80
2026-02-05 09:35:29,296.225,296.43,2,295.69,360,296.76,80,296.76,295.69,295.69,360,295.67,240,295.66,240,295.63,200,295.52,40,295.39,80,295.25,680,295.09,1840,295.08,1920,295.07,1880,296.76,80,296.92,40,297.15,200,297.37,40,297.47,40,297.59,80,297.6,120,297.61,120,297.62,40,298.0,80
2026-02-05 09:35:30,296.42,296.43,2,296.08,360,296.76,80,296.76,296.08,296.08,360,295.69,360,295.67,240,295.66,240,295.63,200,295.52,40,295.39,80,295.25,680,295.09,1840,295.08,1920,296.76,80,296.92,40,297.15,200,297.37,40,297.47,40,297.59,80,297.6,120,297.61,120,297.62,40,298.0,80
2026-02-05 09:35:31,296.41,296.43,2,296.08,400,296.74,120,296.74,296.08,296.08,400,295.69,360,295.67,240,295.66,240,295.63,200,295.52,40,295.39,80,295.25,680,295.09,1840,295.08,1920,296.74,120,296.75,40,296.76,80,296.92,40,297.15,200,297.37,40,297.47,40,297.59,80,297.6,120,297.61,120
2026-02-05 09:35:32,296.41,296.43,2,296.08,400,296.74,120,296.74,296.08,296.08,400,295.69,360,295.67,240,295.66,240,295.63,200,295.52,40,295.39,80,295.25,680,295.09,1840,295.08,1920,296.74,120,296.75,40,296.76,80,296.92,40,297.15,200,297.37,40,297.47,40,297.59,80,297.6,120,297.61,120
2026-02-05 09:35:33,296.41,296.43,2,296.08,440,296.74,120,296.74,296.08,296.08,440,295.69,360,295.67,240,295.66,240,295.63,200,295.52,40,295.39,80,295.25,680,295.09,1840,295.08,1920,296.74,120,296.75,40,296.76,80,296.92,40,297.15,200,297.37,40,297.47,40,297.59,80,297.6,120,297.61,120
2026-02-05 09:35:34,296.41,296.43,2,296.08,440,296.74,120,296.74,296.08,296.08,440,295.69,360,295.67,240,295.66,240,295.63,200,295.52,40,295.39,80,295.25,680,295.09,1840,295.08,1920,296.74,120,296.75,40,296.76,80,296.92,40,297.15,200,297.37,40,297.47,40,297.59,80,297.6,120,297.61,120
2026-02-05 09:35:35,296.495,296.43,2,296.25,520,296.74,120,296.74,296.25,296.25,520,296.08,440,295.69,360,295.67,240,295.66,240,295.63,200,295.52,40,295.39,80,295.25,680,295.09,1840,296.74,120,296.75,40,296.76,80,296.92,40,297.15,200,297.37,40,297.47,40,297.59,80,297.6,120,297.61,120
2026-02-05 09:35:36,296.495,296.43,2,296.25,520,296.74,120,296.74,296.25,296.25,520,296.08,440,295.69,360,295.67,240,295.66,240,295.63,200,295.52,40,295.39,80,295.25,680,295.09,1840,296.74,120,296.75,40,296.76,80,296.92,40,297.15,200,297.37,40,297.47,40,297.59,80,297.6,120,297.61,120
2026-02-05 09:35:37,296.495,296.43,2,296.25,560,296.74,120,296.74,296.25,296.25,560,296.08,440,295.69,360,295.67,240,295.66,240,295.63,200,295.52,40,295.39,80,295.25,680,295.09,1840,296.74,120,296.75,40,296.76,80,296.92,40,297.15,200,297.37,40,297.47,40,297.59,80,297.6,120,297.61,120
2026-02-05 09:35:38,296.495,296.43,2,296.25,560,296.74,120,296.74,296.25,296.25,560,296.08,440,295.69,360,295.67,240,295.66,240,295.63,200,295.52,40,295.39,80,295.25,680,295.09,1840,296.74,120,296.75,40,296.76,80,296.92,40,297.15,200,297.37,40,297.47,40,297.59,80,297.6,120,297.61,120
2026-02-05 09:35:39,296.495,296.43,2,296.25,560,296.74,120,296.74,296.25,296.25,560,296.08,440,295.69,360,295.67,240,295.66,240,295.63,200,295.52,40,295.39,80,295.25,680,295.09,1840,296.74,120,296.75,40,296.76,80,296.92,40,297.15,200,297.37,40,297.47,40,297.59,80,297.6,120,297.61,120
2026-02-05 09:35:40,296.315,296.32,1,295.89,520,296.74,120,296.74,295.89,295.89,520,295.69,360,295.67,240,295.66,240,295.63,200,295.52,40,295.39,80,295.25,680,295.09,1840,295.08,1920,296.74,120,296.75,40,296.76,80,296.92,40,297.15,200,297.37,40,297.47,40,297.59,80,297.6,120,297.61,120
2026-02-05 09:35:41,296.315,296.32,1,295.89,520,296.74,120,296.74,295.89,295.89,520,295.69,360,295.67,240,295.66,240,295.63,200,295.52,40,295.39,80,295.25,680,295.09,1840,295.08,1920,296.74,120,296.75,40,296.76,80,296.92,40,297.15,200,297.37,40,297.47,40,297.59,80,297.6,120,297.61,120
2026-02-05 09:35:42,296.315,296.32,1,295.89,560,296.74,120,296.74,295.89,295.89,560,295.69,360,295.67,240,295.66,240,295.63,200,295.52,40,295.39,80,295.25,680,295.09,1840,295.08,1920,296.74,120,296.75,40,296.76,80,296.92,40,297.15,200,297.37,40,297.47,40,297.59,80,297.6,120,297.61,120
2026-02-05 09:35:43,296.315,296.32,1,295.89,600,296.74,120,296.74,295.89,295.89,600,295.69,360,295.67,240,295.66,240,295.63,200,295.52,40,295.39,80,295.25,680,295.09,1840,295.08,1920,296.74,120,296.75,40,296.76,80,296.92,40,297.15,200,297.37,40,297.47,40,297.59,80,297.6,120,297.61,120
2026-02-05 09:35:44,296.315,296.32,1,295.89,600,296.74,120,296.74,295.89,295.89,600,295.69,360,295.67,240,295.66,240,295.63,200,295.52,40,295.39,80,295.25,680,295.09,1840,295.08,1920,296.74,120,296.75,40,296.76,80,296.92,40,297.15,200,297.37,40,297.47,40,297.59,80,297.6,120,297.61,120
2026-02-05 09:35:45,296.425,296.32,1,296.11,680,296.74,120,296.74,296.11,296.11,680,295.89,600,295.69,360,295.67,240,295.66,240,295.63,200,295.52,40,295.39,80,295.25,680,295.09,1840,296.74,120,296.75,40,296.76,80,296.92,40,297.15,200,297.37,40,297.47,40,297.59,80,297.6,120,297.61,120
2026-02-05 09:35:46,296.425,296.32,1,296.11,680,296.74,120,296.74,296.11,296.11,680,295.89,600,295.69,360,295.67,240,295.66,240,295.63,200,295.52,40,295.39,80,295.25,680,295.09,1840,296.74,120,296.75,40,296.76,80,296.92,40,297.15,200,297.37,40,297.47,40,297.59,80,297.6,120,297.61,120
2026-02-05 09:35:47,296.425,296.32,1,296.11,720,296.74,120,296.74,296.11,296.11,720,295.89,600,295.69,360,295.67,240,295.66,240,295.63,200,295.52,40,295.39,80,295.25,680,295.09,1840,296.74,120,296.75,40,296.76,80,296.92,40,297.15,200,297.37,40,297.47,40,297.59,80,297.6,120,297.61,120
2026-02-05 09:35:49,296.425,296.32,1,296.11,720,296.74,120,296.74,296.11,296.11,720,295.89,600,295.69,360,295.67,240,295.66,240,295.63,200,295.52,40,295.39,80,295.25,680,295.09,1840,296.74,120,296.75,40,296.76,80,296.92,40,297.15,200,297.37,40,297.47,40,297.59,80,297.6,120,297.61,120
2026-02-05 09:35:49,296.535,296.32,1,296.35,760,296.72,120,296.72,296.35,296.35,760,296.11,720,295.89,600,295.69,360,295.67,240,295.66,240,295.63,200,295.52,40,295.39,80,295.25,680,296.72,120,296.74,120,296.75,40,296.76,80,296.92,40,297.15,200,297.37,40,297.47,40,297.59,80,297.6,120
2026-02-05 09:35:50,296.535,296.32,1,296.35,760,296.72,120,296.72,296.35,296.35,760,296.11,720,295.89,600,295.69,360,295.67,240,295.66,240,295.63,200,295.52,40,295.39,80,295.25,680,296.72,120,296.74,120,296.75,40,296.76,80,296.92,40,297.15,200,297.37,40,297.47,40,297.59,80,297.6,120
2026-02-05 09:35:51,296.785,296.69,1,296.35,760,297.22,800,297.22,296.35,296.35,760,296.11,720,295.89,600,295.69,360,295.67,240,295.66,240,295.63,200,295.52,40,295.39,80,295.25,680,297.22,800,297.51,680,297.59,80,297.6,120,297.61,120,297.62,40,298.0,80,298.06,80,,,,
2026-02-05 09:35:52,296.785,296.69,1,296.35,800,297.22,800,297.22,296.35,296.35,800,296.11,720,295.89,600,295.69,360,295.67,240,295.66,240,295.63,200,295.52,40,295.39,80,295.25,680,297.22,800,297.51,680,297.59,80,297.6,120,297.61,120,297.62,40,298.0,80,298.06,80,,,,
2026-02-05 09:35:53,296.785,296.69,1,296.35,800,297.22,800,297.22,296.35,296.35,800,296.11,720,295.89,600,295.69,360,295.67,240,295.66,240,295.63,200,295.52,40,295.39,80,295.25,680,297.22,800,297.51,680,297.59,80,297.6,120,297.61,120,297.62,40,298.0,80,298.06,80,,,,
2026-02-05 09:35:54,296.785,296.69,1,296.35,800,297.22,800,297.22,296.35,296.35,800,296.11,720,295.89,600,295.69,360,295.67,240,295.66,240,295.63,200,295.52,40,295.39,80,295.25,680,297.22,800,297.51,680,297.59,80,297.6,120,297.61,120,297.62,40,298.0,80,298.06,80,,,,
2026-02-05 09:35:56,296.785,296.69,1,296.35,800,297.22,800,297.22,296.35,296.35,800,296.11,720,295.89,600,295.69,360,295.67,240,295.66,240,295.63,200,295.52,40,295.39,80,295.25,680,297.22,800,297.51,680,297.59,80,297.6,120,297.61,120,297.62,40,298.0,80,298.06,80,,,,
2026-02-05 09:35:57,296.785,296.69,1,296.35,840,297.22,800,297.22,296.35,296.35,840,296.11,720,295.89,600,295.69,360,295.67,240,295.66,240,295.63,200,295.52,40,295.39,80,295.25,680,297.22,800,297.51,680,297.59,80,297.6,120,297.61,120,297.62,40,298.0,80,298.06,80,,,,
2026-02-05 09:35:57,296.785,296.69,1,296.35,840,297.22,800,297.22,296.35,296.35,840,296.11,720,295.89,600,295.69,360,295.67,240,295.66,240,295.63,200,295.52,40,295.39,80,295.25,680,297.22,800,297.51,680,297.59,80,297.6,120,297.61,120,297.62,40,298.0,80,298.06,80,,,,
2026-02-05 09:35:58,296.785,296.69,1,296.35,880,297.22,800,297.22,296.35,296.35,880,296.11,720,295.89,600,295.69,360,295.67,240,295.66,240,295.63,200,295.52,40,295.39,80,295.25,680,297.22,800,297.51,680,297.59,80,297.6,120,297.61,120,297.62,40,298.0,80,298.06,80,,,,
2026-02-05 09:35:59,296.785,296.69,1,296.35,880,297.22,800,297.22,296.35,296.35,880,296.11,720,295.89,600,295.69,360,295.67,240,295.66,240,295.63,200,295.52,40,295.39,80,295.25,680,297.22,800,297.51,680,297.59,80,297.6,120,297.61,120,297.62,40,298.0,80,298.06,80,,,,
2026-02-05 09:36:01,296.785,296.69,1,296.35,880,297.22,800,297.22,296.35,296.35,880,296.11,720,295.89,600,295.69,360,295.67,240,295.66,240,295.63,200,295.52,40,295.39,80,295.25,680,297.22,800,297.51,680,297.59,80,297.6,120,297.61,120,297.62,40,298.0,80,298.06,80,,,,
2026-02-05 09:36:02,296.785,296.69,1,296.35,920,297.22,800,297.22,296.35,296.35,920,296.11,720,295.89,600,295.69,360,295.67,240,295.66,240,295.63,200,295.52,40,295.39,80,295.25,680,297.22,800,297.51,680,297.59,80,297.6,120,297.61,120,297.62,40,298.0,80,298.06,80,,,,
2026-02-05 09:36:03,296.785,296.69,1,296.35,920,297.22,800,297.22,296.35,296.35,920,296.11,720,295.89,600,295.69,360,295.67,240,295.66,240,295.63,200,295.52,40,295.39,80,295.25,680,297.22,800,297.51,680,297.59,80,297.6,120,297.61,120,297.62,40,298.0,80,298.06,80,,,,
2026-02-05 09:36:04,296.785,296.69,1,296.35,920,297.22,800,297.22,296.35,296.35,920,296.11,720,295.89,600,295.69,360,295.67,240,295.66,240,295.63,200,295.52,40,295.39,80,295.25,680,297.22,800,297.51,680,297.59,80,297.6,120,297.61,120,297.62,40,298.0,80,298.06,80,,,,
2026-02-05 09:36:05,296.785,296.69,1,296.35,960,297.22,800,297.22,296.35,296.35,960,296.11,720,295.89,600,295.69,360,295.67,240,295.66,240,295.63,200,295.52,40,295.39,80,295.25,680,297.22,800,297.51,680,297.59,80,297.6,120,297.61,120,297.62,40,298.0,80,298.06,80,,,,
2026-02-05 09:36:06,296.785,296.69,1,296.35,960,297.22,800,297.22,296.35,296.35,960,296.11,720,295.89,600,295.69,360,295.67,240,295.66,240,295.63,200,295.52,40,295.39,80,295.25,680,297.22,800,297.51,680,297.59,80,297.6,120,297.61,120,297.62,40,298.0,80,298.06,80,,,,
2026-02-05 09:36:06,296.785,296.69,1,296.35,960,297.22,800,297.22,296.35,296.35,960,296.11,720,295.89,600,295.69,360,295.67,240,295.66,240,295.63,200,295.52,40,295.39,80,295.25,680,297.22,800,297.51,680,297.59,80,297.6,120,297.61,120,297.62,40,298.0,80,298.06,80,,,,
2026-02-05 09:36:08,296.785,296.69,1,296.35,960,297.22,800,297.22,296.35,296.35,960,296.11,720,295.89,600,295.69,360,295.67,240,295.66,240,295.63,200,295.52,40,295.39,80,295.25,680,297.22,800,297.51,680,297.59,80,297.6,120,297.61,120,297.62,40,298.0,80,298.06,80,,,,
2026-02-05 09:36:09,296.785,296.69,1,296.35,1000,297.22,800,297.22,296.35,296.35,1000,296.11,720,295.89,600,295.69,360,295.67,240,295.66,240,295.63,200,295.52,40,295.39,80,295.25,680,297.22,800,297.51,680,297.59,80,297.6,120,297.61,120,297.62,40,298.0,80,298.06,80,,,,
2026-02-05 09:36:09,296.785,296.69,1,296.35,1000,297.22,800,297.22,296.35,296.35,1000,296.11,720,295.89,600,295.69,360,295.67,240,295.66,240,295.63,200,295.52,40,295.39,80,295.25,680,297.22,800,297.51,680,297.59,80,297.6,120,297.61,120,297.62,40,298.0,80,298.06,80,,,,
2026-02-05 09:36:11,296.785,296.69,1,296.35,1040,297.22,800,297.22,296.35,296.35,1040,296.11,720,295.89,600,295.69,360,295.67,240,295.66,240,295.63,200,295.52,40,295.39,80,295.25,680,297.22,800,297.51,680,297.59,80,297.6,120,297.61,120,297.62,40,298.0,80,298.06,80,,,,
2026-02-05 09:36:12,296.785,296.69,1,296.35,1080,297.22,800,297.22,296.35,296.35,1080,296.11,720,295.89,600,295.69,360,295.67,240,295.66,240,295.63,200,295.52,40,295.39,80,295.25,680,297.22,800,297.51,680,297.59,80,297.6,120,297.61,120,297.62,40,298.0,80,298.06,80,,,,
2026-02-05 09:36:13,296.785,296.69,1,296.35,1080,297.22,800,297.22,296.35,296.35,1080,296.11,720,295.89,600,295.69,360,295.67,240,295.66,240,295.63,200,295.52,40,295.39,80,295.25,680,297.22,800,297.51,680,297.59,80,297.6,120,297.61,120,297.62,40,298.0,80,298.06,80,,,,
2026-02-05 09:36:13,296.785,296.69,1,296.35,1120,297.22,800,297.22,296.35,296.35,1120,296.11,720,295.89,600,295.69,360,295.67,240,295.66,240,295.63,200,295.52,40,295.39,80,295.25,680,297.22,800,297.51,680,297.59,80,297.6,120,297.61,120,297.62,40,298.0,80,298.06,80,,,,
2026-02-05 09:36:15,296.785,296.69,1,296.35,1120,297.22,800,297.22,296.35,296.35,1120,296.11,720,295.89,600,295.69,360,295.67,240,295.66,240,295.63,200,295.52,40,295.39,80,295.25,680,297.22,800,297.51,680,297.59,80,297.6,120,297.61,120,297.62,40,298.0,80,298.06,80,,,,
2026-02-05 09:36:16,297.36,297.22,2,296.78,1120,297.94,40,297.94,296.78,296.78,1120,296.57,1040,296.35,1080,296.11,720,295.89,600,295.69,360,295.67,240,295.66,240,295.63,200,295.52,40,297.94,40,298.0,80,298.06,80,,,,,,,,,,,,,,
2026-02-05 09:36:17,297.225,297.22,2,296.78,1120,297.67,80,297.67,296.78,296.78,1120,296.57,1040,296.35,1080,296.11,720,295.89,600,295.69,360,295.67,240,295.66,240,295.63,200,295.52,40,297.67,80,297.93,40,297.94,40,298.0,80,298.06,80,,,,,,,,,,
2026-02-05 09:36:18,297.225,297.22,2,296.78,1120,297.67,80,297.67,296.78,296.78,1120,296.57,1040,296.35,1080,296.11,720,295.89,600,295.69,360,295.67,240,295.66,240,295.63,200,295.52,40,297.67,80,297.93,40,297.94,40,298.0,80,298.06,80,,,,,,,,,,
2026-02-05 09:36:19,297.225,297.22,2,296.78,1160,297.67,80,297.67,296.78,296.78,1160,296.57,1040,296.35,1080,296.11,720,295.89,600,295.69,360,295.67,240,295.66,240,295.63,200,295.52,40,297.67,80,297.93,40,297.94,40,298.0,80,298.06,80,,,,,,,,,,
2026-02-05 09:36:20,297.095,297.22,2,296.57,1120,297.62,40,297.62,296.57,296.57,1120,296.35,1080,296.11,720,295.89,600,295.69,360,295.67,240,295.66,240,295.63,200,295.52,40,295.39,80,297.62,40,297.67,80,297.93,40,297.94,40,298.0,80,298.06,80,,,,,,,,
2026-02-05 09:36:21,297.095,297.22,2,296.57,1160,297.62,40,297.62,296.57,296.57,1160,296.35,1080,296.11,720,295.89,600,295.69,360,295.67,240,295.66,240,295.63,200,295.52,40,295.39,80,297.62,40,297.67,80,297.93,40,297.94,40,298.0,80,298.06,80,,,,,,,,
2026-02-05 09:36:22,297.095,297.22,2,296.57,1200,297.62,40,297.62,296.57,296.57,1200,296.35,1080,296.11,720,295.89,600,295.69,360,295.67,240,295.66,240,295.63,200,295.52,40,295.39,80,297.62,40,297.67,80,297.93,40,297.94,40,298.0,80,298.06,80,,,,,,,,
2026-02-05 09:36:23,297.095,297.22,2,296.57,1200,297.62,40,297.62,296.57,296.57,1200,296.35,1080,296.11,720,295.89,600,295.69,360,295.67,240,295.66,240,295.63,200,295.52,40,295.39,80,297.62,40,297.67,80,297.93,40,297.94,40,298.0,80,298.06,80,,,,,,,,
2026-02-05 09:36:24,297.095,297.22,2,296.57,1200,297.62,40,297.62,296.57,296.57,1200,296.35,1080,296.11,720,295.89,600,295.69,360,295.67,240,295.66,240,295.63,200,295.52,40,295.39,80,297.62,40,297.67,80,297.93,40,297.94,40,298.0,80,298.06,80,,,,,,,,
2026-02-05 09:36:25,297.095,297.22,2,296.57,1200,297.62,40,297.62,296.57,296.57,1200,296.35,1080,296.11,720,295.89,600,295.69,360,295.67,240,295.66,240,295.63,200,295.52,40,295.39,80,297.62,40,297.67,80,297.93,40,297.94,40,298.0,80,298.06,80,,,,,,,,
2026-02-05 09:36:26,297.09,297.22,2,296.57,1200,297.61,40,297.61,296.57,296.57,1200,296.35,1080,296.11,720,295.89,600,295.69,360,295.67,240,295.66,240,295.63,200,295.52,40,295.39,80,297.61,40,297.62,40,297.67,80,297.93,40,297.94,40,298.0,80,298.06,80,,,,,,
2026-02-05 09:36:27,297.09,297.22,2,296.57,1200,297.61,40,297.61,296.57,296.57,1200,296.35,1080,296.11,720,295.89,600,295.69,360,295.67,240,295.66,240,295.63,200,295.52,40,295.39,80,297.61,40,297.62,40,297.67,80,297.93,40,297.94,40,298.0,80,298.06,80,,,,,,
2026-02-05 09:36:28,297.09,297.22,2,296.57,1240,297.61,80,297.61,296.57,296.57,1240,296.35,1080,296.11,720,295.89,600,295.69,360,295.67,240,295.66,240,295.63,200,295.52,40,295.39,80,297.61,80,297.62,40,297.67,80,297.93,40,297.94,40,298.0,80,298.06,80,,,,,,
2026-02-05 09:36:29,297.09,297.22,2,296.57,1240,297.61,80,297.61,296.57,296.57,1240,296.35,1080,296.11,720,295.89,600,295.69,360,295.67,240,295.66,240,295.63,200,295.52,40,295.39,80,297.61,80,297.62,40,297.67,80,297.93,40,297.94,40,298.0,80,298.06,80,,,,,,
2026-02-05 09:36:30,297.09,297.22,2,296.57,1240,297.61,80,297.61,296.57,296.57,1240,296.35,1080,296.11,720,295.89,600,295.69,360,295.67,240,295.66,240,295.63,200,295.52,40,295.39,80,297.61,80,297.62,40,297.67,80,297.93,40,297.94,40,298.0,80,298.06,80,,,,,,
2026-02-05 09:36:31,297.09,297.22,2,296.57,1240,297.61,80,297.61,296.57,296.57,1240,296.35,1080,296.11,720,295.89,600,295.69,360,295.67,240,295.66,240,295.63,200,295.52,40,295.39,80,297.61,80,297.62,40,297.67,80,297.93,40,297.94,40,298.0,80,298.06,80,,,,,,
2026-02-05 09:36:32,297.09,297.22,2,296.57,1280,297.61,80,297.61,296.57,296.57,1280,296.35,1080,296.11,720,295.89,600,295.69,360,295.67,240,295.66,240,295.63,200,295.52,40,295.39,80,297.61,80,297.62,40,297.67,80,297.93,40,297.94,40,298.0,80,298.06,80,,,,,,
2026-02-05 09:36:33,297.09,297.22,2,296.57,1280,297.61,80,297.61,296.57,296.57,1280,296.35,1080,296.11,720,295.89,600,295.69,360,295.67,240,295.66,240,295.63,200,295.52,40,295.39,80,297.61,80,297.62,40,297.67,80,297.93,40,297.94,40,298.0,80,298.06,80,,,,,,
2026-02-05 09:36:34,297.09,297.22,2,296.57,1320,297.61,80,297.61,296.57,296.57,1320,296.35,1080,296.11,720,295.89,600,295.69,360,295.67,240,295.66,240,295.63,200,295.52,40,295.39,80,297.61,80,297.62,40,297.67,80,297.93,40,297.94,40,298.0,80,298.06,80,,,,,,
2026-02-05 09:36:35,297.095,297.22,2,296.58,1400,297.61,80,297.61,296.58,296.58,1400,296.57,1320,296.35,1080,296.11,720,295.89,600,295.69,360,295.67,240,295.66,240,295.63,200,295.52,40,297.61,80,297.62,40,297.67,80,297.93,40,297.94,40,298.0,80,298.06,80,,,,,,
2026-02-05 09:36:36,297.095,297.22,2,296.58,1400,297.61,80,297.61,296.58,296.58,1400,296.57,1320,296.35,1080,296.11,720,295.89,600,295.69,360,295.67,240,295.66,240,295.63,200,295.52,40,297.61,80,297.62,40,297.67,80,297.93,40,297.94,40,298.0,80,298.06,80,,,,,,
2026-02-05 09:36:37,297.095,297.22,2,296.58,1440,297.61,80,297.61,296.58,296.58,1440,296.57,1320,296.35,1080,296.11,720,295.89,600,295.69,360,295.67,240,295.66,240,295.63,200,295.52,40,297.61,80,297.62,40,297.67,80,297.93,40,297.94,40,298.0,80,298.06,80,,,,,,
2026-02-05 09:36:38,297.095,297.22,2,296.58,1440,297.61,80,297.61,296.58,296.58,1440,296.57,1320,296.35,1080,296.11,720,295.89,600,295.69,360,295.67,240,295.66,240,295.63,200,295.52,40,297.61,80,297.62,40,297.67,80,297.93,40,297.94,40,298.0,80,298.06,80,,,,,,
2026-02-05 09:36:39,297.095,297.22,2,296.58,1480,297.61,80,297.61,296.58,296.58,1480,296.57,1320,296.35,1080,296.11,720,295.89,600,295.69,360,295.67,240,295.66,240,295.63,200,295.52,40,297.61,80,297.62,40,297.67,80,297.93,40,297.94,40,298.0,80,298.06,80,,,,,,
2026-02-05 09:36:40,297.095,297.22,2,296.58,1480,297.61,80,297.61,296.58,296.58,1480,296.57,1320,296.35,1080,296.11,720,295.89,600,295.69,360,295.67,240,295.66,240,295.63,200,295.52,40,297.61,80,297.62,40,297.67,80,297.93,40,297.94,40,298.0,80,298.06,80,,,,,,
2026-02-05 09:36:41,297.095,297.22,2,296.58,1480,297.61,80,297.61,296.58,296.58,1480,296.57,1320,296.35,1080,296.11,720,295.89,600,295.69,360,295.67,240,295.66,240,295.63,200,295.52,40,297.61,80,297.62,40,297.67,80,297.93,40,297.94,40,298.0,80,298.06,80,,,,,,
2026-02-05 09:36:42,297.095,297.22,2,296.58,1520,297.61,80,297.61,296.58,296.58,1520,296.57,1320,296.35,1080,296.11,720,295.89,600,295.69,360,295.67,240,295.66,240,295.63,200,295.52,40,297.61,80,297.62,40,297.67,80,297.93,40,297.94,40,298.0,80,298.06,80,,,,,,
2026-02-05 09:36:43,297.095,297.22,2,296.58,1520,297.61,80,297.61,296.58,296.58,1520,296.57,1320,296.35,1080,296.11,720,295.89,600,295.69,360,295.67,240,295.66,240,295.63,200,295.52,40,297.61,80,297.62,40,297.67,80,297.93,40,297.94,40,298.0,80,298.06,80,,,,,,
2026-02-05 09:36:44,297.095,297.22,2,296.58,1560,297.61,80,297.61,296.58,296.58,1560,296.57,1320,296.35,1080,296.11,720,295.89,600,295.69,360,295.67,240,295.66,240,295.63,200,295.52,40,297.61,80,297.62,40,297.67,80,297.93,40,297.94,40,298.0,80,298.06,80,,,,,,
2026-02-05 09:36:45,297.095,297.22,2,296.58,1560,297.61,80,297.61,296.58,296.58,1560,296.57,1320,296.35,1080,296.11,720,295.89,600,295.69,360,295.67,240,295.66,240,295.63,200,295.52,40,297.61,80,297.62,40,297.67,80,297.93,40,297.94,40,298.0,80,298.06,80,,,,,,
2026-02-05 09:36:46,297.095,297.22,2,296.58,1560,297.61,80,297.61,296.58,296.58,1560,296.57,1320,296.35,1080,296.11,720,295.89,600,295.69,360,295.67,240,295.66,240,295.63,200,295.52,40,297.61,80,297.62,40,297.67,80,297.93,40,297.94,40,298.0,80,298.06,80,,,,,,
2026-02-05 09:36:47,297.095,297.22,2,296.58,1600,297.61,80,297.61,296.58,296.58,1600,296.57,1320,296.35,1080,296.11,720,295.89,600,295.69,360,295.67,240,295.66,240,295.63,200,295.52,40,297.61,80,297.62,40,297.67,80,297.93,40,297.94,40,298.0,80,298.06,80,,,,,,
2026-02-05 09:36:48,297.095,297.22,2,296.58,1600,297.61,80,297.61,296.58,296.58,1600,296.57,1320,296.35,1080,296.11,720,295.89,600,295.69,360,295.67,240,295.66,240,295.63,200,295.52,40,297.61,80,297.62,40,297.67,80,297.93,40,297.94,40,298.0,80,298.06,80,,,,,,
2026-02-05 09:36:49,297.095,297.22,2,296.58,1600,297.61,80,297.61,296.58,296.58,1600,296.57,1320,296.35,1080,296.11,720,295.89,600,295.69,360,295.67,240,295.66,240,295.63,200,295.52,40,297.61,80,297.62,40,297.67,80,297.93,40,297.94,40,298.0,80,298.06,80,,,,,,
2026-02-05 09:36:50,297.095,297.22,2,296.58,1600,297.61,80,297.61,296.58,296.58,1600,296.57,1320,296.35,1080,296.11,720,295.89,600,295.69,360,295.67,240,295.66,240,295.63,200,295.52,40,297.61,80,297.62,40,297.67,80,297.93,40,297.94,40,298.0,80,298.06,80,,,,,,
2026-02-05 09:36:51,297.095,297.22,2,296.58,1600,297.61,80,297.61,296.58,296.58,1600,296.57,1320,296.35,1080,296.11,720,295.89,600,295.69,360,295.67,240,295.66,240,295.63,200,295.52,40,297.61,80,297.62,40,297.67,80,297.93,40,297.94,40,298.0,80,298.06,80,,,,,,
2026-02-05 09:36:52,297.095,297.22,2,296.58,1640,297.61,80,297.61,296.58,296.58,1640,296.57,1320,296.35,1080,296.11,720,295.89,600,295.69,360,295.67,240,295.66,240,295.63,200,295.52,40,297.61,80,297.62,40,297.67,80,297.93,40,297.94,40,298.0,80,298.06,80,,,,,,
2026-02-05 09:36:53,297.095,297.22,2,296.58,1640,297.61,80,297.61,296.58,296.58,1640,296.57,1320,296.35,1080,296.11,720,295.89,600,295.69,360,295.67,240,295.66,240,295.63,200,295.52,40,297.61,80,297.62,40,297.67,80,297.93,40,297.94,40,298.0,80,298.06,80,,,,,,
2026-02-05 09:36:54,297.095,297.22,2,296.58,1640,297.61,80,297.61,296.58,296.58,1640,296.57,1320,296.35,1080,296.11,720,295.89,600,295.69,360,295.67,240,295.66,240,295.63,200,295.52,40,297.61,80,297.62,40,297.67,80,297.93,40,297.94,40,298.0,80,298.06,80,,,,,,
2026-02-05 09:36:55,297.095,297.22,2,296.58,1680,297.61,80,297.61,296.58,296.58,1680,296.57,1320,296.35,1080,296.11,720,295.89,600,295.69,360,295.67,240,295.66,240,295.63,200,295.52,40,297.61,80,297.62,40,297.67,80,297.93,40,297.94,40,298.0,80,298.06,80,,,,,,
2026-02-05 09:36:56,297.095,297.22,2,296.58,1680,297.61,80,297.61,296.58,296.58,1680,296.57,1320,296.35,1080,296.11,720,295.89,600,295.69,360,295.67,240,295.66,240,295.63,200,295.52,40,297.61,80,297.62,40,297.67,80,297.93,40,297.94,40,298.0,80,298.06,80,,,,,,
2026-02-05 09:36:57,297.095,297.22,2,296.58,1680,297.61,80,297.61,296.58,296.58,1680,296.57,1320,296.35,1080,296.11,720,295.89,600,295.69,360,295.67,240,295.66,240,295.63,200,295.52,40,297.61,80,297.62,40,297.67,80,297.93,40,297.94,40,298.0,80,298.06,80,,,,,,
2026-02-05 09:36:58,297.095,297.22,2,296.58,1680,297.61,80,297.61,296.58,296.58,1680,296.57,1320,296.35,1080,296.11,720,295.89,600,295.69,360,295.67,240,295.66,240,295.63,200,295.52,40,297.61,80,297.62,40,297.67,80,297.93,40,297.94,40,298.0,80,298.06,80,,,,,,
2026-02-05 09:36:59,297.095,297.22,2,296.58,1680,297.61,80,297.61,296.58,296.58,1680,296.57,1320,296.35,1080,296.11,720,295.89,600,295.69,360,295.67,240,295.66,240,295.63,200,295.52,40,297.61,80,297.62,40,297.67,80,297.93,40,297.94,40,298.0,80,298.06,80,,,,,,
2026-02-05 09:37:00,297.095,297.22,2,296.58,1680,297.61,80,297.61,296.58,296.58,1680,296.57,1320,296.35,1080,296.11,720,295.89,600,295.69,360,295.67,240,295.66,240,295.63,200,295.52,40,297.61,80,297.62,40,297.67,80,297.93,40,297.94,40,298.0,80,298.06,80,,,,,,
2026-02-05 09:37:01,297.095,297.22,2,296.58,1720,297.61,80,297.61,296.58,296.58,1720,296.57,1320,296.35,1080,296.11,720,295.89,600,295.69,360,295.67,240,295.66,240,295.63,200,295.52,40,297.61,80,297.62,40,297.67,80,297.93,40,297.94,40,298.0,80,298.06,80,,,,,,
2026-02-05 09:37:02,297.095,297.22,2,296.58,1720,297.61,80,297.61,296.58,296.58,1720,296.57,1320,296.35,1080,296.11,720,295.89,600,295.69,360,295.67,240,295.66,240,295.63,200,295.52,40,297.61,80,297.62,40,297.67,80,297.93,40,297.94,40,298.0,80,298.06,80,,,,,,
2026-02-05 09:37:03,297.095,297.22,2,296.58,1720,297.61,80,297.61,296.58,296.58,1720,296.57,1320,296.35,1080,296.11,720,295.89,600,295.69,360,295.67,240,295.66,240,295.63,200,295.52,40,297.61,80,297.62,40,297.67,80,297.93,40,297.94,40,298.0,80,298.06,80,,,,,,
2026-02-05 09:37:04,297.095,297.22,2,296.58,1760,297.61,80,297.61,296.58,296.58,1760,296.57,1320,296.35,1080,296.11,720,295.89,600,295.69,360,295.67,240,295.66,240,295.63,200,295.52,40,297.61,80,297.62,40,297.67,80,297.93,40,297.94,40,298.0,80,298.06,80,,,,,,
2026-02-05 09:37:05,297.095,297.22,2,296.58,1760,297.61,80,297.61,296.58,296.58,1760,296.57,1320,296.35,1080,296.11,720,295.89,600,295.69,360,295.67,240,295.66,240,295.63,200,295.52,40,297.61,80,297.62,40,297.67,80,297.93,40,297.94,40,298.0,80,298.06,80,,,,,,
2026-02-05 09:37:06,297.095,297.22,2,296.58,1800,297.61,80,297.61,296.58,296.58,1800,296.57,1320,296.35,1080,296.11,720,295.89,600,295.69,360,295.67,240,295.66,240,295.63,200,295.52,40,297.61,80,297.62,40,297.67,80,297.93,40,297.94,40,298.0,80,298.06,80,,,,,,
