sim_time,mid_price,last_price,last_size,best_bid_price,best_bid_size,best_ask_price,best_ask_size,close_price_buy,close_price_sell,bid1_price,bid1_size,bid2_price,bid2_size,bid3_price,bid3_size,bid4_price,bid4_size,bid5_price,bid5_size,bid6_price,bid6_size,bid7_price,bid7_size,bid8_price,bid8_size,bid9_price,bid9_size,bid10_price,bid10_size,ask1_price,ask1_size,ask2_price,ask2_size,ask3_price,ask3_size,ask4_price,ask4_size,ask5_price,ask5_size,ask6_price,ask6_size,ask7_price,ask7_size,ask8_price,ask8_size,ask9_price,ask9_size,ask10_price,ask10_size
2020-10-29 09:30:27,307.195,0.0,0,306.92,3,307.47,2,307.47,306.92,306.92,3,306.91,7,306.9,4,306.89,6,306.8,1,306.79,5,306.75,1,306.72,1,306.71,4,306.66,1,307.47,2,307.48,1,307.5,1,307.51,1,307.53,3,,,,,,,,,,
2020-10-29 09:30:28,307.2,0.0,0,306.93,3,307.47,2,307.47,306.93,306.93,3,306.92,3,306.91,7,306.9,4,306.89,6,306.8,1,306.79,5,306.75,1,306.72,1,306.71,4,307.47,2,307.48,1,307.5,1,307.51,1,307.53,3,,,,,,,,,,
2020-10-29 09:30:29,307.205,0.0,0,306.94,5,307.47,2,307.47,306.94,306.94,5,306.93,5,306.92,3,306.91,7,306.9,4,306.89,6,306.8,1,306.79,5,306.75,1,306.72,1,307.47,2,307.48,1,307.5,1,307.51,1,307.53,3,,,,,,,,,,
2020-10-29 09:30:30,307.24,307.47,1,306.95,5,307.53,5,307.53,306.95,306.95,5,306.94,5,306.93,5,306.92,3,306.91,7,306.9,4,306.89,6,306.8,1,306.79,5,306.75,1,307.53,5,,,,,,,,,,,,,,,,,,
2020-10-29 09:30:31,307.47,307.68,1,307.19,1,307.75,2,307.75,307.19,307.19,1,307.05,1,306.95,5,306.94,5,306.93,5,306.92,3,306.91,7,306.9,4,306.89,6,306.8,1,307.75,2,,,,,,,,,,,,,,,,,,
2020-10-29 09:30:32,307.47,307.68,1,307.19,3,307.75,2,307.75,307.19,307.19,3,307.05,1,306.95,5,306.94,5,306.93,5,306.92,3,306.91,7,306.9,4,306.89,6,306.8,1,307.75,2,,,,,,,,,,,,,,,,,,
2020-10-29 09:30:34,307.48,307.68,1,307.21,2,307.75,2,307.75,307.21,307.21,2,307.2,5,307.19,3,307.05,1,306.95,5,306.94,5,306.93,5,306.92,3,306.91,7,306.9,4,307.75,2,,,,,,,,,,,,,,,,,,
2020-10-29 09:30:34,307.48,307.68,1,307.22,1,307.74,1,307.74,307.22,307.22,1,307.21,2,307.2,5,307.19,3,307.05,1,306.95,5,306.94,5,306.93,5,306.92,3,306.91,7,307.74,1,307.75,2,,,,,,,,,,,,,,,,
2020-10-29 09:30:35,307.48,307.68,1,307.22,4,307.74,1,307.74,307.22,307.22,4,307.21,2,307.2,5,307.19,3,307.05,1,306.95,5,306.94,5,306.93,5,306.92,3,306.91,7,307.74,1,307.75,2,,,,,,,,,,,,,,,,
2020-10-29 09:30:36,307.48,307.68,1,307.22,4,307.74,1,307.74,307.22,307.22,4,307.21,2,307.2,5,307.19,3,307.05,1,306.95,5,306.94,5,306.93,5,306.92,3,306.91,7,307.74,1,307.75,2,,,,,,,,,,,,,,,,
2020-10-29 09:30:37,307.48,307.72,1,307.22,4,307.74,1,307.74,307.22,307.22,4,307.21,2,307.2,5,307.19,3,307.05,1,306.95,5,306.94,5,306.93,5,306.92,3,306.91,7,307.74,1,307.75,2,,,,,,,,,,,,,,,,
2020-10-29 09:30:38,307.48,307.72,1,307.22,6,307.74,1,307.74,307.22,307.22,6,307.21,2,307.2,5,307.19,3,307.05,1,306.95,5,306.94,5,306.93,5,306.92,3,306.91,7,307.74,1,307.75,2,,,,,,,,,,,,,,,,
2020-10-29 09:30:39,307.48,307.72,1,307.22,7,307.74,1,307.74,307.22,307.22,7,307.21,2,307.2,5,307.19,3,307.05,1,306.95,5,306.94,5,306.93,5,306.92,3,306.91,7,307.74,1,307.75,2,,,,,,,,,,,,,,,,
2020-10-29 09:30:40,307.805,307.99,1,307.61,1,308.0,13,308.0,307.61,307.61,1,307.23,4,307.22,7,307.21,2,307.2,5,307.19,3,307.05,1,306.95,5,306.94,5,306.93,5,308.0,13,,,,,,,,,,,,,,,,,,
2020-10-29 09:30:41,308.02,308.44,2,307.6,3,308.44,2,308.44,307.6,307.6,3,307.23,4,307.22,7,307.21,2,307.2,5,307.19,3,307.05,1,306.95,5,306.94,5,306.93,5,308.44,2,308.6,1,308.64,1,308.65,1,,,,,,,,,,,,
2020-10-29 09:30:42,308.02,308.44,2,307.6,3,308.44,2,308.44,307.6,307.6,3,307.23,4,307.22,7,307.21,2,307.2,5,307.19,3,307.05,1,306.95,5,306.94,5,306.93,5,308.44,2,308.6,1,308.64,1,308.65,1,,,,,,,,,,,,
2020-10-29 09:30:43,308.025,308.44,2,307.61,2,308.44,2,308.44,307.61,307.61,2,307.6,4,307.23,4,307.22,7,307.21,2,307.2,5,307.19,3,307.05,1,306.95,5,306.94,5,308.44,2,308.6,1,308.64,1,308.65,1,,,,,,,,,,,,
2020-10-29 09:30:44,308.025,308.44,2,307.61,2,308.44,2,308.44,307.61,307.61,2,307.6,4,307.23,4,307.22,7,307.21,2,307.2,5,307.19,3,307.05,1,306.95,5,306.94,5,308.44,2,308.6,1,308.64,1,308.65,1,,,,,,,,,,,,
2020-10-29 09:30:46,308.025,308.44,2,307.61,2,308.44,2,308.44,307.61,307.61,2,307.6,4,307.23,4,307.22,7,307.21,2,307.2,5,307.19,3,307.05,1,306.95,5,306.94,5,308.44,2,308.6,1,308.64,1,308.65,1,,,,,,,,,,,,
2020-10-29 09:30:46,307.94,308.44,2,307.62,1,308.26,1,308.26,307.62,307.62,1,307.61,3,307.6,4,307.23,4,307.22,7,307.21,2,307.2,5,307.19,3,307.05,1,306.95,5,308.26,1,308.54,1,308.55,1,308.6,1,308.64,1,308.65,1,,,,,,,,
2020-10-29 09:30:47,308.03,308.44,2,307.64,4,308.42,1,308.42,307.64,307.64,4,307.63,5,307.62,4,307.61,3,307.6,4,307.23,4,307.22,7,307.21,2,307.2,5,307.19,3,308.42,1,308.6,1,308.64,1,308.65,1,,,,,,,,,,,,
2020-10-29 09:30:49,308.045,308.44,2,307.65,4,308.44,1,308.44,307.65,307.65,4,307.64,4,307.63,5,307.62,4,307.61,3,307.6,4,307.23,4,307.22,7,307.21,2,307.2,5,308.44,1,308.6,1,308.64,1,308.65,1,,,,,,,,,,,,
2020-10-29 09:30:49,308.045,308.44,2,307.65,5,308.44,1,308.44,307.65,307.65,5,307.64,4,307.63,5,307.62,4,307.61,3,307.6,4,307.23,4,307.22,7,307.21,2,307.2,5,308.44,1,308.6,1,308.64,1,308.65,1,,,,,,,,,,,,
2020-10-29 09:30:50,308.05,308.44,2,307.66,3,308.44,1,308.44,307.66,307.66,3,307.65,6,307.64,4,307.63,5,307.62,4,307.61,3,307.6,4,307.23,4,307.22,7,307.21,2,308.44,1,308.6,1,308.64,1,308.65,1,,,,,,,,,,,,
2020-10-29 09:30:51,308.055,308.06,1,307.67,5,308.44,1,308.44,307.67,307.67,5,307.66,5,307.65,6,307.64,4,307.63,5,307.62,4,307.61,3,307.6,4,307.23,4,307.22,7,308.44,1,308.6,1,308.64,1,308.65,1,,,,,,,,,,,,
2020-10-29 09:30:52,308.055,308.06,1,307.67,5,308.44,1,308.44,307.67,307.67,5,307.66,5,307.65,6,307.64,4,307.63,5,307.62,4,307.61,3,307.6,4,307.23,4,307.22,7,308.44,1,308.6,1,308.64,1,308.65,1,,,,,,,,,,,,
2020-10-29 09:30:54,308.055,308.06,1,307.67,5,308.44,1,308.44,307.67,307.67,5,307.66,5,307.65,6,307.64,4,307.63,5,307.62,4,307.61,3,307.6,4,307.23,4,307.22,7,308.44,1,308.6,1,308.64,1,308.65,1,,,,,,,,,,,,
2020-10-29 09:30:55,308.06,308.06,1,307.68,2,308.44,1,308.44,307.68,307.68,2,307.67,5,307.66,5,307.65,6,307.64,4,307.63,5,307.62,4,307.61,3,307.6,4,307.23,4,308.44,1,308.6,1,308.64,1,308.65,1,,,,,,,,,,,,
2020-10-29 09:30:55,308.06,308.06,1,307.68,4,308.44,1,308.44,307.68,307.68,4,307.67,5,307.66,5,307.65,6,307.64,4,307.63,5,307.62,4,307.61,3,307.6,4,307.23,4,308.44,1,308.6,1,308.64,1,308.65,1,,,,,,,,,,,,
2020-10-29 09:30:57,308.06,308.06,1,307.68,4,308.44,1,308.44,307.68,307.68,4,307.67,5,307.66,5,307.65,6,307.64,4,307.63,5,307.62,4,307.61,3,307.6,4,307.23,4,308.44,1,308.6,1,308.64,1,308.65,1,,,,,,,,,,,,
2020-10-29 09:30:58,308.06,308.06,1,307.68,5,308.44,1,308.44,307.68,307.68,5,307.67,5,307.66,5,307.65,6,307.64,4,307.63,5,307.62,4,307.61,3,307.6,4,307.23,4,308.44,1,308.6,1,308.64,1,308.65,1,,,,,,,,,,,,
2020-10-29 09:30:59,308.46,308.5,2,308.07,1,308.85,2,308.85,308.07,308.07,1,308.06,2,307.85,1,307.68,7,307.67,5,307.66,5,307.65,6,307.64,4,307.63,5,307.62,4,308.85,2,308.88,1,,,,,,,,,,,,,,,,
2020-10-29 09:31:00,308.48,308.5,2,308.07,4,308.89,1,308.89,308.07,308.07,4,308.06,2,307.85,1,307.68,7,307.67,5,307.66,5,307.65,6,307.64,4,307.63,5,307.62,4,308.89,1,308.9,1,,,,,,,,,,,,,,,,
2020-10-29 09:31:01,308.48,308.5,2,308.07,4,308.89,1,308.89,308.07,308.07,4,308.06,2,307.85,1,307.68,7,307.67,5,307.66,5,307.65,6,307.64,4,307.63,5,307.62,4,308.89,1,308.9,1,,,,,,,,,,,,,,,,
2020-10-29 09:31:02,308.5,308.5,2,308.08,5,308.92,1,308.92,308.08,308.08,5,308.07,4,308.06,2,307.85,1,307.68,7,307.67,5,307.66,5,307.65,6,307.64,4,307.63,5,308.92,1,309.05,1,,,,,,,,,,,,,,,,
2020-10-29 09:31:02,308.49,308.5,2,308.09,2,308.89,1,308.89,308.09,308.09,2,308.08,6,308.07,4,308.06,2,307.85,1,307.68,7,307.67,5,307.66,5,307.65,6,307.64,4,308.89,1,309.05,1,,,,,,,,,,,,,,,,
2020-10-29 09:31:04,308.49,308.5,2,308.09,2,308.89,1,308.89,308.09,308.09,2,308.08,6,308.07,4,308.06,2,307.85,1,307.68,7,307.67,5,307.66,5,307.65,6,307.64,4,308.89,1,309.05,1,,,,,,,,,,,,,,,,
2020-10-29 09:31:05,308.57,308.5,2,308.09,2,309.05,1,309.05,308.09,308.09,2,308.08,6,308.07,4,308.06,2,307.85,1,307.68,7,307.67,5,307.66,5,307.65,6,307.64,4,309.05,1,,,,,,,,,,,,,,,,,,
2020-10-29 09:31:06,308.55,308.5,2,308.11,5,308.99,1,308.99,308.11,308.11,5,308.1,4,308.09,5,308.08,6,308.07,4,308.06,2,307.85,1,307.68,7,307.67,5,307.66,5,308.99,1,309.02,1,309.06,1,,,,,,,,,,,,,,
2020-10-29 09:31:07,308.45,308.5,2,308.11,5,308.79,1,308.79,308.11,308.11,5,308.1,4,308.09,5,308.08,6,308.07,4,308.06,2,307.85,1,307.68,7,307.67,5,307.66,5,308.79,1,308.8,1,308.81,1,308.99,1,309.02,1,309.06,1,,,,,,,,
2020-10-29 09:31:08,308.435,308.5,2,308.12,5,308.75,1,308.75,308.12,308.12,5,308.11,5,308.1,4,308.09,5,308.08,6,308.07,4,308.06,2,307.85,1,307.68,7,307.67,5,308.75,1,308.76,1,308.77,1,308.78,1,308.79,1,308.8,1,308.81,1,308.99,1,309.02,1,309.06,1
2020-10-29 09:31:09,308.44,308.5,2,308.13,4,308.75,1,308.75,308.13,308.13,4,308.12,6,308.11,5,308.1,4,308.09,5,308.08,6,308.07,4,308.06,2,307.85,1,307.68,7,308.75,1,308.76,1,308.77,1,308.78,1,308.79,1,308.8,1,308.81,1,308.99,1,309.02,1,309.06,1
2020-10-29 09:31:10,308.44,308.5,2,308.13,6,308.75,2,308.75,308.13,308.13,6,308.12,6,308.11,5,308.1,4,308.09,5,308.08,6,308.07,4,308.06,2,307.85,1,307.68,7,308.75,2,308.76,1,308.77,1,308.78,1,308.79,1,308.8,1,308.81,1,308.99,1,309.02,1,309.06,1
2020-10-29 09:31:11,308.445,308.74,2,308.14,4,308.75,2,308.75,308.14,308.14,4,308.13,6,308.12,6,308.11,5,308.1,4,308.09,5,308.08,6,308.07,4,308.06,2,307.85,1,308.75,2,308.76,1,308.77,1,308.78,1,308.79,1,308.8,1,308.81,1,308.99,1,309.02,1,309.06,1
2020-10-29 09:31:12,308.445,308.45,1,308.14,4,308.75,2,308.75,308.14,308.14,4,308.13,6,308.12,6,308.11,5,308.1,4,308.09,5,308.08,6,308.07,4,308.06,2,307.85,1,308.75,2,308.76,1,308.77,1,308.78,1,308.79,1,308.8,1,308.81,1,308.99,1,309.02,1,309.06,1
2020-10-29 09:31:13,308.445,308.45,1,308.14,6,308.75,2,308.75,308.14,308.14,6,308.13,6,308.12,6,308.11,5,308.1,4,308.09,5,308.08,6,308.07,4,308.06,2,307.85,1,308.75,2,308.76,1,308.77,1,308.78,1,308.79,1,308.8,1,308.81,1,308.99,1,309.02,1,309.06,1
2020-10-29 09:31:14,308.45,308.45,1,308.15,3,308.75,2,308.75,308.15,308.15,3,308.14,6,308.13,6,308.12,6,308.11,5,308.1,4,308.09,5,308.08,6,308.07,4,308.06,2,308.75,2,308.76,1,308.77,1,308.78,1,308.79,1,308.8,1,308.81,1,308.99,1,309.02,1,309.06,1
2020-10-29 09:31:15,308.45,308.45,1,308.15,3,308.75,2,308.75,308.15,308.15,3,308.14,6,308.13,6,308.12,6,308.11,5,308.1,4,308.09,5,308.08,6,308.07,4,308.06,2,308.75,2,308.76,1,308.77,1,308.78,1,308.79,1,308.8,1,308.81,1,308.99,1,309.02,1,309.06,1
2020-10-29 09:31:16,308.45,308.45,1,308.15,3,308.75,2,308.75,308.15,308.15,3,308.14,6,308.13,6,308.12,6,308.11,5,308.1,4,308.09,5,308.08,6,308.07,4,308.06,2,308.75,2,308.76,1,308.77,1,308.78,1,308.79,1,308.8,1,308.81,1,308.99,1,309.02,1,309.06,1
2020-10-29 09:31:17,308.45,308.45,1,308.15,3,308.75,2,308.75,308.15,308.15,3,308.14,6,308.13,6,308.12,6,308.11,5,308.1,4,308.09,5,308.08,6,308.07,4,308.06,2,308.75,2,308.76,1,308.77,1,308.78,1,308.79,1,308.8,1,308.81,1,308.99,1,309.02,1,309.06,1
2020-10-29 09:31:18,308.45,308.45,1,308.15,3,308.75,2,308.75,308.15,308.15,3,308.14,6,308.13,6,308.12,6,308.11,5,308.1,4,308.09,5,308.08,6,308.07,4,308.06,2,308.75,2,308.76,1,308.77,1,308.78,1,308.79,1,308.8,1,308.81,1,308.99,1,309.02,1,309.06,1
2020-10-29 09:31:19,308.45,308.45,1,308.15,3,308.75,2,308.75,308.15,308.15,3,308.14,6,308.13,6,308.12,6,308.11,5,308.1,4,308.09,5,308.08,6,308.07,4,308.06,2,308.75,2,308.76,1,308.77,1,308.78,1,308.79,1,308.8,1,308.81,1,308.99,1,309.02,1,309.06,1
2020-10-29 09:31:20,308.45,308.45,1,308.15,3,308.75,2,308.75,308.15,308.15,3,308.14,6,308.13,6,308.12,6,308.11,5,308.1,4,308.09,5,308.08,6,308.07,4,308.06,2,308.75,2,308.76,1,308.77,1,308.78,1,308.79,1,308.8,1,308.81,1,308.99,1,309.02,1,309.06,1
2020-10-29 09:31:21,308.455,308.45,1,308.16,3,308.75,4,308.75,308.16,308.16,3,308.15,3,308.14,6,308.13,6,308.12,6,308.11,5,308.1,4,308.09,5,308.08,6,308.07,4,308.75,4,308.76,1,308.77,1,308.78,1,308.79,1,308.8,1,308.81,1,308.99,1,309.02,1,309.06,1
2020-10-29 09:31:22,308.455,308.45,1,308.16,5,308.75,4,308.75,308.16,308.16,5,308.15,3,308.14,6,308.13,6,308.12,6,308.11,5,308.1,4,308.09,5,308.08,6,308.07,4,308.75,4,308.76,1,308.77,1,308.78,1,308.79,1,308.8,1,308.81,1,308.99,1,309.02,1,309.06,1
2020-10-29 09:31:23,308.455,308.45,1,308.16,5,308.75,4,308.75,308.16,308.16,5,308.15,3,308.14,6,308.13,6,308.12,6,308.11,5,308.1,4,308.09,5,308.08,6,308.07,4,308.75,4,308.76,1,308.77,1,308.78,1,308.79,1,308.8,1,308.81,1,308.99,1,309.02,1,309.06,1
2020-10-29 09:31:24,308.455,308.45,1,308.16,5,308.75,4,308.75,308.16,308.16,5,308.15,3,308.14,6,308.13,6,308.12,6,308.11,5,308.1,4,308.09,5,308.08,6,308.07,4,308.75,4,308.76,1,308.77,1,308.78,1,308.79,1,308.8,1,308.81,1,308.99,1,309.02,1,309.06,1
2020-10-29 09:31:25,308.455,308.45,1,308.16,5,308.75,4,308.75,308.16,308.16,5,308.15,3,308.14,6,308.13,6,308.12,6,308.11,5,308.1,4,308.09,5,308.08,6,308.07,4,308.75,4,308.76,1,308.77,1,308.78,1,308.79,1,308.8,1,308.81,1,308.99,1,309.02,1,309.06,1
2020-10-29 09:31:26,308.455,308.45,1,308.16,5,308.75,4,308.75,308.16,308.16,5,308.15,3,308.14,6,308.13,6,308.12,6,308.11,5,308.1,4,308.09,5,308.08,6,308.07,4,308.75,4,308.76,1,308.77,1,308.78,1,308.79,1,308.8,1,308.81,1,308.99,1,309.02,1,309.06,1
2020-10-29 09:31:27,308.46,308.45,1,308.17,1,308.75,5,308.75,308.17,308.17,1,308.16,5,308.15,3,308.14,6,308.13,6,308.12,6,308.11,5,308.1,4,308.09,5,308.08,6,308.75,5,308.76,1,308.77,1,308.78,1,308.79,1,308.8,1,308.81,1,308.99,1,309.02,1,309.06,1
2020-10-29 09:31:28,308.465,308.45,1,308.18,3,308.75,5,308.75,308.18,308.18,3,308.17,2,308.16,5,308.15,3,308.14,6,308.13,6,308.12,6,308.11,5,308.1,4,308.09,5,308.75,5,308.76,1,308.77,1,308.78,1,308.79,1,308.8,1,308.81,1,308.99,1,309.02,1,309.06,1
2020-10-29 09:31:29,308.455,308.45,1,308.18,3,308.73,1,308.73,308.18,308.18,3,308.17,2,308.16,5,308.15,3,308.14,6,308.13,6,308.12,6,308.11,5,308.1,4,308.09,5,308.73,1,308.74,1,308.75,4,308.76,1,308.77,1,308.78,1,308.79,1,308.8,1,308.81,1,308.99,1
2020-10-29 09:31:30,308.455,308.45,1,308.18,3,308.73,1,308.73,308.18,308.18,3,308.17,2,308.16,5,308.15,3,308.14,6,308.13,6,308.12,6,308.11,5,308.1,4,308.09,5,308.73,1,308.74,1,308.75,4,308.76,1,308.77,1,308.78,1,308.79,1,308.8,1,308.81,1,308.99,1
2020-10-29 09:31:31,308.46,308.45,1,308.19,3,308.73,1,308.73,308.19,308.19,3,308.18,3,308.17,2,308.16,5,308.15,3,308.14,6,308.13,6,308.12,6,308.11,5,308.1,4,308.73,1,308.74,1,308.75,4,308.76,1,308.77,1,308.78,1,308.79,1,308.8,1,308.81,1,308.99,1
2020-10-29 09:31:32,308.465,308.45,1,308.19,5,308.74,1,308.74,308.19,308.19,5,308.18,3,308.17,2,308.16,5,308.15,3,308.14,6,308.13,6,308.12,6,308.11,5,308.1,4,308.74,1,308.75,4,308.76,1,308.77,1,308.78,1,308.79,1,308.8,1,308.81,1,308.99,1,309.02,1
2020-10-29 09:31:33,308.805,308.91,1,308.52,1,309.09,3,309.09,308.52,308.52,1,308.46,1,308.3,1,308.21,1,308.2,4,308.19,6,308.18,3,308.17,2,308.16,5,308.15,3,309.09,3,309.17,1,309.18,1,,,,,,,,,,,,,,
2020-10-29 09:31:34,308.82,309.08,1,308.52,5,309.12,1,309.12,308.52,308.52,5,308.46,1,308.3,1,308.21,1,308.2,4,308.19,6,308.18,3,308.17,2,308.16,5,308.15,3,309.12,1,309.6,3,,,,,,,,,,,,,,,,
2020-10-29 09:31:35,308.815,309.08,1,308.52,5,309.11,1,309.11,308.52,308.52,5,308.46,1,308.3,1,308.21,1,308.2,4,308.19,6,308.18,3,308.17,2,308.16,5,308.15,3,309.11,1,309.12,1,309.6,3,,,,,,,,,,,,,,
2020-10-29 09:31:36,308.815,309.08,1,308.52,5,309.11,1,309.11,308.52,308.52,5,308.46,1,308.3,1,308.21,1,308.2,4,308.19,6,308.18,3,308.17,2,308.16,5,308.15,3,309.11,1,309.12,1,309.6,3,,,,,,,,,,,,,,
2020-10-29 09:31:37,308.8,308.82,2,308.52,5,309.08,1,309.08,308.52,308.52,5,308.46,1,308.3,1,308.21,1,308.2,4,308.19,6,308.18,3,308.17,2,308.16,5,308.15,3,309.08,1,309.11,1,309.12,1,309.6,3,,,,,,,,,,,,
2020-10-29 09:31:38,308.8,308.8,1,308.52,5,309.08,2,309.08,308.52,308.52,5,308.46,1,308.3,1,308.21,1,308.2,4,308.19,6,308.18,3,308.17,2,308.16,5,308.15,3,309.08,2,309.11,1,309.12,1,309.6,3,,,,,,,,,,,,
2020-10-29 09:31:39,308.8,308.8,1,308.52,5,309.08,2,309.08,308.52,308.52,5,308.46,1,308.3,1,308.21,1,308.2,4,308.19,6,308.18,3,308.17,2,308.16,5,308.15,3,309.08,2,309.11,1,309.12,1,309.6,3,,,,,,,,,,,,
2020-10-29 09:31:40,308.86,308.8,1,308.53,2,309.19,1,309.19,308.53,308.53,2,308.52,5,308.46,1,308.3,1,308.21,1,308.2,4,308.19,6,308.18,3,308.17,2,308.16,5,309.19,1,309.2,1,309.51,1,309.6,3,,,,,,,,,,,,
2020-10-29 09:31:41,308.805,308.8,1,308.53,4,309.08,1,309.08,308.53,308.53,4,308.52,5,308.46,1,308.3,1,308.21,1,308.2,4,308.19,6,308.18,3,308.17,2,308.16,5,309.08,1,309.18,1,309.19,1,309.2,1,309.51,1,309.6,3,,,,,,,,
2020-10-29 09:31:42,308.805,308.8,1,308.53,4,309.08,1,309.08,308.53,308.53,4,308.52,5,308.46,1,308.3,1,308.21,1,308.2,4,308.19,6,308.18,3,308.17,2,308.16,5,309.08,1,309.18,1,309.19,1,309.2,1,309.51,1,309.6,3,,,,,,,,
2020-10-29 09:31:43,308.85,308.8,1,308.53,4,309.17,1,309.17,308.53,308.53,4,308.52,5,308.46,1,308.3,1,308.21,1,308.2,4,308.19,6,308.18,3,308.17,2,308.16,5,309.17,1,309.18,1,309.19,1,309.2,1,309.51,1,309.6,3,,,,,,,,
2020-10-29 09:31:44,308.85,308.8,1,308.53,4,309.17,1,309.17,308.53,308.53,4,308.52,5,308.46,1,308.3,1,308.21,1,308.2,4,308.19,6,308.18,3,308.17,2,308.16,5,309.17,1,309.18,1,309.19,1,309.2,1,309.51,1,309.6,3,,,,,,,,
2020-10-29 09:31:45,308.85,308.8,1,308.53,4,309.17,1,309.17,308.53,308.53,4,308.52,5,308.46,1,308.3,1,308.21,1,308.2,4,308.19,6,308.18,3,308.17,2,308.16,5,309.17,1,309.18,1,309.19,1,309.2,1,309.51,1,309.6,3,,,,,,,,
2020-10-29 09:31:46,308.85,308.8,1,308.53,4,309.17,1,309.17,308.53,308.53,4,308.52,5,308.46,1,308.3,1,308.21,1,308.2,4,308.19,6,308.18,3,308.17,2,308.16,5,309.17,1,309.18,1,309.19,1,309.2,1,309.51,1,309.6,3,,,,,,,,
2020-10-29 09:31:47,308.845,308.8,1,308.55,4,309.14,1,309.14,308.55,308.55,4,308.54,2,308.53,5,308.52,5,308.46,1,308.3,1,308.21,1,308.2,4,308.19,6,308.18,3,309.14,1,309.15,1,309.36,1,309.51,1,309.6,3,,,,,,,,,,
2020-10-29 09:31:48,308.845,308.8,1,308.55,3,309.14,1,309.14,308.55,308.55,3,308.54,2,308.53,5,308.52,5,308.46,1,308.3,1,308.21,1,308.2,4,308.19,6,308.18,3,309.14,1,309.15,1,309.36,1,309.51,1,309.6,3,,,,,,,,,,
2020-10-29 09:31:49,308.88,308.8,1,308.55,3,309.21,1,309.21,308.55,308.55,3,308.54,2,308.53,5,308.52,5,308.46,1,308.3,1,308.21,1,308.2,4,308.19,6,308.18,3,309.21,1,309.36,1,309.47,1,309.51,1,309.6,3,,,,,,,,,,
2020-10-29 09:31:50,308.88,308.8,1,308.55,6,309.21,1,309.21,308.55,308.55,6,308.54,2,308.53,5,308.52,5,308.46,1,308.3,1,308.21,1,308.2,4,308.19,6,308.18,3,309.21,1,309.36,1,309.47,1,309.51,1,309.6,3,,,,,,,,,,
2020-10-29 09:31:51,308.88,308.8,1,308.55,6,309.21,1,309.21,308.55,308.55,6,308.54,2,308.53,5,308.52,5,308.46,1,308.3,1,308.21,1,308.2,4,308.19,6,308.18,3,309.21,1,309.36,1,309.47,1,309.51,1,309.6,3,,,,,,,,,,
2020-10-29 09:31:52,308.88,308.8,1,308.55,6,309.21,1,309.21,308.55,308.55,6,308.54,2,308.53,5,308.52,5,308.46,1,308.3,1,308.21,1,308.2,4,308.19,6,308.18,3,309.21,1,309.36,1,309.47,1,309.51,1,309.6,3,,,,,,,,,,
2020-10-29 09:31:53,308.885,308.8,1,308.56,3,309.21,1,309.21,308.56,308.56,3,308.55,6,308.54,2,308.53,5,308.52,5,308.46,1,308.3,1,308.21,1,308.2,4,308.19,6,309.21,1,309.36,1,309.47,1,309.51,1,309.6,3,,,,,,,,,,
2020-10-29 09:31:54,308.885,308.67,1,308.57,3,309.2,1,309.2,308.57,308.57,3,308.56,5,308.55,6,308.54,2,308.53,5,308.52,5,308.46,1,308.3,1,308.21,1,308.2,4,309.2,1,309.21,1,309.36,1,309.47,1,309.51,1,309.6,3,,,,,,,,
2020-10-29 09:31:55,308.835,308.67,1,308.58,2,309.09,1,309.09,308.58,308.58,2,308.57,3,308.56,5,308.55,6,308.54,2,308.53,5,308.52,5,308.46,1,308.3,1,308.21,1,309.09,1,309.23,1,309.25,1,309.3,1,309.36,1,309.47,1,309.51,1,309.6,3,,,,
2020-10-29 09:31:56,308.91,308.67,1,308.59,2,309.23,1,309.23,308.59,308.59,2,308.58,5,308.57,3,308.56,5,308.55,6,308.54,2,308.53,5,308.52,5,308.46,1,308.3,1,309.23,1,309.25,1,309.3,1,309.36,1,309.47,1,309.51,1,309.6,3,,,,,,
2020-10-29 09:31:57,308.835,308.67,1,308.59,4,309.08,1,309.08,308.59,308.59,4,308.58,5,308.57,3,308.56,5,308.55,6,308.54,2,308.53,5,308.52,5,308.46,1,308.3,1,309.08,1,309.09,1,309.23,1,309.25,1,309.3,1,309.36,1,309.47,1,309.51,1,309.6,3,,
2020-10-29 09:31:58,308.84,308.67,1,308.6,3,309.08,2,309.08,308.6,308.6,3,308.59,4,308.58,5,308.57,3,308.56,5,308.55,6,308.54,2,308.53,5,308.52,5,308.46,1,309.08,2,309.09,1,309.23,1,309.25,1,309.3,1,309.36,1,309.47,1,309.51,1,309.6,3,,
2020-10-29 09:31:59,308.845,308.67,1,308.61,3,309.08,2,309.08,308.61,308.61,3,308.6,3,308.59,4,308.58,5,308.57,3,308.56,5,308.55,6,308.54,2,308.53,5,308.52,5,309.08,2,309.09,1,309.23,1,309.25,1,309.3,1,309.36,1,309.47,1,309.51,1,309.6,3,,
2020-10-29 09:32:00,308.855,308.67,1,308.63,1,309.08,2,309.08,308.63,308.63,1,308.62,3,308.61,3,308.6,3,308.59,4,308.58,5,308.57,3,308.56,5,308.55,6,308.54,2,309.08,2,309.09,1,309.23,1,309.25,1,309.3,1,309.36,1,309.47,1,309.51,1,309.6,3,,
2020-10-29 09:32:01,308.855,308.67,1,308.64,1,309.07,3,309.07,308.64,308.64,1,308.63,3,308.62,3,308.61,3,308.6,3,308.59,4,308.58,5,308.57,3,308.56,5,308.55,6,309.07,3,309.08,2,309.09,1,309.23,1,309.25,1,309.3,1,309.36,1,309.47,1,309.51,1,309.6,3
2020-10-29 09:32:02,308.85,308.67,1,308.64,3,309.06,2,309.06,308.64,308.64,3,308.63,3,308.62,3,308.61,3,308.6,3,308.59,4,308.58,5,308.57,3,308.56,5,308.55,6,309.06,2,309.07,3,309.08,2,309.09,1,309.23,1,309.25,1,309.3,1,309.36,1,309.47,1,309.51,1
2020-10-29 09:32:03,308.855,308.67,1,308.65,1,309.06,2,309.06,308.65,308.65,1,308.64,3,308.63,3,308.62,3,308.61,3,308.6,3,308.59,4,308.58,5,308.57,3,308.56,5,309.06,2,309.07,3,309.08,2,309.09,1,309.23,1,309.25,1,309.3,1,309.36,1,309.47,1,309.51,1
2020-10-29 09:32:04,308.95,308.67,1,308.67,2,309.23,1,309.23,308.67,308.67,2,308.66,3,308.65,3,308.64,3,308.63,3,308.62,3,308.61,3,308.6,3,308.59,4,308.58,5,309.23,1,309.25,1,309.3,1,309.36,1,309.47,1,309.51,1,309.6,3,,,,,,
2020-10-29 09:32:05,309.08,309.18,1,308.67,5,309.49,1,309.49,308.67,308.67,5,308.66,3,308.65,3,308.64,3,308.63,3,308.62,3,308.61,3,308.6,3,308.59,4,308.58,5,309.49,1,309.5,1,309.51,1,309.6,3,,,,,,,,,,,,
2020-10-29 09:32:06,309.09,309.48,2,308.7,5,309.48,3,309.48,308.7,308.7,5,308.69,4,308.68,4,308.67,5,308.66,3,308.65,3,308.64,3,308.63,3,308.62,3,308.61,3,309.48,3,309.49,1,309.5,1,309.51,1,309.6,3,,,,,,,,,,
2020-10-29 09:32:07,309.1,309.48,2,308.71,3,309.49,1,309.49,308.71,308.71,3,308.7,8,308.69,4,308.68,4,308.67,5,308.66,3,308.65,3,308.64,3,308.63,3,308.62,3,309.49,1,309.5,1,309.51,1,309.6,3,,,,,,,,,,,,
2020-10-29 09:32:08,309.11,309.11,1,308.73,7,309.49,1,309.49,308.73,308.73,7,308.72,3,308.71,4,308.7,8,308.69,4,308.68,4,308.67,5,308.66,3,308.65,3,308.64,3,309.49,1,309.5,1,309.51,1,309.6,3,,,,,,,,,,,,
2020-10-29 09:32:09,309.11,309.11,1,308.73,5,309.49,1,309.49,308.73,308.73,5,308.72,3,308.71,4,308.7,8,308.69,4,308.68,4,308.67,5,308.66,3,308.65,3,308.64,3,309.49,1,309.5,1,309.51,1,309.6,3,,,,,,,,,,,,
2020-10-29 09:32:10,309.11,309.11,1,308.73,6,309.49,1,309.49,308.73,308.73,6,308.72,3,308.71,4,308.7,8,308.69,4,308.68,4,308.67,5,308.66,3,308.65,3,308.64,3,309.49,1,309.5,1,309.51,1,309.6,3,,,,,,,,,,,,
2020-10-29 09:32:11,309.11,309.11,1,308.73,6,309.49,1,309.49,308.73,308.73,6,308.72,3,308.71,4,308.7,8,308.69,4,308.68,4,308.67,5,308.66,3,308.65,3,308.64,3,309.49,1,309.5,1,309.51,1,309.6,3,,,,,,,,,,,,
2020-10-29 09:32:12,309.105,309.11,5,308.73,6,309.48,2,309.48,308.73,308.73,6,308.72,3,308.71,4,308.7,8,308.69,4,308.68,4,308.67,5,308.66,3,308.65,3,308.64,3,309.48,2,309.49,1,309.5,1,309.51,1,309.6,3,,,,,,,,,,
2020-10-29 09:32:13,309.11,309.11,5,308.74,5,309.48,2,309.48,308.74,308.74,5,308.73,6,308.72,3,308.71,4,308.7,8,308.69,4,308.68,4,308.67,5,308.66,3,308.65,3,309.48,2,309.49,1,309.5,1,309.51,1,309.6,3,,,,,,,,,,
2020-10-29 09:32:14,309.11,309.11,5,308.74,6,309.48,2,309.48,308.74,308.74,6,308.73,6,308.72,3,308.71,4,308.7,8,308.69,4,308.68,4,308.67,5,308.66,3,308.65,3,309.48,2,309.49,1,309.5,1,309.51,1,309.6,3,,,,,,,,,,
2020-10-29 09:32:15,309.11,309.11,5,308.74,6,309.48,2,309.48,308.74,308.74,6,308.73,6,308.72,3,308.71,4,308.7,8,308.69,4,308.68,4,308.67,5,308.66,3,308.65,3,309.48,2,309.49,1,309.5,1,309.51,1,309.6,3,,,,,,,,,,
2020-10-29 09:32:16,309.11,309.11,5,308.74,6,309.48,2,309.48,308.74,308.74,6,308.73,6,308.72,3,308.71,4,308.7,8,308.69,4,308.68,4,308.67,5,308.66,3,308.65,3,309.48,2,309.49,1,309.5,1,309.51,1,309.6,3,,,,,,,,,,
2020-10-29 09:32:17,309.11,309.11,5,308.74,6,309.48,2,309.48,308.74,308.74,6,308.73,6,308.72,3,308.71,4,308.7,8,308.69,4,308.68,4,308.67,5,308.66,3,308.65,3,309.48,2,309.49,1,309.5,1,309.51,1,309.6,3,,,,,,,,,,
2020-10-29 09:32:18,309.11,309.11,5,308.74,6,309.48,2,309.48,308.74,308.74,6,308.73,6,308.72,3,308.71,4,308.7,8,308.69,4,308.68,4,308.67,5,308.66,3,308.65,3,309.48,2,309.49,1,309.5,1,309.51,1,309.6,3,,,,,,,,,,
2020-10-29 09:32:19,309.11,309.11,5,308.74,6,309.48,2,309.48,308.74,308.74,6,308.73,6,308.72,3,308.71,4,308.7,8,308.69,4,308.68,4,308.67,5,308.66,3,308.65,3,309.48,2,309.49,1,309.5,1,309.51,1,309.6,3,,,,,,,,,,
2020-10-29 09:32:20,309.115,309.12,1,308.76,1,309.47,3,309.47,308.76,308.76,1,308.75,2,308.74,6,308.73,6,308.72,3,308.71,4,308.7,8,308.69,4,308.68,4,308.67,5,309.47,3,309.48,2,309.49,1,309.5,1,309.51,1,309.6,3,,,,,,,,
2020-10-29 09:32:21,309.115,309.12,1,308.76,3,309.47,3,309.47,308.76,308.76,3,308.75,2,308.74,6,308.73,6,308.72,3,308.71,4,308.7,8,308.69,4,308.68,4,308.67,5,309.47,3,309.48,2,309.49,1,309.5,1,309.51,1,309.6,3,,,,,,,,
2020-10-29 09:32:22,309.12,309.12,1,308.77,3,309.47,3,309.47,308.77,308.77,3,308.76,3,308.75,2,308.74,6,308.73,6,308.72,3,308.71,4,308.7,8,308.69,4,308.68,4,309.47,3,309.48,2,309.49,1,309.5,1,309.51,1,309.6,3,,,,,,,,
2020-10-29 09:32:23,309.12,309.12,1,308.77,3,309.47,5,309.47,308.77,308.77,3,308.76,3,308.75,2,308.74,6,308.73,6,308.72,3,308.71,4,308.7,8,308.69,4,308.68,4,309.47,5,309.48,2,309.49,1,309.5,1,309.51,1,309.6,3,,,,,,,,
2020-10-29 09:32:24,309.12,309.12,1,308.77,3,309.47,4,309.47,308.77,308.77,3,308.76,3,308.75,2,308.74,6,308.73,6,308.72,3,308.71,4,308.7,8,308.69,4,308.68,4,309.47,4,309.48,2,309.49,1,309.5,1,309.51,1,309.6,3,,,,,,,,
2020-10-29 09:32:25,309.12,309.12,1,308.77,3,309.47,4,309.47,308.77,308.77,3,308.76,3,308.75,2,308.74,6,308.73,6,308.72,3,308.71,4,308.7,8,308.69,4,308.68,4,309.47,4,309.48,2,309.49,1,309.5,1,309.51,1,309.6,3,,,,,,,,
2020-10-29 09:32:26,309.125,309.12,1,308.78,3,309.47,4,309.47,308.78,308.78,3,308.77,3,308.76,3,308.75,2,308.74,6,308.73,6,308.72,3,308.71,4,308.7,8,308.69,4,309.47,4,309.48,2,309.49,1,309.5,1,309.51,1,309.6,3,,,,,,,,
2020-10-29 09:32:27,309.135,309.12,1,308.8,5,309.47,4,309.47,308.8,308.8,5,308.79,7,308.78,3,308.77,3,308.76,3,308.75,2,308.74,6,308.73,6,308.72,3,308.71,4,309.47,4,309.48,2,309.49,1,309.5,1,309.51,1,309.6,3,,,,,,,,
2020-10-29 09:32:28,309.14,309.12,1,308.81,2,309.47,4,309.47,308.81,308.81,2,308.8,5,308.79,7,308.78,3,308.77,3,308.76,3,308.75,2,308.74,6,308.73,6,308.72,3,309.47,4,309.48,2,309.49,1,309.5,1,309.51,1,309.6,3,,,,,,,,
2020-10-29 09:32:29,309.14,309.12,1,308.81,2,309.47,4,309.47,308.81,308.81,2,308.8,5,308.79,7,308.78,3,308.77,3,308.76,3,308.75,2,308.74,6,308.73,6,308.72,3,309.47,4,309.48,2,309.49,1,309.5,1,309.51,1,309.6,3,,,,,,,,
2020-10-29 09:32:30,309.14,309.12,1,308.81,2,309.47,4,309.47,308.81,308.81,2,308.8,5,308.79,7,308.78,3,308.77,3,308.76,3,308.75,2,308.74,6,308.73,6,308.72,3,309.47,4,309.48,2,309.49,1,309.5,1,309.51,1,309.6,3,,,,,,,,
2020-10-29 09:32:31,309.14,309.12,1,308.81,2,309.47,4,309.47,308.81,308.81,2,308.8,5,308.79,7,308.78,3,308.77,3,308.76,3,308.75,2,308.74,6,308.73,6,308.72,3,309.47,4,309.48,2,309.49,1,309.5,1,309.51,1,309.6,3,,,,,,,,
2020-10-29 09:32:32,309.145,309.12,1,308.82,4,309.47,4,309.47,308.82,308.82,4,308.81,2,308.8,5,308.79,7,308.78,3,308.77,3,308.76,3,308.75,2,308.74,6,308.73,6,309.47,4,309.48,2,309.49,1,309.5,1,309.51,1,309.6,3,,,,,,,,
2020-10-29 09:32:33,309.145,309.12,1,308.82,4,309.47,4,309.47,308.82,308.82,4,308.81,2,308.8,5,308.79,7,308.78,3,308.77,3,308.76,3,308.75,2,308.74,6,308.73,6,309.47,4,309.48,2,309.49,1,309.5,1,309.51,1,309.6,3,,,,,,,,
2020-10-29 09:32:34,309.145,309.12,1,308.82,4,309.47,4,309.47,308.82,308.82,4,308.81,2,308.8,5,308.79,7,308.78,3,308.77,3,308.76,3,308.75,2,308.74,6,308.73,6,309.47,4,309.48,2,309.49,1,309.5,1,309.51,1,309.6,3,,,,,,,,
2020-10-29 09:32:35,309.145,309.12,1,308.82,4,309.47,4,309.47,308.82,308.82,4,308.81,2,308.8,5,308.79,7,308.78,3,308.77,3,308.76,3,308.75,2,308.74,6,308.73,6,309.47,4,309.48,2,309.49,1,309.5,1,309.51,1,309.6,3,,,,,,,,
2020-10-29 09:32:36,309.14,309.12,1,308.82,6,309.46,2,309.46,308.82,308.82,6,308.81,2,308.8,5,308.79,7,308.78,3,308.77,3,308.76,3,308.75,2,308.74,6,308.73,6,309.46,2,309.47,4,309.48,2,309.49,1,309.5,1,309.51,1,309.6,3,,,,,,
2020-10-29 09:32:37,309.14,309.12,1,308.82,6,309.46,2,309.46,308.82,308.82,6,308.81,2,308.8,5,308.79,7,308.78,3,308.77,3,308.76,3,308.75,2,308.74,6,308.73,6,309.46,2,309.47,4,309.48,2,309.49,1,309.5,1,309.51,1,309.6,3,,,,,,
2020-10-29 09:32:38,309.14,309.12,1,308.82,6,309.46,2,309.46,308.82,308.82,6,308.81,2,308.8,5,308.79,7,308.78,3,308.77,3,308.76,3,308.75,2,308.74,6,308.73,6,309.46,2,309.47,4,309.48,2,309.49,1,309.5,1,309.51,1,309.6,3,,,,,,
2020-10-29 09:32:39,309.145,309.12,1,308.83,3,309.46,2,309.46,308.83,308.83,3,308.82,6,308.81,2,308.8,5,308.79,7,308.78,3,308.77,3,308.76,3,308.75,2,308.74,6,309.46,2,309.47,4,309.48,2,309.49,1,309.5,1,309.51,1,309.6,3,,,,,,
2020-10-29 09:32:40,309.145,309.46,1,308.83,5,309.46,3,309.46,308.83,308.83,5,308.82,6,308.81,2,308.8,5,308.79,7,308.78,3,308.77,3,308.76,3,308.75,2,308.74,6,309.46,3,309.47,4,309.48,2,309.49,1,309.5,1,309.51,1,309.6,3,,,,,,
2020-10-29 09:32:41,309.15,309.46,1,308.84,2,309.46,3,309.46,308.84,308.84,2,308.83,8,308.82,6,308.81,2,308.8,5,308.79,7,308.78,3,308.77,3,308.76,3,308.75,2,309.46,3,309.47,4,309.48,2,309.49,1,309.5,1,309.51,1,309.6,3,,,,,,
2020-10-29 09:32:42,309.145,308.85,1,308.84,4,309.45,3,309.45,308.84,308.84,4,308.83,8,308.82,6,308.81,2,308.8,5,308.79,7,308.78,3,308.77,3,308.76,3,308.75,2,309.45,3,309.46,3,309.47,4,309.48,2,309.49,1,309.5,1,309.51,1,309.6,3,,,,
2020-10-29 09:32:43,308.395,308.7,2,308.03,3,308.76,2,308.76,308.03,308.03,3,307.85,1,307.68,7,307.67,5,307.66,5,307.65,6,307.64,4,307.63,5,307.62,4,307.61,3,308.76,2,308.82,1,308.86,1,309.18,1,309.44,2,309.45,3,309.46,3,309.47,4,309.48,2,309.49,1
2020-10-29 09:32:44,308.445,308.7,2,308.13,1,308.76,3,308.76,308.13,308.13,1,308.03,2,307.85,1,307.68,7,307.67,5,307.66,5,307.65,6,307.64,4,307.63,5,307.62,4,308.76,3,308.82,1,308.86,1,309.18,1,309.44,2,309.45,3,309.46,3,309.47,4,309.48,2,309.49,1
2020-10-29 09:32:45,308.445,308.7,2,308.13,1,308.76,3,308.76,308.13,308.13,1,308.03,2,307.85,1,307.68,7,307.67,5,307.66,5,307.65,6,307.64,4,307.63,5,307.62,4,308.76,3,308.82,1,308.86,1,309.18,1,309.44,2,309.45,3,309.46,3,309.47,4,309.48,2,309.49,1
2020-10-29 09:32:46,308.355,308.7,2,308.03,2,308.68,3,308.68,308.03,308.03,2,307.85,1,307.68,7,307.67,5,307.66,5,307.65,6,307.64,4,307.63,5,307.62,4,307.61,3,308.68,3,308.69,3,308.7,2,308.76,3,308.82,1,308.86,1,309.18,1,309.44,2,309.45,3,309.46,3
2020-10-29 09:32:47,308.355,308.7,2,308.03,2,308.68,4,308.68,308.03,308.03,2,307.85,1,307.68,7,307.67,5,307.66,5,307.65,6,307.64,4,307.63,5,307.62,4,307.61,3,308.68,4,308.69,3,308.7,2,308.76,3,308.82,1,308.86,1,309.18,1,309.44,2,309.45,3,309.46,3
2020-10-29 09:32:48,308.355,308.7,2,308.03,2,308.68,4,308.68,308.03,308.03,2,307.85,1,307.68,7,307.67,5,307.66,5,307.65,6,307.64,4,307.63,5,307.62,4,307.61,3,308.68,4,308.69,3,308.7,2,308.76,3,308.82,1,308.86,1,309.18,1,309.44,2,309.45,3,309.46,3
2020-10-29 09:32:49,308.355,308.7,2,308.03,2,308.68,4,308.68,308.03,308.03,2,307.85,1,307.68,7,307.67,5,307.66,5,307.65,6,307.64,4,307.63,5,307.62,4,307.61,3,308.68,4,308.69,3,308.7,2,308.76,3,308.82,1,308.86,1,309.18,1,309.44,2,309.45,3,309.46,3
2020-10-29 09:32:50,308.405,308.7,2,308.13,1,308.68,4,308.68,308.13,308.13,1,308.04,1,308.03,2,307.85,1,307.68,7,307.67,5,307.66,5,307.65,6,307.64,4,307.63,5,308.68,4,308.69,3,308.7,2,308.76,3,308.82,1,308.86,1,309.18,1,309.44,2,309.45,3,309.46,3
2020-10-29 09:32:51,308.405,308.7,2,308.13,1,308.68,4,308.68,308.13,308.13,1,308.04,1,308.03,2,307.85,1,307.68,7,307.67,5,307.66,5,307.65,6,307.64,4,307.63,5,308.68,4,308.69,3,308.7,2,308.76,3,308.82,1,308.86,1,309.18,1,309.44,2,309.45,3,309.46,3
2020-10-29 09:32:52,308.405,308.7,2,308.13,1,308.68,4,308.68,308.13,308.13,1,308.04,1,308.03,2,307.85,1,307.68,7,307.67,5,307.66,5,307.65,6,307.64,4,307.63,5,308.68,4,308.69,3,308.7,2,308.76,3,308.82,1,308.86,1,309.18,1,309.44,2,309.45,3,309.46,3
2020-10-29 09:32:53,308.405,308.7,2,308.13,1,308.68,4,308.68,308.13,308.13,1,308.04,1,308.03,2,307.85,1,307.68,7,307.67,5,307.66,5,307.65,6,307.64,4,307.63,5,308.68,4,308.69,3,308.7,2,308.76,3,308.82,1,308.86,1,309.18,1,309.44,2,309.45,3,309.46,3
2020-10-29 09:32:54,308.405,308.7,2,308.13,1,308.68,4,308.68,308.13,308.13,1,308.04,1,308.03,2,307.85,1,307.68,7,307.67,5,307.66,5,307.65,6,307.64,4,307.63,5,308.68,4,308.69,3,308.7,2,308.76,3,308.82,1,308.86,1,309.18,1,309.44,2,309.45,3,309.46,3
2020-10-29 09:32:55,308.405,308.7,2,308.13,1,308.68,4,308.68,308.13,308.13,1,308.04,1,308.03,2,307.85,1,307.68,7,307.67,5,307.66,5,307.65,6,307.64,4,307.63,5,308.68,4,308.69,3,308.7,2,308.76,3,308.82,1,308.86,1,309.18,1,309.44,2,309.45,3,309.46,3
2020-10-29 09:32:56,308.405,308.67,1,308.13,2,308.68,4,308.68,308.13,308.13,2,308.04,1,308.03,2,307.85,1,307.68,7,307.67,5,307.66,5,307.65,6,307.64,4,307.63,5,308.68,4,308.69,3,308.7,2,308.76,3,308.82,1,308.86,1,309.18,1,309.44,2,309.45,3,309.46,3
2020-10-29 09:32:57,308.485,308.8,1,308.15,1,308.82,2,308.82,308.15,308.15,1,308.14,3,308.13,3,308.04,1,308.03,2,307.85,1,307.68,7,307.67,5,307.66,5,307.65,6,308.82,2,309.07,3,309.09,1,309.1,1,309.18,1,309.44,2,309.45,3,309.46,3,309.47,4,309.48,2
2020-10-29 09:32:58,308.49,308.8,1,308.16,1,308.82,2,308.82,308.16,308.16,1,308.15,3,308.14,3,308.13,3,308.04,1,308.03,2,307.85,1,307.68,7,307.67,5,307.66,5,308.82,2,309.07,3,309.09,1,309.1,1,309.18,1,309.44,2,309.45,3,309.46,3,309.47,4,309.48,2
2020-10-29 09:32:59,308.49,308.8,1,308.16,3,308.82,2,308.82,308.16,308.16,3,308.15,3,308.14,3,308.13,3,308.04,1,308.03,2,307.85,1,307.68,7,307.67,5,307.66,5,308.82,2,309.07,3,309.09,1,309.1,1,309.18,1,309.44,2,309.45,3,309.46,3,309.47,4,309.48,2
2020-10-29 09:33:00,308.49,308.8,1,308.16,3,308.82,2,308.82,308.16,308.16,3,308.15,3,308.14,3,308.13,3,308.04,1,308.03,2,307.85,1,307.68,7,307.67,5,307.66,5,308.82,2,309.07,3,309.09,1,309.1,1,309.18,1,309.44,2,309.45,3,309.46,3,309.47,4,309.48,2
2020-10-29 09:33:01,308.635,308.82,1,308.29,1,308.98,4,308.98,308.29,308.29,1,308.17,1,308.16,4,308.15,3,308.14,3,308.13,3,308.04,1,308.03,2,307.85,1,307.68,7,308.98,4,309.07,3,309.09,1,309.1,1,309.18,1,309.44,2,309.45,3,309.46,3,309.47,4,309.48,2
2020-10-29 09:33:02,308.635,308.82,1,308.29,1,308.98,4,308.98,308.29,308.29,1,308.17,1,308.16,4,308.15,3,308.14,3,308.13,3,308.04,1,308.03,2,307.85,1,307.68,7,308.98,4,309.07,3,309.09,1,309.1,1,309.18,1,309.44,2,309.45,3,309.46,3,309.47,4,309.48,2
2020-10-29 09:33:03,308.635,308.82,1,308.29,1,308.98,4,308.98,308.29,308.29,1,308.17,1,308.16,4,308.15,3,308.14,3,308.13,3,308.04,1,308.03,2,307.85,1,307.68,7,308.98,4,309.07,3,309.09,1,309.1,1,309.18,1,309.44,2,309.45,3,309.46,3,309.47,4,309.48,2
2020-10-29 09:33:04,308.635,308.82,1,308.29,6,308.98,4,308.98,308.29,308.29,6,308.17,1,308.16,4,308.15,3,308.14,3,308.13,3,308.04,1,308.03,2,307.85,1,307.68,7,308.98,4,309.07,3,309.09,1,309.1,1,309.18,1,309.44,2,309.45,3,309.46,3,309.47,4,309.48,2
2020-10-29 09:33:05,308.64,308.82,1,308.3,1,308.98,4,308.98,308.3,308.3,1,308.29,6,308.17,1,308.16,4,308.15,3,308.14,3,308.13,3,308.04,1,308.03,2,307.85,1,308.98,4,309.07,3,309.09,1,309.1,1,309.18,1,309.44,2,309.45,3,309.46,3,309.47,4,309.48,2
2020-10-29 09:33:06,308.64,308.82,1,308.3,1,308.98,4,308.98,308.3,308.3,1,308.29,6,308.17,1,308.16,4,308.15,3,308.14,3,308.13,3,308.04,1,308.03,2,307.85,1,308.98,4,309.07,3,309.09,1,309.1,1,309.18,1,309.44,2,309.45,3,309.46,3,309.47,4,309.48,2
2020-10-29 09:33:07,308.64,308.82,1,308.3,1,308.98,4,308.98,308.3,308.3,1,308.29,6,308.17,1,308.16,4,308.15,3,308.14,3,308.13,3,308.04,1,308.03,2,307.85,1,308.98,4,309.07,3,309.09,1,309.1,1,309.18,1,309.44,2,309.45,3,309.46,3,309.47,4,309.48,2
2020-10-29 09:33:08,308.64,308.82,1,308.3,1,308.98,4,308.98,308.3,308.3,1,308.29,6,308.17,1,308.16,4,308.15,3,308.14,3,308.13,3,308.04,1,308.03,2,307.85,1,308.98,4,309.07,3,309.09,1,309.1,1,309.18,1,309.44,2,309.45,3,309.46,3,309.47,4,309.48,2
2020-10-29 09:33:09,308.375,308.95,1,308.09,1,308.66,1,308.66,308.09,308.09,1,308.08,2,308.04,1,308.03,2,307.85,1,307.68,7,307.67,5,307.66,5,307.65,6,307.64,4,308.66,1,308.74,1,308.81,1,308.84,1,308.97,1,308.98,4,309.07,3,309.09,1,309.1,1,309.18,1
2020-10-29 09:33:10,308.5,308.95,1,308.03,2,308.97,5,308.97,308.03,308.03,2,307.85,1,307.68,7,307.67,5,307.66,5,307.65,6,307.64,4,307.63,5,307.62,4,307.61,3,308.97,5,308.98,6,309.07,3,309.09,1,309.1,1,309.18,1,309.44,2,309.45,3,309.46,3,309.47,4
2020-10-29 09:33:11,308.5,308.95,1,308.03,2,308.97,5,308.97,308.03,308.03,2,307.85,1,307.68,7,307.67,5,307.66,5,307.65,6,307.64,4,307.63,5,307.62,4,307.61,3,308.97,5,308.98,6,309.07,3,309.09,1,309.1,1,309.18,1,309.44,2,309.45,3,309.46,3,309.47,4
2020-10-29 09:33:12,308.495,308.95,1,308.03,2,308.96,1,308.96,308.03,308.03,2,307.85,1,307.68,7,307.67,5,307.66,5,307.65,6,307.64,4,307.63,5,307.62,4,307.61,3,308.96,1,308.97,5,308.98,6,309.07,3,309.09,1,309.1,1,309.18,1,309.44,2,309.45,3,309.46,3
2020-10-29 09:33:13,308.495,308.95,1,308.03,2,308.96,1,308.96,308.03,308.03,2,307.85,1,307.68,7,307.67,5,307.66,5,307.65,6,307.64,4,307.63,5,307.62,4,307.61,3,308.96,1,308.97,5,308.98,6,309.07,3,309.09,1,309.1,1,309.18,1,309.44,2,309.45,3,309.46,3
2020-10-29 09:33:14,308.495,308.95,1,308.03,2,308.96,1,308.96,308.03,308.03,2,307.85,1,307.68,7,307.67,5,307.66,5,307.65,6,307.64,4,307.63,5,307.62,4,307.61,3,308.96,1,308.97,5,308.98,6,309.07,3,309.09,1,309.1,1,309.18,1,309.44,2,309.45,3,309.46,3
2020-10-29 09:33:15,308.495,308.95,1,308.03,2,308.96,3,308.96,308.03,308.03,2,307.85,1,307.68,7,307.67,5,307.66,5,307.65,6,307.64,4,307.63,5,307.62,4,307.61,3,308.96,3,308.97,5,308.98,6,309.07,3,309.09,1,309.1,1,309.18,1,309.44,2,309.45,3,309.46,3
2020-10-29 09:33:16,308.495,308.95,1,308.03,2,308.96,3,308.96,308.03,308.03,2,307.85,1,307.68,7,307.67,5,307.66,5,307.65,6,307.64,4,307.63,5,307.62,4,307.61,3,308.96,3,308.97,5,308.98,6,309.07,3,309.09,1,309.1,1,309.18,1,309.44,2,309.45,3,309.46,3
2020-10-29 09:33:17,308.495,308.95,1,308.03,2,308.96,3,308.96,308.03,308.03,2,307.85,1,307.68,7,307.67,5,307.66,5,307.65,6,307.64,4,307.63,5,307.62,4,307.61,3,308.96,3,308.97,5,308.98,6,309.07,3,309.09,1,309.1,1,309.18,1,309.44,2,309.45,3,309.46,3
2020-10-29 09:33:18,308.495,308.95,1,308.03,2,308.96,3,308.96,308.03,308.03,2,307.85,1,307.68,7,307.67,5,307.66,5,307.65,6,307.64,4,307.63,5,307.62,4,307.61,3,308.96,3,308.97,5,308.98,6,309.07,3,309.09,1,309.1,1,309.18,1,309.44,2,309.45,3,309.46,3
2020-10-29 09:33:19,308.495,308.95,1,308.03,2,308.96,5,308.96,308.03,308.03,2,307.85,1,307.68,7,307.67,5,307.66,5,307.65,6,307.64,4,307.63,5,307.62,4,307.61,3,308.96,5,308.97,5,308.98,6,309.07,3,309.09,1,309.1,1,309.18,1,309.44,2,309.45,3,309.46,3
2020-10-29 09:33:20,308.495,308.95,1,308.03,2,308.96,5,308.96,308.03,308.03,2,307.85,1,307.68,7,307.67,5,307.66,5,307.65,6,307.64,4,307.63,5,307.62,4,307.61,3,308.96,5,308.97,5,308.98,6,309.07,3,309.09,1,309.1,1,309.18,1,309.44,2,309.45,3,309.46,3
2020-10-29 09:33:21,308.495,308.95,1,308.03,2,308.96,5,308.96,308.03,308.03,2,307.85,1,307.68,7,307.67,5,307.66,5,307.65,6,307.64,4,307.63,5,307.62,4,307.61,3,308.96,5,308.97,5,308.98,6,309.07,3,309.09,1,309.1,1,309.18,1,309.44,2,309.45,3,309.46,3
2020-10-29 09:33:22,308.495,308.95,1,308.03,2,308.96,5,308.96,308.03,308.03,2,307.85,1,307.68,7,307.67,5,307.66,5,307.65,6,307.64,4,307.63,5,307.62,4,307.61,3,308.96,5,308.97,5,308.98,6,309.07,3,309.09,1,309.1,1,309.18,1,309.44,2,309.45,3,309.46,3
2020-10-29 09:33:23,308.495,308.95,1,308.03,2,308.96,5,308.96,308.03,308.03,2,307.85,1,307.68,7,307.67,5,307.66,5,307.65,6,307.64,4,307.63,5,307.62,4,307.61,3,308.96,5,308.97,5,308.98,6,309.07,3,309.09,1,309.1,1,309.18,1,309.44,2,309.45,3,309.46,3
2020-10-29 09:33:24,308.495,308.95,1,308.03,2,308.96,5,308.96,308.03,308.03,2,307.85,1,307.68,7,307.67,5,307.66,5,307.65,6,307.64,4,307.63,5,307.62,4,307.61,3,308.96,5,308.97,5,308.98,6,309.07,3,309.09,1,309.1,1,309.18,1,309.44,2,309.45,3,309.46,3
2020-10-29 09:33:25,308.495,308.95,1,308.03,2,308.96,5,308.96,308.03,308.03,2,307.85,1,307.68,7,307.67,5,307.66,5,307.65,6,307.64,4,307.63,5,307.62,4,307.61,3,308.96,5,308.97,5,308.98,6,309.07,3,309.09,1,309.1,1,309.18,1,309.44,2,309.45,3,309.46,3
2020-10-29 09:33:26,308.495,308.95,1,308.03,2,308.96,5,308.96,308.03,308.03,2,307.85,1,307.68,7,307.67,5,307.66,5,307.65,6,307.64,4,307.63,5,307.62,4,307.61,3,308.96,5,308.97,5,308.98,6,309.07,3,309.09,1,309.1,1,309.18,1,309.44,2,309.45,3,309.46,3
2020-10-29 09:33:27,308.5,308.95,1,308.04,1,308.96,5,308.96,308.04,308.04,1,308.03,3,307.85,1,307.68,7,307.67,5,307.66,5,307.65,6,307.64,4,307.63,5,307.62,4,308.96,5,308.97,5,308.98,6,309.07,3,309.09,1,309.1,1,309.18,1,309.44,2,309.45,3,309.46,3
2020-10-29 09:33:28,308.52,308.5,1,308.09,1,308.95,1,308.95,308.09,308.09,1,308.08,1,308.04,1,308.03,3,307.85,1,307.68,7,307.67,5,307.66,5,307.65,6,307.64,4,308.95,1,308.96,6,308.97,5,308.98,6,309.07,3,309.09,1,309.1,1,309.18,1,309.44,2,309.45,3
2020-10-29 09:33:29,308.52,308.5,1,308.08,1,308.96,6,308.96,308.08,308.08,1,308.04,1,308.03,3,307.85,1,307.68,7,307.67,5,307.66,5,307.65,6,307.64,4,307.63,5,308.96,6,308.97,5,308.98,6,309.07,3,309.09,1,309.1,1,309.18,1,309.44,2,309.45,3,309.46,3
2020-10-29 09:33:30,308.525,308.5,1,308.09,2,308.96,5,308.96,308.09,308.09,2,308.08,1,308.04,1,308.03,3,307.85,1,307.68,7,307.67,5,307.66,5,307.65,6,307.64,4,308.96,5,308.97,5,308.98,6,309.07,3,309.09,1,309.1,1,309.18,1,309.44,2,309.45,3,309.46,3
2020-10-29 09:33:31,308.525,308.5,1,308.09,2,308.96,5,308.96,308.09,308.09,2,308.08,1,308.04,1,308.03,3,307.85,1,307.68,7,307.67,5,307.66,5,307.65,6,307.64,4,308.96,5,308.97,5,308.98,6,309.07,3,309.09,1,309.1,1,309.18,1,309.44,2,309.45,3,309.46,3
2020-10-29 09:33:32,308.525,308.5,1,308.09,2,308.96,6,308.96,308.09,308.09,2,308.08,1,308.04,1,308.03,3,307.85,1,307.68,7,307.67,5,307.66,5,307.65,6,307.64,4,308.96,6,308.97,5,308.98,6,309.07,3,309.09,1,309.1,1,309.18,1,309.44,2,309.45,3,309.46,3
2020-10-29 09:33:33,308.525,308.5,1,308.09,2,308.96,6,308.96,308.09,308.09,2,308.08,1,308.04,1,308.03,3,307.85,1,307.68,7,307.67,5,307.66,5,307.65,6,307.64,4,308.96,6,308.97,5,308.98,6,309.07,3,309.09,1,309.1,1,309.18,1,309.44,2,309.45,3,309.46,3
2020-10-29 09:33:34,308.53,308.5,1,308.1,2,308.96,6,308.96,308.1,308.1,2,308.09,2,308.08,1,308.04,1,308.03,3,307.85,1,307.68,7,307.67,5,307.66,5,307.65,6,308.96,6,308.97,5,308.98,6,309.07,3,309.09,1,309.1,1,309.18,1,309.44,2,309.45,3,309.46,3
2020-10-29 09:33:35,308.535,308.83,1,308.11,1,308.96,6,308.96,308.11,308.11,1,308.1,3,308.09,2,308.08,1,308.04,1,308.03,3,307.85,1,307.68,7,307.67,5,307.66,5,308.96,6,308.97,5,308.98,6,309.07,3,309.09,1,309.1,1,309.18,1,309.44,2,309.45,3,309.46,3
2020-10-29 09:33:36,308.535,308.83,1,308.11,1,308.96,5,308.96,308.11,308.11,1,308.1,3,308.09,2,308.08,1,308.04,1,308.03,3,307.85,1,307.68,7,307.67,5,307.66,5,308.96,5,308.97,5,308.98,6,309.07,3,309.09,1,309.1,1,309.18,1,309.44,2,309.45,3,309.46,3
2020-10-29 09:33:37,308.535,308.83,1,308.11,1,308.96,5,308.96,308.11,308.11,1,308.1,3,308.09,2,308.08,1,308.04,1,308.03,3,307.85,1,307.68,7,307.67,5,307.66,5,308.96,5,308.97,5,308.98,6,309.07,3,309.09,1,309.1,1,309.18,1,309.44,2,309.45,3,309.46,3
2020-10-29 09:33:38,308.535,308.83,1,308.12,1,308.95,1,308.95,308.12,308.12,1,308.11,1,308.1,3,308.09,2,308.08,1,308.04,1,308.03,3,307.85,1,307.68,7,307.67,5,308.95,1,308.96,5,308.97,5,308.98,6,309.07,3,309.09,1,309.1,1,309.18,1,309.44,2,309.45,3
2020-10-29 09:33:39,308.53,308.83,1,308.11,1,308.95,1,308.95,308.11,308.11,1,308.1,3,308.09,2,308.08,1,308.04,1,308.03,3,307.85,1,307.68,7,307.67,5,307.66,5,308.95,1,308.96,5,308.97,5,308.98,6,309.07,3,309.09,1,309.1,1,309.18,1,309.44,2,309.45,3
2020-10-29 09:33:40,308.53,308.83,1,308.11,1,308.95,1,308.95,308.11,308.11,1,308.1,3,308.09,2,308.08,1,308.04,1,308.03,3,307.85,1,307.68,7,307.67,5,307.66,5,308.95,1,308.96,5,308.97,5,308.98,6,309.07,3,309.09,1,309.1,1,309.18,1,309.44,2,309.45,3
2020-10-29 09:33:41,308.53,308.83,1,308.11,1,308.95,1,308.95,308.11,308.11,1,308.1,3,308.09,2,308.08,1,308.04,1,308.03,3,307.85,1,307.68,7,307.67,5,307.66,5,308.95,1,308.96,5,308.97,5,308.98,6,309.07,3,309.09,1,309.1,1,309.18,1,309.44,2,309.45,3
2020-10-29 09:33:42,308.53,308.83,1,308.11,1,308.95,1,308.95,308.11,308.11,1,308.1,3,308.09,2,308.08,1,308.04,1,308.03,3,307.85,1,307.68,7,307.67,5,307.66,5,308.95,1,308.96,5,308.97,5,308.98,6,309.07,3,309.09,1,309.1,1,309.18,1,309.44,2,309.45,3
2020-10-29 09:33:43,308.53,308.83,1,308.11,1,308.95,1,308.95,308.11,308.11,1,308.1,3,308.09,2,308.08,1,308.04,1,308.03,3,307.85,1,307.68,7,307.67,5,307.66,5,308.95,1,308.96,5,308.97,5,308.98,6,309.07,3,309.09,1,309.1,1,309.18,1,309.44,2,309.45,3
2020-10-29 09:33:45,308.53,308.83,1,308.11,1,308.95,1,308.95,308.11,308.11,1,308.1,3,308.09,2,308.08,1,308.04,1,308.03,3,307.85,1,307.68,7,307.67,5,307.66,5,308.95,1,308.96,5,308.97,5,308.98,6,309.07,3,309.09,1,309.1,1,309.18,1,309.44,2,309.45,3
2020-10-29 09:33:45,308.535,308.83,1,308.11,1,308.96,5,308.96,308.11,308.11,1,308.1,3,308.09,2,308.08,1,308.04,1,308.03,3,307.85,1,307.68,7,307.67,5,307.66,5,308.96,5,308.97,5,308.98,6,309.07,3,309.09,1,309.1,1,309.18,1,309.44,2,309.45,3,309.46,3
2020-10-29 09:33:46,308.54,308.88,1,308.12,5,308.96,5,308.96,308.12,308.12,5,308.11,1,308.1,3,308.09,2,308.08,1,308.04,1,308.03,3,307.85,1,307.68,7,307.67,5,308.96,5,308.97,5,308.98,6,309.07,3,309.09,1,309.1,1,309.18,1,309.44,2,309.45,3,309.46,3
2020-10-29 09:33:47,308.54,308.88,1,308.12,5,308.96,5,308.96,308.12,308.12,5,308.11,1,308.1,3,308.09,2,308.08,1,308.04,1,308.03,3,307.85,1,307.68,7,307.67,5,308.96,5,308.97,5,308.98,6,309.07,3,309.09,1,309.1,1,309.18,1,309.44,2,309.45,3,309.46,3
2020-10-29 09:33:48,308.54,308.88,1,308.12,5,308.96,5,308.96,308.12,308.12,5,308.11,1,308.1,3,308.09,2,308.08,1,308.04,1,308.03,3,307.85,1,307.68,7,307.67,5,308.96,5,308.97,5,308.98,6,309.07,3,309.09,1,309.1,1,309.18,1,309.44,2,309.45,3,309.46,3
2020-10-29 09:33:49,308.555,308.88,1,308.15,1,308.96,5,308.96,308.15,308.15,1,308.14,2,308.13,1,308.12,5,308.11,1,308.1,3,308.09,2,308.08,1,308.04,1,308.03,3,308.96,5,308.97,5,308.98,6,309.07,3,309.09,1,309.1,1,309.18,1,309.44,2,309.45,3,309.46,3
2020-10-29 09:33:50,308.56,308.88,1,308.16,1,308.96,5,308.96,308.16,308.16,1,308.15,1,308.14,2,308.13,1,308.12,5,308.11,1,308.1,3,308.09,2,308.08,1,308.04,1,308.96,5,308.97,5,308.98,6,309.07,3,309.09,1,309.1,1,309.18,1,309.44,2,309.45,3,309.46,3
2020-10-29 09:33:51,308.57,308.88,1,308.18,1,308.96,5,308.96,308.18,308.18,1,308.17,1,308.16,2,308.15,1,308.14,2,308.13,1,308.12,5,308.11,1,308.1,3,308.09,2,308.96,5,308.97,5,308.98,6,309.07,3,309.09,1,309.1,1,309.18,1,309.44,2,309.45,3,309.46,3
2020-10-29 09:33:52,308.565,308.88,1,308.17,1,308.96,5,308.96,308.17,308.17,1,308.16,2,308.15,1,308.14,2,308.13,1,308.12,5,308.11,1,308.1,3,308.09,2,308.08,1,308.96,5,308.97,5,308.98,6,309.07,3,309.09,1,309.1,1,309.18,1,309.44,2,309.45,3,309.46,3
2020-10-29 09:33:53,308.57,308.88,1,308.18,1,308.96,5,308.96,308.18,308.18,1,308.17,2,308.16,2,308.15,1,308.14,2,308.13,1,308.12,5,308.11,1,308.1,3,308.09,2,308.96,5,308.97,5,308.98,6,309.07,3,309.09,1,309.1,1,309.18,1,309.44,2,309.45,3,309.46,3
2020-10-29 09:33:54,308.575,308.88,1,308.19,1,308.96,5,308.96,308.19,308.19,1,308.18,2,308.17,2,308.16,2,308.15,1,308.14,2,308.13,1,308.12,5,308.11,1,308.1,3,308.96,5,308.97,5,308.98,6,309.07,3,309.09,1,309.1,1,309.18,1,309.44,2,309.45,3,309.46,3
2020-10-29 09:33:55,308.58,308.88,1,308.2,1,308.96,5,308.96,308.2,308.2,1,308.19,2,308.18,2,308.17,2,308.16,2,308.15,1,308.14,2,308.13,1,308.12,5,308.11,1,308.96,5,308.97,5,308.98,6,309.07,3,309.09,1,309.1,1,309.18,1,309.44,2,309.45,3,309.46,3
2020-10-29 09:33:56,308.585,308.88,1,308.21,3,308.96,5,308.96,308.21,308.21,3,308.2,2,308.19,2,308.18,2,308.17,2,308.16,2,308.15,1,308.14,2,308.13,1,308.12,5,308.96,5,308.97,5,308.98,6,309.07,3,309.09,1,309.1,1,309.18,1,309.44,2,309.45,3,309.46,3
2020-10-29 09:33:57,308.59,308.88,1,308.22,1,308.96,5,308.96,308.22,308.22,1,308.21,3,308.2,2,308.19,2,308.18,2,308.17,2,308.16,2,308.15,1,308.14,2,308.13,1,308.96,5,308.97,5,308.98,6,309.07,3,309.09,1,309.1,1,309.18,1,309.44,2,309.45,3,309.46,3
2020-10-29 09:33:58,308.59,308.88,1,308.22,1,308.96,5,308.96,308.22,308.22,1,308.21,3,308.2,2,308.19,2,308.18,2,308.17,2,308.16,2,308.15,1,308.14,2,308.13,1,308.96,5,308.97,5,308.98,6,309.07,3,309.09,1,309.1,1,309.18,1,309.44,2,309.45,3,309.46,3
2020-10-29 09:33:59,308.595,308.88,1,308.23,3,308.96,5,308.96,308.23,308.23,3,308.22,2,308.21,3,308.2,2,308.19,2,308.18,2,308.17,2,308.16,2,308.15,1,308.14,2,308.96,5,308.97,5,308.98,6,309.07,3,309.09,1,309.1,1,309.18,1,309.44,2,309.45,3,309.46,3
2020-10-29 09:34:00,308.6,308.88,1,308.24,1,308.96,5,308.96,308.24,308.24,1,308.23,3,308.22,2,308.21,3,308.2,2,308.19,2,308.18,2,308.17,2,308.16,2,308.15,1,308.96,5,308.97,5,308.98,6,309.07,3,309.09,1,309.1,1,309.18,1,309.44,2,309.45,3,309.46,3
2020-10-29 09:34:01,308.6,308.88,1,308.25,1,308.95,1,308.95,308.25,308.25,1,308.24,2,308.23,3,308.22,2,308.21,3,308.2,2,308.19,2,308.18,2,308.17,2,308.16,2,308.95,1,308.96,5,308.97,5,308.98,6,309.07,3,309.09,1,309.1,1,309.18,1,309.44,2,309.45,3
2020-10-29 09:34:02,308.6,308.88,1,308.25,1,308.95,1,308.95,308.25,308.25,1,308.22,2,308.21,3,308.2,2,308.19,2,308.18,2,308.17,2,308.16,2,308.15,1,308.14,2,308.95,1,308.96,5,308.97,5,308.98,6,309.07,3,309.09,1,309.1,1,309.18,1,309.44,2,309.45,3
2020-10-29 09:34:03,308.605,308.88,1,308.26,1,308.95,1,308.95,308.26,308.26,1,308.25,2,308.22,2,308.21,3,308.2,2,308.19,2,308.18,2,308.17,2,308.16,2,308.15,1,308.95,1,308.96,5,308.97,5,308.98,6,309.07,3,309.09,1,309.1,1,309.18,1,309.44,2,309.45,3
2020-10-29 09:34:04,308.605,308.88,1,308.26,1,308.95,1,308.95,308.26,308.26,1,308.25,2,308.22,2,308.21,3,308.2,2,308.19,2,308.18,2,308.17,2,308.16,2,308.15,1,308.95,1,308.96,5,308.97,5,308.98,6,309.07,3,309.09,1,309.1,1,309.18,1,309.44,2,309.45,3
2020-10-29 09:34:05,308.605,308.88,1,308.26,1,308.95,1,308.95,308.26,308.26,1,308.25,2,308.22,2,308.21,3,308.2,2,308.19,2,308.18,2,308.17,2,308.16,2,308.15,1,308.95,1,308.96,5,308.97,5,308.98,6,309.07,3,309.09,1,309.1,1,309.18,1,309.44,2,309.45,3
2020-10-29 09:34:06,308.605,308.88,1,308.26,2,308.95,3,308.95,308.26,308.26,2,308.25,2,308.22,2,308.21,3,308.2,2,308.19,2,308.18,2,308.17,2,308.16,2,308.15,1,308.95,3,308.96,5,308.97,5,308.98,6,309.07,3,309.09,1,309.1,1,309.18,1,309.44,2,309.45,3
2020-10-29 09:34:07,308.61,308.88,1,308.27,1,308.95,3,308.95,308.27,308.27,1,308.26,2,308.25,2,308.22,2,308.21,3,308.2,2,308.19,2,308.18,2,308.17,2,308.16,2,308.95,3,308.96,5,308.97,5,308.98,6,309.07,3,309.09,1,309.1,1,309.18,1,309.44,2,309.45,3
2020-10-29 09:34:08,308.605,308.88,1,308.26,2,308.95,5,308.95,308.26,308.26,2,308.25,2,308.22,2,308.21,3,308.2,2,308.19,2,308.18,2,308.17,2,308.16,2,308.15,1,308.95,5,308.96,5,308.97,5,308.98,6,309.07,3,309.09,1,309.1,1,309.18,1,309.44,2,309.45,3
2020-10-29 09:34:09,308.605,308.94,1,308.26,3,308.95,4,308.95,308.26,308.26,3,308.25,2,308.22,2,308.21,3,308.2,2,308.19,2,308.18,2,308.17,2,308.16,2,308.15,1,308.95,4,308.96,5,308.97,5,308.98,6,309.07,3,309.09,1,309.1,1,309.18,1,309.44,2,309.45,3
2020-10-29 09:34:10,308.61,308.31,2,308.26,3,308.96,6,308.96,308.26,308.26,3,308.25,2,308.22,2,308.21,3,308.2,2,308.19,2,308.18,2,308.17,2,308.16,2,308.15,1,308.96,6,308.97,5,308.98,6,309.07,3,309.09,1,309.1,1,309.18,1,309.44,2,309.45,3,309.46,3
2020-10-29 09:34:11,308.44,308.44,1,308.03,3,308.85,3,308.85,308.03,308.03,3,307.85,1,307.68,7,307.67,5,307.66,5,307.65,6,307.64,4,307.63,5,307.62,4,307.61,3,308.85,3,308.86,1,308.96,6,308.97,5,308.98,6,309.07,3,309.09,1,309.1,1,309.18,1,309.44,2
2020-10-29 09:34:12,308.44,308.44,1,308.03,3,308.85,3,308.85,308.03,308.03,3,307.85,1,307.68,7,307.67,5,307.66,5,307.65,6,307.64,4,307.63,5,307.62,4,307.61,3,308.85,3,308.86,1,308.96,6,308.97,5,308.98,6,309.07,3,309.09,1,309.1,1,309.18,1,309.44,2
2020-10-29 09:34:13,308.445,308.44,1,308.04,1,308.85,4,308.85,308.04,308.04,1,308.03,3,307.85,1,307.68,7,307.67,5,307.66,5,307.65,6,307.64,4,307.63,5,307.62,4,308.85,4,308.86,1,308.96,6,308.97,5,308.98,6,309.07,3,309.09,1,309.1,1,309.18,1,309.44,2
2020-10-29 09:34:14,308.08,307.88,1,307.71,1,308.45,1,308.45,307.71,307.71,1,307.68,7,307.67,5,307.66,5,307.65,6,307.64,4,307.63,5,307.62,4,307.61,3,307.6,4,308.45,1,308.66,1,308.85,4,308.86,1,308.96,6,308.97,5,308.98,6,309.07,3,309.09,1,309.1,1
2020-10-29 09:34:15,308.08,307.88,1,307.71,2,308.45,1,308.45,307.71,307.71,2,307.68,7,307.67,5,307.66,5,307.65,6,307.64,4,307.63,5,307.62,4,307.61,3,307.6,4,308.45,1,308.66,1,308.85,4,308.86,1,308.96,6,308.97,5,308.98,6,309.07,3,309.09,1,309.1,1
2020-10-29 09:34:16,308.08,307.88,1,307.71,2,308.45,1,308.45,307.71,307.71,2,307.68,7,307.67,5,307.66,5,307.65,6,307.64,4,307.63,5,307.62,4,307.61,3,307.6,4,308.45,1,308.66,1,308.85,4,308.86,1,308.96,6,308.97,5,308.98,6,309.07,3,309.09,1,309.1,1
2020-10-29 09:34:17,308.08,307.88,1,307.71,2,308.45,1,308.45,307.71,307.71,2,307.68,7,307.67,5,307.66,5,307.65,6,307.64,4,307.63,5,307.62,4,307.61,3,307.6,4,308.45,1,308.66,1,308.85,4,308.86,1,308.96,6,308.97,5,308.98,6,309.07,3,309.09,1,309.1,1
2020-10-29 09:34:18,308.08,307.88,1,307.71,2,308.45,1,308.45,307.71,307.71,2,307.68,7,307.67,5,307.66,5,307.65,6,307.64,4,307.63,5,307.62,4,307.61,3,307.6,4,308.45,1,308.66,1,308.85,4,308.86,1,308.96,6,308.97,5,308.98,6,309.07,3,309.09,1,309.1,1
2020-10-29 09:34:19,308.08,307.88,1,307.71,2,308.45,1,308.45,307.71,307.71,2,307.68,7,307.67,5,307.66,5,307.65,6,307.64,4,307.63,5,307.62,4,307.61,3,307.6,4,308.45,1,308.66,1,308.85,4,308.86,1,308.96,6,308.97,5,308.98,6,309.07,3,309.09,1,309.1,1
2020-10-29 09:34:20,308.08,307.88,1,307.71,2,308.45,1,308.45,307.71,307.71,2,307.68,7,307.67,5,307.66,5,307.65,6,307.64,4,307.63,5,307.62,4,307.61,3,307.6,4,308.45,1,308.66,1,308.85,4,308.86,1,308.96,6,308.97,5,308.98,6,309.07,3,309.09,1,309.1,1
2020-10-29 09:34:21,307.925,307.71,1,307.51,1,308.34,2,308.34,307.51,307.51,1,307.23,4,307.22,7,307.21,2,307.2,5,307.19,3,307.05,1,306.95,5,306.94,5,306.93,5,308.34,2,308.45,1,308.66,1,308.85,4,308.86,1,308.96,6,308.97,5,308.98,6,309.07,3,309.09,1
2020-10-29 09:34:22,307.925,307.71,1,307.51,1,308.34,2,308.34,307.51,307.51,1,307.23,4,307.22,7,307.21,2,307.2,5,307.19,3,307.05,1,306.95,5,306.94,5,306.93,5,308.34,2,308.45,1,308.66,1,308.85,4,308.86,1,308.96,6,308.97,5,308.98,6,309.07,3,309.09,1
2020-10-29 09:34:23,307.925,307.71,1,307.51,1,308.34,2,308.34,307.51,307.51,1,307.23,4,307.22,7,307.21,2,307.2,5,307.19,3,307.05,1,306.95,5,306.94,5,306.93,5,308.34,2,308.45,1,308.66,1,308.85,4,308.86,1,308.96,6,308.97,5,308.98,6,309.07,3,309.09,1
2020-10-29 09:34:24,307.925,307.71,1,307.51,1,308.34,2,308.34,307.51,307.51,1,307.23,4,307.22,7,307.21,2,307.2,5,307.19,3,307.05,1,306.95,5,306.94,5,306.93,5,308.34,2,308.45,1,308.66,1,308.85,4,308.86,1,308.96,6,308.97,5,308.98,6,309.07,3,309.09,1
2020-10-29 09:34:25,307.925,307.71,1,307.51,1,308.34,2,308.34,307.51,307.51,1,307.23,4,307.22,7,307.21,2,307.2,5,307.19,3,307.05,1,306.95,5,306.94,5,306.93,5,308.34,2,308.45,1,308.66,1,308.85,4,308.86,1,308.96,6,308.97,5,308.98,6,309.07,3,309.09,1
2020-10-29 09:34:26,307.925,307.71,1,307.51,1,308.34,4,308.34,307.51,307.51,1,307.23,4,307.22,7,307.21,2,307.2,5,307.19,3,307.05,1,306.95,5,306.94,5,306.93,5,308.34,4,308.45,1,308.66,1,308.85,4,308.86,1,308.96,6,308.97,5,308.98,6,309.07,3,309.09,1
2020-10-29 09:34:27,307.93,307.71,1,307.52,1,308.34,4,308.34,307.52,307.52,1,307.51,1,307.23,4,307.22,7,307.21,2,307.2,5,307.19,3,307.05,1,306.95,5,306.94,5,308.34,4,308.45,1,308.66,1,308.85,4,308.86,1,308.96,6,308.97,5,308.98,6,309.07,3,309.09,1
2020-10-29 09:34:28,307.93,308.34,1,307.52,1,308.34,4,308.34,307.52,307.52,1,307.51,1,307.23,4,307.22,7,307.21,2,307.2,5,307.19,3,307.05,1,306.95,5,306.94,5,308.34,4,308.45,1,308.66,1,308.85,4,308.86,1,308.96,6,308.97,5,308.98,6,309.07,3,309.09,1
2020-10-29 09:34:29,308.025,308.34,1,307.71,1,308.34,5,308.34,307.71,307.71,1,307.52,1,307.51,1,307.23,4,307.22,7,307.21,2,307.2,5,307.19,3,307.05,1,306.95,5,308.34,5,308.45,1,308.66,1,308.85,4,308.86,1,308.96,6,308.97,5,308.98,6,309.07,3,309.09,1
2020-10-29 09:34:30,308.025,307.79,1,307.71,1,308.34,5,308.34,307.71,307.71,1,307.52,1,307.51,1,307.23,4,307.22,7,307.21,2,307.2,5,307.19,3,307.05,1,306.95,5,308.34,5,308.45,1,308.66,1,308.85,4,308.86,1,308.96,6,308.97,5,308.98,6,309.07,3,309.09,1
2020-10-29 09:34:31,308.025,307.75,1,307.71,1,308.34,5,308.34,307.71,307.71,1,307.52,1,307.51,1,307.23,4,307.22,7,307.21,2,307.2,5,307.19,3,307.05,1,306.95,5,308.34,5,308.45,1,308.66,1,308.85,4,308.86,1,308.96,6,308.97,5,308.98,6,309.07,3,309.09,1
2020-10-29 09:34:32,308.035,307.75,1,307.71,1,308.36,1,308.36,307.71,307.71,1,307.52,1,307.51,1,307.23,4,307.22,7,307.21,2,307.2,5,307.19,3,307.05,1,306.95,5,308.36,1,308.45,1,308.66,1,308.85,4,308.86,1,308.96,6,308.97,5,308.98,6,309.07,3,309.09,1
2020-10-29 09:34:33,308.035,307.75,1,307.71,1,308.36,1,308.36,307.71,307.71,1,307.52,1,307.51,1,307.23,4,307.22,7,307.21,2,307.2,5,307.19,3,307.05,1,306.95,5,308.36,1,308.45,1,308.66,1,308.85,4,308.86,1,308.96,6,308.97,5,308.98,6,309.07,3,309.09,1
2020-10-29 09:34:34,308.035,307.75,1,307.71,1,308.36,1,308.36,307.71,307.71,1,307.52,1,307.51,1,307.23,4,307.22,7,307.21,2,307.2,5,307.19,3,307.05,1,306.95,5,308.36,1,308.45,1,308.66,1,308.85,4,308.86,1,308.96,6,308.97,5,308.98,6,309.07,3,309.09,1
2020-10-29 09:34:35,308.035,307.75,1,307.71,1,308.36,1,308.36,307.71,307.71,1,307.52,1,307.51,1,307.23,4,307.22,7,307.21,2,307.2,5,307.19,3,307.05,1,306.95,5,308.36,1,308.45,1,308.66,1,308.85,4,308.86,1,308.96,6,308.97,5,308.98,6,309.07,3,309.09,1
2020-10-29 09:34:36,308.035,307.75,1,307.71,1,308.36,1,308.36,307.71,307.71,1,307.52,1,307.51,1,307.23,4,307.22,7,307.21,2,307.2,5,307.19,3,307.05,1,306.95,5,308.36,1,308.45,1,308.66,1,308.85,4,308.86,1,308.96,6,308.97,5,308.98,6,309.07,3,309.09,1
2020-10-29 09:34:37,308.0,307.71,1,307.66,1,308.34,1,308.34,307.66,307.66,1,307.52,1,307.51,1,307.23,4,307.22,7,307.21,2,307.2,5,307.19,3,307.05,1,306.95,5,308.34,1,308.36,1,308.45,1,308.66,1,308.85,4,308.86,1,308.96,6,308.97,5,308.98,6,309.07,3
2020-10-29 09:34:38,308.0,307.71,1,307.66,1,308.34,1,308.34,307.66,307.66,1,307.52,1,307.51,1,307.23,4,307.22,7,307.21,2,307.2,5,307.19,3,307.05,1,306.95,5,308.34,1,308.36,1,308.45,1,308.66,1,308.85,4,308.86,1,308.96,6,308.97,5,308.98,6,309.07,3
2020-10-29 09:34:39,308.0,307.71,1,307.66,1,308.34,1,308.34,307.66,307.66,1,307.52,1,307.51,1,307.23,4,307.22,7,307.21,2,307.2,5,307.19,3,307.05,1,306.95,5,308.34,1,308.36,1,308.45,1,308.66,1,308.85,4,308.86,1,308.96,6,308.97,5,308.98,6,309.07,3
2020-10-29 09:34:40,307.615,307.52,1,307.34,1,307.89,1,307.89,307.34,307.34,1,307.31,1,307.3,1,307.23,4,307.22,7,307.21,2,307.2,5,307.19,3,307.05,1,306.95,5,307.89,1,308.06,1,308.26,3,308.27,3,308.34,1,308.36,1,308.45,1,308.66,1,308.85,4,308.86,1
2020-10-29 09:34:41,307.755,307.99,1,307.34,1,308.17,3,308.17,307.34,307.34,1,307.31,1,307.3,1,307.23,4,307.22,7,307.21,2,307.2,5,307.19,3,307.05,1,306.95,5,308.17,3,308.18,3,308.3,1,308.34,1,308.36,1,308.45,1,308.66,1,308.85,4,308.86,1,308.96,6
2020-10-29 09:34:42,307.76,307.99,1,307.35,1,308.17,5,308.17,307.35,307.35,1,307.34,1,307.31,1,307.3,1,307.23,4,307.22,7,307.21,2,307.2,5,307.19,3,307.05,1,308.17,5,308.18,3,308.3,1,308.34,1,308.36,1,308.45,1,308.66,1,308.85,4,308.86,1,308.96,6
2020-10-29 09:34:43,307.76,307.99,1,307.35,1,308.17,5,308.17,307.35,307.35,1,307.34,1,307.31,1,307.3,1,307.23,4,307.22,7,307.21,2,307.2,5,307.19,3,307.05,1,308.17,5,308.18,3,308.3,1,308.34,1,308.36,1,308.45,1,308.66,1,308.85,4,308.86,1,308.96,6
2020-10-29 09:34:44,307.76,307.99,1,307.35,2,308.17,5,308.17,307.35,307.35,2,307.34,1,307.31,1,307.3,1,307.23,4,307.22,7,307.21,2,307.2,5,307.19,3,307.05,1,308.17,5,308.18,3,308.3,1,308.34,1,308.36,1,308.45,1,308.66,1,308.85,4,308.86,1,308.96,6
2020-10-29 09:34:45,307.76,307.76,1,307.35,2,308.17,5,308.17,307.35,307.35,2,307.34,1,307.31,1,307.3,1,307.23,4,307.22,7,307.21,2,307.2,5,307.19,3,307.05,1,308.17,5,308.18,3,308.3,1,308.34,1,308.36,1,308.45,1,308.66,1,308.85,4,308.86,1,308.96,6
2020-10-29 09:34:46,307.76,307.76,1,307.35,2,308.17,5,308.17,307.35,307.35,2,307.34,1,307.31,1,307.3,1,307.23,4,307.22,7,307.21,2,307.2,5,307.19,3,307.05,1,308.17,5,308.18,3,308.3,1,308.34,1,308.36,1,308.45,1,308.66,1,308.85,4,308.86,1,308.96,6
2020-10-29 09:34:47,307.76,307.76,1,307.35,2,308.17,5,308.17,307.35,307.35,2,307.34,1,307.31,1,307.3,1,307.23,4,307.22,7,307.21,2,307.2,5,307.19,3,307.05,1,308.17,5,308.18,3,308.3,1,308.34,1,308.36,1,308.45,1,308.66,1,308.85,4,308.86,1,308.96,6
2020-10-29 09:34:48,307.76,307.76,1,307.35,2,308.17,5,308.17,307.35,307.35,2,307.34,1,307.31,1,307.3,1,307.23,4,307.22,7,307.21,2,307.2,5,307.19,3,307.05,1,308.17,5,308.18,3,308.3,1,308.34,1,308.36,1,308.45,1,308.66,1,308.85,4,308.86,1,308.96,6
2020-10-29 09:34:49,307.76,307.76,1,307.35,2,308.17,5,308.17,307.35,307.35,2,307.34,1,307.31,1,307.3,1,307.23,4,307.22,7,307.21,2,307.2,5,307.19,3,307.05,1,308.17,5,308.18,3,308.3,1,308.34,1,308.36,1,308.45,1,308.66,1,308.85,4,308.86,1,308.96,6
2020-10-29 09:34:50,307.76,307.76,1,307.35,2,308.17,5,308.17,307.35,307.35,2,307.34,1,307.31,1,307.3,1,307.23,4,307.22,7,307.21,2,307.2,5,307.19,3,307.05,1,308.17,5,308.18,3,308.3,1,308.34,1,308.36,1,308.45,1,308.66,1,308.85,4,308.86,1,308.96,6
2020-10-29 09:34:51,307.76,307.76,1,307.35,3,308.17,5,308.17,307.35,307.35,3,307.34,1,307.31,1,307.3,1,307.23,4,307.22,7,307.21,2,307.2,5,307.19,3,307.05,1,308.17,5,308.18,3,308.3,1,308.34,1,308.36,1,308.45,1,308.66,1,308.85,4,308.86,1,308.96,6
2020-10-29 09:34:52,307.76,307.76,1,307.35,3,308.17,5,308.17,307.35,307.35,3,307.34,1,307.31,1,307.3,1,307.23,4,307.22,7,307.21,2,307.2,5,307.19,3,307.05,1,308.17,5,308.18,3,308.3,1,308.34,1,308.36,1,308.45,1,308.66,1,308.85,4,308.86,1,308.96,6
2020-10-29 09:34:53,307.76,307.91,1,307.35,3,308.17,5,308.17,307.35,307.35,3,307.34,1,307.31,1,307.3,1,307.23,4,307.22,7,307.21,2,307.2,5,307.19,3,307.05,1,308.17,5,308.18,3,308.3,1,308.34,1,308.36,1,308.45,1,308.66,1,308.85,4,308.86,1,308.96,6
2020-10-29 09:34:54,307.76,307.91,1,307.35,3,308.17,5,308.17,307.35,307.35,3,307.34,1,307.31,1,307.3,1,307.23,4,307.22,7,307.21,2,307.2,5,307.19,3,307.05,1,308.17,5,308.18,3,308.3,1,308.34,1,308.36,1,308.45,1,308.66,1,308.85,4,308.86,1,308.96,6
2020-10-29 09:34:55,307.75,307.91,1,307.35,3,308.15,2,308.15,307.35,307.35,3,307.34,1,307.31,1,307.3,1,307.23,4,307.22,7,307.21,2,307.2,5,307.19,3,307.05,1,308.15,2,308.16,1,308.17,7,308.18,3,308.3,1,308.34,1,308.36,1,308.45,1,308.66,1,308.85,4
2020-10-29 09:34:56,307.605,307.39,1,307.2,1,308.01,1,308.01,307.2,307.2,1,307.19,5,307.05,1,306.95,5,306.94,5,306.93,5,306.92,3,306.91,7,306.9,4,306.89,6,308.01,1,308.02,1,308.03,1,308.14,3,308.15,4,308.16,1,308.17,7,308.18,3,308.3,1,308.34,1
2020-10-29 09:34:57,307.425,307.39,1,307.06,1,307.79,4,307.79,307.06,307.06,1,307.04,1,306.95,5,306.94,5,306.93,5,306.92,3,306.91,7,306.9,4,306.89,6,306.8,1,307.79,4,307.94,4,307.95,4,307.96,1,308.01,2,308.02,1,308.03,1,308.14,3,308.15,4,308.16,1
2020-10-29 09:34:58,307.41,307.39,1,307.04,1,307.78,4,307.78,307.04,307.04,1,306.9,5,306.89,6,306.8,1,306.79,5,306.75,1,306.72,1,306.71,4,306.66,1,306.04,2,307.78,4,307.79,5,307.94,4,307.95,4,307.96,1,308.01,2,308.02,1,308.03,1,308.14,3,308.15,4
2020-10-29 09:34:59,307.41,307.39,1,307.04,1,307.78,4,307.78,307.04,307.04,1,306.9,5,306.89,6,306.8,1,306.79,5,306.75,1,306.72,1,306.71,4,306.66,1,306.04,2,307.78,4,307.79,5,307.94,4,307.95,4,307.96,1,308.01,2,308.02,1,308.03,1,308.14,3,308.15,4
2020-10-29 09:35:00,307.41,307.39,1,307.04,2,307.78,5,307.78,307.04,307.04,2,306.9,5,306.89,6,306.8,1,306.79,5,306.75,1,306.72,1,306.71,4,306.66,1,306.04,2,307.78,5,307.79,5,307.94,4,307.95,4,307.96,1,308.01,2,308.02,1,308.03,1,308.14,3,308.15,4
2020-10-29 09:35:01,307.41,307.39,1,307.04,2,307.78,5,307.78,307.04,307.04,2,306.9,5,306.89,6,306.8,1,306.79,5,306.75,1,306.72,1,306.71,4,306.66,1,306.04,2,307.78,5,307.79,5,307.94,4,307.95,4,307.96,1,308.01,2,308.02,1,308.03,1,308.14,3,308.15,4
2020-10-29 09:35:02,307.41,307.39,1,307.04,2,307.78,5,307.78,307.04,307.04,2,306.9,5,306.89,6,306.8,1,306.79,5,306.75,1,306.72,1,306.71,4,306.66,1,306.04,2,307.78,5,307.79,5,307.94,4,307.95,4,307.96,1,308.01,2,308.02,1,308.03,1,308.14,3,308.15,4
2020-10-29 09:35:03,307.435,307.78,1,307.09,1,307.78,5,307.78,307.09,307.09,1,307.07,1,307.06,2,307.05,6,307.04,2,306.9,5,306.89,6,306.8,1,306.79,5,306.75,1,307.78,5,307.79,5,307.94,4,307.95,4,307.96,1,308.01,2,308.02,1,308.03,1,308.14,3,308.15,4
2020-10-29 09:35:04,307.51,307.78,1,307.19,1,307.83,1,307.83,307.19,307.19,1,307.18,1,307.16,1,307.14,1,307.12,1,307.1,2,307.09,1,307.07,1,307.06,2,307.05,6,307.83,1,307.93,1,307.94,4,307.95,4,307.96,1,308.01,2,308.02,1,308.03,1,308.14,3,308.15,4
2020-10-29 09:35:05,307.595,307.78,1,307.33,5,307.86,2,307.86,307.33,307.33,5,307.19,2,307.18,1,307.16,1,307.14,1,307.12,1,307.1,2,307.09,1,307.07,1,307.06,2,307.86,2,307.93,1,307.94,4,307.95,4,307.96,1,308.01,2,308.02,1,308.03,1,308.14,3,308.15,4
2020-10-29 09:35:06,307.595,307.41,1,307.33,6,307.86,4,307.86,307.33,307.33,6,307.19,2,307.18,1,307.16,1,307.14,1,307.12,1,307.1,2,307.09,1,307.07,1,307.06,2,307.86,4,307.93,1,307.94,4,307.95,4,307.96,1,308.01,2,308.02,1,308.03,1,308.14,3,308.15,4
2020-10-29 09:35:07,307.595,307.41,1,307.33,5,307.86,4,307.86,307.33,307.33,5,307.19,2,307.18,1,307.16,1,307.14,1,307.12,1,307.1,2,307.09,1,307.07,1,307.06,2,307.86,4,307.93,1,307.94,4,307.95,4,307.96,1,308.01,2,308.02,1,308.03,1,308.14,3,308.15,4
2020-10-29 09:35:08,307.8,307.78,1,307.57,1,308.03,2,308.03,307.57,307.57,1,307.5,1,307.49,1,307.36,1,307.35,1,307.33,8,307.19,2,307.18,1,307.16,1,307.14,1,308.03,2,308.14,3,308.15,4,308.16,1,308.17,7,308.18,3,308.3,1,308.34,1,308.36,1,308.45,1
2020-10-29 09:35:09,307.81,307.59,1,307.59,2,308.03,2,308.03,307.59,307.59,2,307.57,1,307.5,1,307.49,1,307.36,1,307.35,1,307.33,8,307.19,2,307.18,1,307.16,1,308.03,2,308.14,3,308.15,4,308.16,1,308.17,7,308.18,3,308.3,1,308.34,1,308.36,1,308.45,1
2020-10-29 09:35:10,307.82,307.59,1,307.61,3,308.03,2,308.03,307.61,307.61,3,307.59,2,307.57,1,307.5,1,307.49,1,307.36,1,307.35,1,307.33,8,307.19,2,307.18,1,308.03,2,308.14,3,308.15,4,308.16,1,308.17,7,308.18,3,308.3,1,308.34,1,308.36,1,308.45,1
2020-10-29 09:35:11,307.93,307.59,1,307.69,2,308.17,6,308.17,307.69,307.69,2,307.65,1,307.63,1,307.61,3,307.59,2,307.57,1,307.5,1,307.49,1,307.36,1,307.35,1,308.17,6,308.18,3,308.3,1,308.34,1,308.36,1,308.45,1,308.66,1,308.85,4,308.86,1,308.96,6
2020-10-29 09:35:12,307.585,307.81,1,307.22,2,307.95,1,307.95,307.22,307.22,2,307.19,2,307.18,1,307.16,1,307.14,1,307.12,1,307.1,2,307.09,1,307.07,1,307.06,2,307.95,1,308.02,1,308.17,6,308.18,3,308.3,1,308.34,1,308.36,1,308.45,1,308.66,1,308.85,4
2020-10-29 09:35:13,307.58,307.81,1,307.22,2,307.94,2,307.94,307.22,307.22,2,307.19,2,307.18,1,307.16,1,307.14,1,307.12,1,307.1,2,307.09,1,307.07,1,307.06,2,307.94,2,307.95,1,308.02,1,308.17,6,308.18,3,308.3,1,308.34,1,308.36,1,308.45,1,308.66,1
2020-10-29 09:35:14,307.575,307.47,1,307.22,2,307.93,2,307.93,307.22,307.22,2,307.19,2,307.18,1,307.16,1,307.14,1,307.12,1,307.1,2,307.09,1,307.07,1,307.06,2,307.93,2,307.94,3,307.95,1,308.02,1,308.17,6,308.18,3,308.3,1,308.34,1,308.36,1,308.45,1
2020-10-29 09:35:15,307.575,307.47,1,307.22,2,307.93,2,307.93,307.22,307.22,2,307.19,2,307.18,1,307.16,1,307.14,1,307.12,1,307.1,2,307.09,1,307.07,1,307.06,2,307.93,2,307.94,3,307.95,1,308.02,1,308.17,6,308.18,3,308.3,1,308.34,1,308.36,1,308.45,1
2020-10-29 09:35:16,307.57,307.64,1,307.22,2,307.92,2,307.92,307.22,307.22,2,307.19,2,307.18,1,307.16,1,307.14,1,307.12,1,307.1,2,307.09,1,307.07,1,307.06,2,307.92,2,307.93,4,307.94,3,307.95,1,308.02,1,308.17,6,308.18,3,308.3,1,308.34,1,308.36,1
2020-10-29 09:35:17,307.565,307.64,1,307.22,2,307.91,1,307.91,307.22,307.22,2,307.19,2,307.18,1,307.16,1,307.14,1,307.12,1,307.1,2,307.09,1,307.07,1,307.06,2,307.91,1,307.92,2,307.93,4,307.94,3,307.95,1,308.02,1,308.17,6,308.18,3,308.3,1,308.34,1
2020-10-29 09:35:18,307.565,307.64,1,307.22,2,307.91,1,307.91,307.22,307.22,2,307.19,2,307.18,1,307.16,1,307.14,1,307.12,1,307.1,2,307.09,1,307.07,1,307.06,2,307.91,1,307.92,3,307.93,4,307.94,3,307.95,1,308.02,1,308.17,6,308.18,3,308.3,1,308.34,1
2020-10-29 09:35:19,307.565,307.64,1,307.22,2,307.91,1,307.91,307.22,307.22,2,307.19,2,307.18,1,307.16,1,307.14,1,307.12,1,307.1,2,307.09,1,307.07,1,307.06,2,307.91,1,307.92,3,307.93,4,307.94,3,307.95,1,308.02,1,308.17,6,308.18,3,308.3,1,308.34,1
2020-10-29 09:35:20,307.58,307.64,1,307.22,2,307.94,1,307.94,307.22,307.22,2,307.19,2,307.18,1,307.16,1,307.14,1,307.12,1,307.1,2,307.09,1,307.07,1,307.06,2,307.94,1,307.95,1,308.02,1,308.17,6,308.18,3,308.3,1,308.34,1,308.36,1,308.45,1,308.66,1
2020-10-29 09:35:21,307.575,307.64,1,307.22,2,307.93,1,307.93,307.22,307.22,2,307.19,2,307.18,1,307.16,1,307.14,1,307.12,1,307.1,2,307.09,1,307.07,1,307.06,2,307.93,1,307.94,1,307.95,1,308.02,1,308.17,6,308.18,3,308.3,1,308.34,1,308.36,1,308.45,1
2020-10-29 09:35:22,307.58,307.64,1,307.22,2,307.94,1,307.94,307.22,307.22,2,307.19,2,307.18,1,307.16,1,307.14,1,307.12,1,307.1,2,307.09,1,307.07,1,307.06,2,307.94,1,307.95,1,308.02,1,308.17,6,308.18,3,308.3,1,308.34,1,308.36,1,308.45,1,308.66,1
2020-10-29 09:35:23,307.58,307.64,1,307.22,2,307.94,1,307.94,307.22,307.22,2,307.19,2,307.18,1,307.16,1,307.14,1,307.12,1,307.1,2,307.09,1,307.07,1,307.06,2,307.94,1,307.95,1,308.02,1,308.17,6,308.18,3,308.3,1,308.34,1,308.36,1,308.45,1,308.66,1
2020-10-29 09:35:24,307.58,307.64,1,307.22,2,307.94,1,307.94,307.22,307.22,2,307.19,2,307.18,1,307.16,1,307.14,1,307.12,1,307.1,2,307.09,1,307.07,1,307.06,2,307.94,1,307.95,1,308.02,1,308.17,6,308.18,3,308.3,1,308.34,1,308.36,1,308.45,1,308.66,1
2020-10-29 09:35:25,307.58,307.26,1,307.22,2,307.94,1,307.94,307.22,307.22,2,307.19,2,307.18,1,307.16,1,307.14,1,307.12,1,307.1,2,307.09,1,307.07,1,307.06,2,307.94,1,307.95,1,308.02,1,308.17,6,308.18,3,308.3,1,308.34,1,308.36,1,308.45,1,308.66,1
2020-10-29 09:35:26,307.57,307.26,1,307.22,2,307.92,2,307.92,307.22,307.22,2,307.19,2,307.18,1,307.16,1,307.14,1,307.12,1,307.1,2,307.09,1,307.07,1,307.06,2,307.92,2,307.93,1,307.94,1,307.95,1,308.02,1,308.17,6,308.18,3,308.3,1,308.34,1,308.36,1
2020-10-29 09:35:27,307.585,307.26,1,307.22,2,307.95,1,307.95,307.22,307.22,2,307.19,2,307.18,1,307.16,1,307.14,1,307.12,1,307.1,2,307.09,1,307.07,1,307.06,2,307.95,1,308.02,1,308.17,6,308.18,3,308.3,1,308.34,1,308.36,1,308.45,1,308.66,1,308.85,4
2020-10-29 09:35:28,307.48,307.12,1,307.06,1,307.9,1,307.9,307.06,307.06,1,306.86,1,306.81,1,306.8,1,306.79,5,306.75,1,306.72,1,306.71,4,306.66,1,306.04,2,307.9,1,307.91,3,307.92,2,307.93,3,307.95,1,308.02,1,308.17,6,308.18,3,308.3,1,308.34,1
2020-10-29 09:35:29,307.47,307.47,1,307.04,1,307.9,5,307.9,307.04,307.04,1,306.86,1,306.81,1,306.8,1,306.79,5,306.75,1,306.72,1,306.71,4,306.66,1,306.04,2,307.9,5,307.91,3,307.92,2,307.93,3,307.95,1,308.02,1,308.17,6,308.18,3,308.3,1,308.34,1
2020-10-29 09:35:30,307.05,307.47,1,306.75,3,307.35,2,307.35,306.75,306.75,3,306.72,1,306.71,4,306.66,1,306.04,2,,,,,,,,,,,307.35,2,307.53,1,307.54,1,307.55,1,307.64,1,307.9,5,307.91,3,307.92,2,307.93,3,307.95,1
2020-10-29 09:35:31,307.175,307.47,1,306.75,3,307.6,2,307.6,306.75,306.75,3,306.72,1,306.71,4,306.66,1,306.04,2,,,,,,,,,,,307.6,2,307.64,1,307.9,5,307.91,3,307.92,2,307.93,3,307.95,1,308.02,1,308.17,6,308.18,3
2020-10-29 09:35:32,307.175,307.39,1,306.75,3,307.6,2,307.6,306.75,306.75,3,306.72,1,306.71,4,306.66,1,306.04,2,,,,,,,,,,,307.6,2,307.64,1,307.9,5,307.91,3,307.92,2,307.93,3,307.95,1,308.02,1,308.17,6,308.18,3
2020-10-29 09:35:33,307.17,307.39,1,306.75,3,307.59,1,307.59,306.75,306.75,3,306.72,1,306.71,4,306.66,1,306.04,2,,,,,,,,,,,307.59,1,307.6,2,307.64,1,307.9,5,307.91,3,307.92,2,307.93,3,307.95,1,308.02,1,308.17,6
2020-10-29 09:35:34,307.175,307.39,1,306.76,1,307.59,1,307.59,306.76,306.76,1,306.75,3,306.72,1,306.71,4,306.66,1,306.04,2,,,,,,,,,307.59,1,307.6,2,307.64,1,307.9,5,307.91,3,307.92,2,307.93,3,307.95,1,308.02,1,308.17,6
2020-10-29 09:35:35,307.18,307.39,1,306.76,3,307.6,2,307.6,306.76,306.76,3,306.75,3,306.72,1,306.71,4,306.66,1,306.04,2,,,,,,,,,307.6,2,307.64,1,307.9,5,307.91,3,307.92,2,307.93,3,307.95,1,308.02,1,308.17,6,308.18,3
2020-10-29 09:35:36,307.18,307.39,1,306.76,6,307.6,2,307.6,306.76,306.76,6,306.75,3,306.72,1,306.71,4,306.66,1,306.04,2,,,,,,,,,307.6,2,307.64,1,307.9,5,307.91,3,307.92,2,307.93,3,307.95,1,308.02,1,308.17,6,308.18,3
2020-10-29 09:35:37,307.185,307.39,1,306.77,1,307.6,2,307.6,306.77,306.77,1,306.76,5,306.75,3,306.72,1,306.71,4,306.66,1,306.04,2,,,,,,,307.6,2,307.64,1,307.9,5,307.91,3,307.92,2,307.93,3,307.95,1,308.02,1,308.17,6,308.18,3
2020-10-29 09:35:38,307.185,307.39,1,306.77,1,307.6,2,307.6,306.77,306.77,1,306.76,5,306.75,3,306.72,1,306.71,4,306.66,1,306.04,2,,,,,,,307.6,2,307.64,1,307.9,5,307.91,3,307.92,2,307.93,3,307.95,1,308.02,1,308.17,6,308.18,3
2020-10-29 09:35:39,307.185,307.39,1,306.77,1,307.6,2,307.6,306.77,306.77,1,306.76,5,306.75,3,306.72,1,306.71,4,306.66,1,306.04,2,,,,,,,307.6,2,307.64,1,307.9,5,307.91,3,307.92,2,307.93,3,307.95,1,308.02,1,308.17,6,308.18,3
2020-10-29 09:35:40,307.18,307.39,1,306.76,5,307.6,2,307.6,306.76,306.76,5,306.75,3,306.72,1,306.71,4,306.66,1,306.04,2,,,,,,,,,307.6,2,307.64,1,307.9,5,307.91,3,307.92,2,307.93,3,307.95,1,308.02,1,308.17,6,308.18,3
2020-10-29 09:35:41,307.18,307.39,1,306.76,5,307.6,2,307.6,306.76,306.76,5,306.75,3,306.72,1,306.71,4,306.66,1,306.04,2,,,,,,,,,307.6,2,307.64,1,307.9,5,307.91,3,307.92,2,307.93,3,307.95,1,308.02,1,308.17,6,308.18,3
2020-10-29 09:35:42,307.18,307.39,1,306.76,5,307.6,2,307.6,306.76,306.76,5,306.75,3,306.72,1,306.71,4,306.66,1,306.04,2,,,,,,,,,307.6,2,307.64,1,307.9,5,307.91,3,307.92,2,307.93,3,307.95,1,308.02,1,308.17,6,308.18,3
2020-10-29 09:35:43,307.18,307.39,1,306.76,5,307.6,2,307.6,306.76,306.76,5,306.75,3,306.72,1,306.71,4,306.66,1,306.04,2,,,,,,,,,307.6,2,307.64,1,307.9,5,307.91,3,307.92,2,307.93,3,307.95,1,308.02,1,308.17,6,308.18,3
2020-10-29 09:35:44,307.175,307.39,1,306.75,3,307.6,2,307.6,306.75,306.75,3,306.72,1,306.71,4,306.66,1,306.04,2,,,,,,,,,,,307.6,2,307.64,1,307.9,5,307.91,3,307.92,2,307.93,3,307.95,1,308.02,1,308.17,6,308.18,3
2020-10-29 09:35:45,307.175,307.39,1,306.75,3,307.6,2,307.6,306.75,306.75,3,306.72,1,306.71,4,306.66,1,306.04,2,,,,,,,,,,,307.6,2,307.64,1,307.9,5,307.91,3,307.92,2,307.93,3,307.95,1,308.02,1,308.17,6,308.18,3
2020-10-29 09:35:46,307.175,307.39,1,306.75,3,307.6,2,307.6,306.75,306.75,3,306.72,1,306.71,4,306.66,1,306.04,2,,,,,,,,,,,307.6,2,307.64,1,307.9,5,307.91,3,307.92,2,307.93,3,307.95,1,308.02,1,308.17,6,308.18,3
2020-10-29 09:35:47,307.07,307.39,1,306.75,3,307.39,1,307.39,306.75,306.75,3,306.72,1,306.71,4,306.66,1,306.04,2,,,,,,,,,,,307.39,1,307.54,1,307.6,2,307.64,1,307.9,5,307.91,3,307.92,2,307.93,3,307.95,1,308.02,1
2020-10-29 09:35:48,307.07,307.39,1,306.75,3,307.39,1,307.39,306.75,306.75,3,306.72,1,306.71,4,306.66,1,306.04,2,,,,,,,,,,,307.39,1,307.54,1,307.6,2,307.64,1,307.9,5,307.91,3,307.92,2,307.93,3,307.95,1,308.02,1
2020-10-29 09:35:49,307.07,307.39,1,306.75,3,307.39,1,307.39,306.75,306.75,3,306.72,1,306.71,4,306.66,1,306.04,2,,,,,,,,,,,307.39,1,307.54,1,307.6,2,307.64,1,307.9,5,307.91,3,307.92,2,307.93,3,307.95,1,308.02,1
2020-10-29 09:35:50,307.07,307.39,1,306.75,3,307.39,3,307.39,306.75,306.75,3,306.72,1,306.71,4,306.66,1,306.04,2,,,,,,,,,,,307.39,3,307.54,1,307.6,2,307.64,1,307.9,5,307.91,3,307.92,2,307.93,3,307.95,1,308.02,1
2020-10-29 09:35:51,307.07,307.39,1,306.75,3,307.39,3,307.39,306.75,306.75,3,306.72,1,306.71,4,306.66,1,306.04,2,,,,,,,,,,,307.39,3,307.54,1,307.6,2,307.64,1,307.9,5,307.91,3,307.92,2,307.93,3,307.95,1,308.02,1
2020-10-29 09:35:52,307.07,307.39,1,306.75,3,307.39,3,307.39,306.75,306.75,3,306.72,1,306.71,4,306.66,1,306.04,2,,,,,,,,,,,307.39,3,307.54,1,307.6,2,307.64,1,307.9,5,307.91,3,307.92,2,307.93,3,307.95,1,308.02,1
2020-10-29 09:35:53,307.07,307.39,1,306.75,3,307.39,3,307.39,306.75,306.75,3,306.72,1,306.71,4,306.66,1,306.04,2,,,,,,,,,,,307.39,3,307.54,1,307.6,2,307.64,1,307.9,5,307.91,3,307.92,2,307.93,3,307.95,1,308.02,1
2020-10-29 09:35:54,306.99,306.75,1,306.6,1,307.38,1,307.38,306.6,306.6,1,306.04,2,,,,,,,,,,,,,,,,,307.38,1,307.39,3,307.54,1,307.6,2,307.64,1,307.9,5,307.91,3,307.92,2,307.93,3,307.95,1
2020-10-29 09:35:55,306.765,306.75,1,306.5,1,307.03,1,307.03,306.5,306.5,1,306.04,2,,,,,,,,,,,,,,,,,307.03,1,307.15,1,307.38,1,307.39,3,307.54,1,307.6,2,307.64,1,307.9,5,307.91,3,307.92,2
2020-10-29 09:35:56,306.715,306.75,1,306.5,1,306.93,1,306.93,306.5,306.5,1,306.04,2,,,,,,,,,,,,,,,,,306.93,1,307.02,1,307.03,1,307.15,1,307.38,1,307.39,3,307.54,1,307.6,2,307.64,1,307.9,5
2020-10-29 09:35:57,306.705,306.75,1,306.48,1,306.93,1,306.93,306.48,306.48,1,306.46,2,306.04,2,,,,,,,,,,,,,,,306.93,1,307.02,1,307.03,1,307.15,1,307.38,1,307.39,3,307.54,1,307.6,2,307.64,1,307.9,5
2020-10-29 09:35:58,306.705,306.75,1,306.48,1,306.93,1,306.93,306.48,306.48,1,306.46,2,306.04,2,,,,,,,,,,,,,,,306.93,1,307.02,1,307.03,1,307.15,1,307.38,1,307.39,3,307.54,1,307.6,2,307.64,1,307.9,5
2020-10-29 09:35:59,306.76,306.75,1,306.44,1,307.08,1,307.08,306.44,306.44,1,306.41,1,306.38,1,306.04,2,,,,,,,,,,,,,307.08,1,307.09,1,307.2,1,307.38,1,307.39,3,307.54,1,307.6,2,307.64,1,307.9,5,307.91,3
2020-10-29 09:36:00,306.635,306.75,1,306.34,3,306.93,1,306.93,306.34,306.34,3,306.04,2,,,,,,,,,,,,,,,,,306.93,1,307.07,1,307.08,1,307.09,1,307.2,1,307.38,1,307.39,3,307.54,1,307.6,2,307.64,1
2020-10-29 09:36:01,306.61,306.58,2,306.29,1,306.93,1,306.93,306.29,306.29,1,306.26,1,306.04,2,,,,,,,,,,,,,,,306.93,1,306.97,2,307.07,1,307.08,1,307.09,1,307.2,1,307.38,1,307.39,3,307.54,1,307.6,2
2020-10-29 09:36:02,306.54,306.58,2,306.29,2,306.79,1,306.79,306.29,306.29,2,306.26,1,306.04,2,,,,,,,,,,,,,,,306.79,1,306.93,1,306.97,2,307.07,1,307.08,1,307.09,1,307.2,1,307.38,1,307.39,3,307.54,1
2020-10-29 09:36:03,306.475,306.58,2,306.16,2,306.79,2,306.79,306.16,306.16,2,306.15,1,306.04,2,,,,,,,,,,,,,,,306.79,2,306.93,1,306.97,2,307.07,1,307.08,1,307.09,1,307.2,1,307.38,1,307.39,3,307.54,1
2020-10-29 09:36:04,306.47,306.58,2,306.14,1,306.69,1,306.69,306.14,306.14,1,306.04,2,,,,,,,,,,,,,,,,,306.8,1,306.84,1,306.92,1,306.93,2,306.97,2,307.07,1,307.08,1,307.09,1,307.2,1,307.38,1
2020-10-29 09:36:05,306.375,306.69,1,306.1,1,306.65,1,306.65,306.1,306.1,1,306.04,2,,,,,,,,,,,,,,,,,306.65,1,306.69,1,306.8,1,306.84,1,306.92,1,306.93,2,306.97,2,307.07,1,307.08,1,307.09,1
2020-10-29 09:36:06,306.39,306.69,1,306.13,1,306.65,1,306.65,306.13,306.13,1,306.1,1,306.04,2,,,,,,,,,,,,,,,306.65,1,306.69,1,306.8,1,306.84,1,306.92,1,306.93,2,306.97,2,307.07,1,307.08,1,307.09,1
2020-10-29 09:36:08,306.375,306.69,1,306.1,1,306.65,1,306.65,306.1,306.1,1,306.04,2,,,,,,,,,,,,,,,,,306.65,1,306.69,1,306.8,1,306.84,1,306.92,1,306.93,2,306.97,2,307.07,1,307.08,1,307.09,1
2020-10-29 09:36:09,306.385,306.69,1,306.12,1,306.65,1,306.65,306.12,306.12,1,306.11,1,306.1,2,306.04,2,,,,,,,,,,,,,306.65,1,306.69,1,306.8,1,306.84,1,306.92,1,306.93,2,306.97,2,307.07,1,307.08,1,307.09,1
2020-10-29 09:36:10,306.425,306.69,1,306.13,2,306.72,1,306.72,306.13,306.13,2,306.12,1,306.11,1,306.1,2,306.04,2,,,,,,,,,,,306.72,1,306.8,2,306.84,1,306.92,1,306.93,2,306.97,2,307.07,1,307.08,1,307.09,1,307.2,1
2020-10-29 09:36:11,306.415,306.63,1,306.13,2,306.7,1,306.7,306.13,306.13,2,306.12,1,306.11,1,306.1,2,306.04,2,,,,,,,,,,,306.7,1,306.71,2,306.72,1,306.8,2,306.84,1,306.92,1,306.93,2,306.97,2,307.07,1,307.08,1
2020-10-29 09:36:12,306.565,306.67,1,306.33,1,306.8,3,306.8,306.33,306.33,1,306.12,2,306.11,1,306.1,2,306.04,2,,,,,,,,,,,306.8,3,306.95,1,306.97,2,307.07,1,307.08,1,307.09,1,307.2,1,307.38,1,307.39,3,307.54,1
2020-10-29 09:36:13,306.49,306.67,1,306.18,3,306.8,2,306.8,306.18,306.18,3,306.12,2,306.11,1,306.1,2,306.04,2,,,,,,,,,,,306.8,2,306.95,1,306.97,2,307.07,1,307.08,1,307.09,1,307.2,1,307.38,1,307.39,3,307.54,1
2020-10-29 09:36:14,306.49,306.67,1,306.18,3,306.8,2,306.8,306.18,306.18,3,306.12,2,306.11,1,306.1,2,306.04,2,,,,,,,,,,,306.8,2,306.95,1,306.97,2,307.07,1,307.08,1,307.09,1,307.2,1,307.38,1,307.39,3,307.54,1
2020-10-29 09:36:15,306.495,306.67,1,306.18,3,306.81,1,306.81,306.18,306.18,3,306.12,2,306.11,1,306.1,2,306.04,2,,,,,,,,,,,306.81,1,306.95,1,306.97,2,307.07,1,307.08,1,307.09,1,307.2,1,307.38,1,307.39,3,307.54,1
2020-10-29 09:36:16,306.495,306.67,1,306.18,3,306.81,1,306.81,306.18,306.18,3,306.12,2,306.11,1,306.1,2,306.04,2,,,,,,,,,,,306.81,1,306.95,1,306.97,2,307.07,1,307.08,1,307.09,1,307.2,1,307.38,1,307.39,3,307.54,1
2020-10-29 09:36:17,306.495,306.67,1,306.18,3,306.81,1,306.81,306.18,306.18,3,306.12,2,306.11,1,306.1,2,306.04,2,,,,,,,,,,,306.81,1,306.95,1,306.97,2,307.07,1,307.08,1,307.09,1,307.2,1,307.38,1,307.39,3,307.54,1
2020-10-29 09:36:18,306.495,306.67,1,306.18,3,306.81,1,306.81,306.18,306.18,3,306.12,2,306.11,1,306.1,2,306.04,2,,,,,,,,,,,306.81,1,306.95,1,306.97,2,307.07,1,307.08,1,307.09,1,307.2,1,307.38,1,307.39,3,307.54,1
2020-10-29 09:36:19,306.495,306.67,1,306.18,3,306.81,1,306.81,306.18,306.18,3,306.12,2,306.11,1,306.1,2,306.04,2,,,,,,,,,,,306.81,1,306.95,1,306.97,2,307.07,1,307.08,1,307.09,1,307.2,1,307.38,1,307.39,3,307.54,1
2020-10-29 09:36:20,306.495,306.67,1,306.18,3,306.81,1,306.81,306.18,306.18,3,306.12,2,306.11,1,306.1,2,306.04,2,,,,,,,,,,,306.81,1,306.95,1,306.97,2,307.07,1,307.08,1,307.09,1,307.2,1,307.38,1,307.39,3,307.54,1
2020-10-29 09:36:21,306.455,306.67,1,306.1,2,306.81,2,306.81,306.1,306.1,2,306.04,2,,,,,,,,,,,,,,,,,306.81,2,306.95,1,306.97,2,307.07,1,307.08,1,307.09,1,307.2,1,307.38,1,307.39,3,307.54,1
2020-10-29 09:36:22,306.455,306.67,1,306.1,2,306.81,2,306.81,306.1,306.1,2,306.04,2,,,,,,,,,,,,,,,,,306.81,2,306.95,1,306.97,2,307.07,1,307.08,1,307.09,1,307.2,1,307.38,1,307.39,3,307.54,1
2020-10-29 09:36:23,305.92,305.65,1,305.65,1,306.19,1,306.19,305.65,305.65,1,,,,,,,,,,,,,,,,,,,306.19,1,306.3,1,306.41,1,306.45,1,306.46,1,306.53,1,306.68,2,306.74,3,306.8,1,306.81,2
2020-10-29 09:36:24,306.12,305.78,1,305.78,1,306.46,3,306.46,305.78,305.78,1,305.65,2,,,,,,,,,,,,,,,,,306.46,3,306.53,1,306.68,2,306.74,3,306.8,1,306.81,2,306.95,1,306.97,2,307.07,1,307.08,1
2020-10-29 09:36:25,306.13,305.78,1,305.8,1,306.46,3,306.46,305.8,305.8,1,305.68,1,305.5,2,,,,,,,,,,,,,,,306.46,3,306.53,1,306.68,2,306.74,3,306.8,1,306.81,2,306.95,1,306.97,2,307.07,1,307.08,1
2020-10-29 09:36:26,306.14,305.78,1,305.82,1,306.46,3,306.46,305.82,305.82,1,305.8,1,305.68,1,305.5,2,,,,,,,,,,,,,306.46,3,306.53,1,306.68,2,306.74,3,306.8,1,306.81,2,306.95,1,306.97,2,307.07,1,307.08,1
2020-10-29 09:36:27,306.14,305.78,1,305.82,1,306.46,3,306.46,305.82,305.82,1,305.8,1,305.68,1,305.5,2,,,,,,,,,,,,,306.46,3,306.53,1,306.68,2,306.74,3,306.8,1,306.81,2,306.95,1,306.97,2,307.07,1,307.08,1
2020-10-29 09:36:28,306.14,305.78,1,305.82,1,306.46,3,306.46,305.82,305.82,1,305.8,1,305.68,1,305.5,2,,,,,,,,,,,,,306.46,3,306.53,1,306.68,2,306.74,3,306.8,1,306.81,2,306.95,1,306.97,2,307.07,1,307.08,1
2020-10-29 09:36:29,306.135,306.46,1,305.81,1,306.46,3,306.46,305.81,305.81,1,305.8,1,305.68,1,305.5,2,,,,,,,,,,,,,306.46,3,306.53,1,306.68,2,306.74,3,306.8,1,306.81,2,306.95,1,306.97,2,307.07,1,307.08,1
2020-10-29 09:36:30,306.135,306.46,1,305.81,1,306.46,3,306.46,305.81,305.81,1,305.8,1,305.68,1,305.5,2,,,,,,,,,,,,,306.46,3,306.53,1,306.68,2,306.74,3,306.8,1,306.81,2,306.95,1,306.97,2,307.07,1,307.08,1
2020-10-29 09:36:31,306.14,306.45,1,305.82,1,306.46,3,306.46,305.82,305.82,1,305.81,1,305.8,1,305.68,1,305.5,2,,,,,,,,,,,306.46,3,306.53,1,306.68,2,306.74,3,306.8,1,306.81,2,306.95,1,306.97,2,307.07,1,307.08,1
2020-10-29 09:36:32,306.525,306.6,1,306.21,2,306.84,3,306.84,306.21,306.21,2,306.2,1,305.95,1,305.82,1,305.81,1,305.8,1,305.68,1,305.5,2,,,,,306.84,3,306.95,1,306.97,2,307.07,1,307.08,1,307.09,1,307.2,1,307.38,1,307.39,3,307.54,1
2020-10-29 09:36:33,306.525,306.6,1,306.21,2,306.84,1,306.84,306.21,306.21,2,306.2,1,305.95,1,305.82,1,305.81,1,305.8,1,305.68,1,305.5,2,,,,,306.84,1,306.99,1,307.07,1,307.08,1,307.09,1,307.2,1,307.38,1,307.39,3,307.54,1,307.6,2
2020-10-29 09:36:34,306.525,306.6,1,306.21,2,306.84,1,306.84,306.21,306.21,2,306.2,1,305.95,1,305.82,1,305.81,1,305.8,1,305.68,1,305.5,2,,,,,306.84,1,306.99,1,307.07,1,307.08,1,307.09,1,307.2,1,307.38,1,307.39,3,307.54,1,307.6,2
2020-10-29 09:36:35,306.4,306.6,1,305.96,1,306.84,2,306.84,305.96,305.96,1,305.95,3,305.82,1,305.81,1,305.8,1,305.68,1,305.5,2,,,,,,,306.84,2,306.99,1,307.07,1,307.08,1,307.09,1,307.2,1,307.38,1,307.39,3,307.54,1,307.6,2
2020-10-29 09:36:36,306.4,306.6,1,305.96,1,306.84,2,306.84,305.96,305.96,1,305.95,3,305.82,1,305.81,1,305.8,1,305.68,1,305.5,2,,,,,,,306.84,2,306.99,1,307.07,1,307.08,1,307.09,1,307.2,1,307.38,1,307.39,3,307.54,1,307.6,2
2020-10-29 09:36:37,306.415,306.6,1,305.99,2,306.84,2,306.84,305.99,305.99,2,305.97,2,305.96,1,305.95,3,305.82,1,305.81,1,305.8,1,305.68,1,305.5,2,,,306.84,2,306.99,1,307.07,1,307.08,1,307.09,1,307.2,1,307.38,1,307.39,3,307.54,1,307.6,2
2020-10-29 09:36:38,306.415,306.6,1,305.99,1,306.84,2,306.84,305.99,305.99,1,305.97,2,305.96,1,305.95,3,305.82,1,305.81,1,305.8,1,305.68,1,305.5,2,,,306.84,2,306.99,1,307.07,1,307.08,1,307.09,1,307.2,1,307.38,1,307.39,3,307.54,1,307.6,2
2020-10-29 09:36:39,306.405,306.6,1,305.97,1,306.84,2,306.84,305.97,305.97,1,305.96,1,305.95,3,305.82,1,305.81,1,305.8,1,305.68,1,305.5,2,,,,,306.84,2,306.99,1,307.07,1,307.08,1,307.09,1,307.2,1,307.38,1,307.39,3,307.54,1,307.6,2
2020-10-29 09:36:40,306.41,306.6,1,305.98,1,306.84,1,306.84,305.98,305.98,1,305.97,1,305.96,1,305.95,3,305.82,1,305.81,1,305.8,1,305.68,1,305.5,2,,,306.84,1,306.93,1,306.99,1,307.07,1,307.08,1,307.09,1,307.2,1,307.38,1,307.39,3,307.54,1
2020-10-29 09:36:41,306.41,306.6,1,305.98,5,306.84,1,306.84,305.98,305.98,5,305.97,1,305.96,1,305.95,3,305.82,1,305.81,1,305.8,1,305.68,1,305.5,2,,,306.84,1,306.93,1,306.99,1,307.07,1,307.08,1,307.09,1,307.2,1,307.38,1,307.39,3,307.54,1
2020-10-29 09:36:42,306.41,306.6,1,305.98,4,306.84,1,306.84,305.98,305.98,4,305.97,1,305.96,1,305.95,3,305.82,1,305.81,1,305.8,1,305.68,1,305.5,2,,,306.84,1,306.93,1,306.99,1,307.07,1,307.08,1,307.09,1,307.2,1,307.38,1,307.39,3,307.54,1
2020-10-29 09:36:43,306.415,306.6,1,305.99,1,306.84,1,306.84,305.99,305.99,1,305.98,4,305.97,1,305.96,1,305.95,3,305.82,1,305.81,1,305.8,1,305.68,1,305.5,2,306.84,1,306.93,1,306.99,1,307.07,1,307.08,1,307.09,1,307.2,1,307.38,1,307.39,3,307.54,1
2020-10-29 09:36:44,306.415,306.6,1,305.99,1,306.84,1,306.84,305.99,305.99,1,305.98,4,305.97,1,305.96,1,305.95,3,305.82,1,305.81,1,305.8,1,305.68,1,305.5,2,306.84,1,306.93,1,306.99,1,307.07,1,307.08,1,307.09,1,307.2,1,307.38,1,307.39,3,307.54,1
2020-10-29 09:36:45,306.415,306.6,1,305.99,1,306.84,1,306.84,305.99,305.99,1,305.98,4,305.97,1,305.96,1,305.95,3,305.82,1,305.81,1,305.8,1,305.68,1,305.5,2,306.84,1,306.93,1,306.99,1,307.07,1,307.08,1,307.09,1,307.2,1,307.38,1,307.39,3,307.54,1
2020-10-29 09:36:46,306.395,306.6,1,305.95,2,306.84,1,306.84,305.95,305.95,2,305.82,1,305.81,1,305.8,1,305.68,1,305.5,2,,,,,,,,,306.84,1,306.93,1,306.99,1,307.07,1,307.08,1,307.09,1,307.2,1,307.38,1,307.39,3,307.54,1
2020-10-29 09:36:47,306.4,306.6,1,305.96,1,306.84,1,306.84,305.96,305.96,1,305.95,2,305.82,1,305.81,1,305.8,1,305.68,1,305.5,2,,,,,,,306.84,1,306.93,1,306.99,1,307.07,1,307.08,1,307.09,1,307.2,1,307.38,1,307.39,3,307.54,1
2020-10-29 09:36:48,306.4,306.6,1,305.96,1,306.84,1,306.84,305.96,305.96,1,305.95,2,305.82,1,305.81,1,305.8,1,305.68,1,305.5,2,,,,,,,306.84,1,306.93,1,306.99,1,307.07,1,307.08,1,307.09,1,307.2,1,307.38,1,307.39,3,307.54,1
2020-10-29 09:36:49,306.395,306.6,1,305.95,2,306.84,1,306.84,305.95,305.95,2,305.82,1,305.81,1,305.8,1,305.68,1,305.5,2,,,,,,,,,306.84,1,306.93,1,306.99,1,307.07,1,307.08,1,307.09,1,307.2,1,307.38,1,307.39,3,307.54,1
2020-10-29 09:36:50,306.4,306.6,1,305.96,1,306.84,1,306.84,305.96,305.96,1,305.95,2,305.82,1,305.81,1,305.8,1,305.68,1,305.5,2,,,,,,,306.84,1,306.93,1,306.99,1,307.07,1,307.08,1,307.09,1,307.2,1,307.38,1,307.39,3,307.54,1
2020-10-29 09:36:51,306.4,306.6,1,305.96,3,306.84,1,306.84,305.96,305.96,3,305.95,2,305.82,1,305.81,1,305.8,1,305.68,1,305.5,2,,,,,,,306.84,1,306.93,1,306.99,1,307.07,1,307.08,1,307.09,1,307.2,1,307.38,1,307.39,3,307.54,1
2020-10-29 09:36:52,306.4,306.6,1,305.96,3,306.84,1,306.84,305.96,305.96,3,305.95,2,305.82,1,305.81,1,305.8,1,305.68,1,305.5,2,,,,,,,306.84,1,306.93,1,306.99,1,307.07,1,307.08,1,307.09,1,307.2,1,307.38,1,307.39,3,307.54,1
2020-10-29 09:36:53,306.415,306.73,1,305.99,1,306.84,1,306.84,305.99,305.99,1,305.96,2,305.95,2,305.82,1,305.81,1,305.8,1,305.68,1,305.5,2,,,,,306.84,1,306.93,1,306.99,1,307.07,1,307.08,1,307.09,1,307.2,1,307.38,1,307.39,3,307.54,1
2020-10-29 09:36:54,306.375,306.73,1,305.99,1,306.76,1,306.76,305.99,305.99,1,305.96,2,305.95,2,305.82,1,305.81,1,305.8,1,305.68,1,305.5,2,,,,,306.76,1,306.84,1,306.93,1,306.99,1,307.07,1,307.08,1,307.09,1,307.2,1,307.38,1,307.39,3
2020-10-29 09:36:55,306.37,306.73,1,305.98,1,306.76,1,306.76,305.98,305.98,1,305.96,2,305.95,2,305.82,1,305.81,1,305.8,1,305.68,1,305.5,2,,,,,306.76,1,306.84,1,306.93,1,306.99,1,307.07,1,307.08,1,307.09,1,307.2,1,307.38,1,307.39,3
2020-10-29 09:36:56,306.375,306.73,1,305.99,1,306.76,3,306.76,305.99,305.99,1,305.98,1,305.96,2,305.95,2,305.82,1,305.81,1,305.8,1,305.68,1,305.5,2,,,306.76,3,306.84,1,306.93,1,306.99,1,307.07,1,307.08,1,307.09,1,307.2,1,307.38,1,307.39,3
2020-10-29 09:36:57,306.375,306.73,1,305.99,1,306.76,3,306.76,305.99,305.99,1,305.98,1,305.96,2,305.95,2,305.82,1,305.81,1,305.8,1,305.68,1,305.5,2,,,306.76,3,306.84,1,306.93,1,306.99,1,307.07,1,307.08,1,307.09,1,307.2,1,307.38,1,307.39,3
2020-10-29 09:36:58,306.275,306.3,1,305.96,2,306.59,1,306.59,305.96,305.96,2,305.95,2,305.82,1,305.81,1,305.8,1,305.68,1,305.5,2,,,,,,,306.59,1,306.6,3,306.61,1,306.75,1,306.76,3,306.84,1,306.93,1,306.99,1,307.07,1,307.08,1
2020-10-29 09:36:59,306.28,306.12,1,305.97,1,306.59,1,306.59,305.97,305.97,1,305.96,2,305.95,2,305.82,1,305.81,1,305.8,1,305.68,1,305.5,2,,,,,306.59,1,306.6,3,306.61,1,306.75,1,306.76,3,306.84,1,306.93,1,306.99,1,307.07,1,307.08,1
2020-10-29 09:37:00,306.26,306.12,1,306.0,1,306.52,1,306.52,306.0,306.0,1,305.97,1,305.96,2,305.95,2,305.82,1,305.81,1,305.8,1,305.68,1,305.5,2,,,306.52,1,306.59,1,306.6,3,306.61,1,306.75,1,306.76,3,306.84,1,306.93,1,306.99,1,307.07,1
2020-10-29 09:37:01,306.38,306.12,1,306.0,1,306.76,3,306.76,306.0,306.0,1,305.97,1,305.96,2,305.95,2,305.82,1,305.81,1,305.8,1,305.68,1,305.5,2,,,306.76,3,306.84,1,306.93,1,306.99,1,307.07,1,307.08,1,307.09,1,307.2,1,307.38,1,307.39,3
2020-10-29 09:37:02,306.345,306.12,1,306.0,1,306.69,1,306.69,306.0,306.0,1,305.97,1,305.96,2,305.95,2,305.82,1,305.81,1,305.8,1,305.68,1,305.5,2,,,306.69,1,306.76,3,306.84,1,306.93,1,306.99,1,307.07,1,307.08,1,307.09,1,307.2,1,307.38,1
2020-10-29 09:37:03,306.355,306.12,1,306.02,1,306.69,1,306.69,306.02,306.02,1,306.01,2,306.0,1,305.97,1,305.96,2,305.95,2,305.82,1,305.81,1,305.8,1,305.68,1,306.69,1,306.76,3,306.84,1,306.93,1,306.99,1,307.07,1,307.08,1,307.09,1,307.2,1,307.38,1
2020-10-29 09:37:04,306.36,306.12,1,306.03,2,306.69,1,306.69,306.03,306.03,2,306.02,1,306.01,2,306.0,1,305.97,1,305.96,2,305.95,2,305.82,1,305.81,1,305.8,1,306.69,1,306.76,3,306.84,1,306.93,1,306.99,1,307.07,1,307.08,1,307.09,1,307.2,1,307.38,1
2020-10-29 09:37:05,306.37,306.12,1,306.05,1,306.69,1,306.69,306.05,306.05,1,306.04,2,306.03,2,306.02,1,306.01,2,306.0,1,305.97,1,305.96,2,305.95,2,305.82,1,306.69,1,306.76,3,306.84,1,306.93,1,306.99,1,307.07,1,307.08,1,307.09,1,307.2,1,307.38,1
2020-10-29 09:37:06,306.38,306.12,1,306.07,2,306.69,1,306.69,306.07,306.07,2,306.06,1,306.05,1,306.04,2,306.03,2,306.02,1,306.01,2,306.0,1,305.97,1,305.96,2,306.69,1,306.76,3,306.84,1,306.93,1,306.99,1,307.07,1,307.08,1,307.09,1,307.2,1,307.38,1
2020-10-29 09:37:07,306.385,306.12,1,306.08,2,306.69,1,306.69,306.08,306.08,2,306.07,2,306.06,1,306.05,1,306.04,2,306.03,2,306.02,1,306.01,2,306.0,1,305.97,1,306.69,1,306.76,3,306.84,1,306.93,1,306.99,1,307.07,1,307.08,1,307.09,1,307.2,1,307.38,1
2020-10-29 09:37:08,306.39,306.12,1,306.09,1,306.69,1,306.69,306.09,306.09,1,306.08,2,306.07,2,306.06,1,306.05,1,306.04,2,306.03,2,306.02,1,306.01,2,306.0,1,306.69,1,306.76,3,306.84,1,306.93,1,306.99,1,307.07,1,307.08,1,307.09,1,307.2,1,307.38,1
2020-10-29 09:37:09,306.39,306.12,1,306.09,2,306.69,1,306.69,306.09,306.09,2,306.08,2,306.07,2,306.06,1,306.05,1,306.04,2,306.03,2,306.02,1,306.01,2,306.0,1,306.69,1,306.76,3,306.84,1,306.93,1,306.99,1,307.07,1,307.08,1,307.09,1,307.2,1,307.38,1
2020-10-29 09:37:10,306.365,306.12,1,306.07,1,306.66,1,306.66,306.07,306.07,1,306.06,1,306.05,1,306.04,2,306.03,2,306.02,1,306.01,2,306.0,1,305.97,1,305.96,2,306.66,1,306.69,1,306.76,3,306.84,1,306.93,1,306.99,1,307.07,1,307.08,1,307.09,1,307.2,1
2020-10-29 09:37:11,306.375,306.12,1,306.09,1,306.66,1,306.66,306.09,306.09,1,306.07,1,306.06,1,306.05,1,306.04,2,306.03,2,306.02,1,306.01,2,306.0,1,305.97,1,306.66,1,306.69,1,306.76,3,306.84,1,306.93,1,306.99,1,307.07,1,307.08,1,307.09,1,307.2,1
2020-10-29 09:37:12,306.375,306.1,1,306.09,1,306.66,1,306.66,306.09,306.09,1,306.07,1,306.06,1,306.05,1,306.04,2,306.03,2,306.02,1,306.01,2,306.0,1,305.97,1,306.66,1,306.69,1,306.76,3,306.84,1,306.93,1,306.99,1,307.07,1,307.08,1,307.09,1,307.2,1
2020-10-29 09:37:13,306.375,306.1,1,306.09,1,306.66,1,306.66,306.09,306.09,1,306.07,1,306.06,1,306.05,1,306.04,2,306.03,2,306.02,1,306.01,2,306.0,1,305.97,1,306.66,1,306.69,1,306.76,3,306.84,1,306.93,1,306.99,1,307.07,1,307.08,1,307.09,1,307.2,1
2020-10-29 09:37:14,306.24,306.09,1,305.96,1,306.52,1,306.52,305.96,305.96,1,305.95,2,305.82,1,305.81,1,305.8,1,305.68,1,305.5,2,,,,,,,306.52,1,306.53,1,306.54,1,306.65,1,306.66,1,306.69,1,306.76,3,306.84,1,306.93,1,306.99,1
2020-10-29 09:37:15,306.19,305.93,1,305.86,1,306.52,1,306.52,305.86,305.86,1,305.82,1,305.81,1,305.8,1,305.68,1,305.5,2,,,,,,,,,306.52,1,306.53,1,306.54,1,306.65,1,306.66,1,306.69,1,306.76,3,306.84,1,306.93,1,306.99,1
2020-10-29 09:37:16,305.86,305.8,1,305.58,1,306.14,1,306.14,305.58,305.58,1,305.5,2,,,,,,,,,,,,,,,,,306.14,1,306.24,1,306.4,2,306.5,1,306.51,2,306.52,1,306.53,1,306.54,1,306.65,1,306.66,1
2020-10-29 09:37:17,305.83,305.8,1,305.52,1,306.14,1,306.14,305.52,305.52,1,305.4,1,,,,,,,,,,,,,,,,,306.14,1,306.24,1,306.4,2,306.5,1,306.51,2,306.52,1,306.53,1,306.54,1,306.65,1,306.66,1
2020-10-29 09:37:18,305.83,305.8,1,305.52,1,306.14,1,306.14,305.52,305.52,1,305.4,1,,,,,,,,,,,,,,,,,306.14,1,306.24,1,306.4,2,306.5,1,306.51,2,306.52,1,306.53,1,306.54,1,306.65,1,306.66,1
2020-10-29 09:37:19,305.96,305.8,1,305.68,1,306.24,2,306.24,305.68,305.68,1,305.4,1,,,,,,,,,,,,,,,,,306.24,2,306.4,2,306.5,1,306.51,2,306.52,1,306.53,1,306.54,1,306.65,1,306.66,1,306.69,1
2020-10-29 09:37:20,305.96,305.8,1,305.68,1,306.24,2,306.24,305.68,305.68,1,305.4,1,,,,,,,,,,,,,,,,,306.24,2,306.4,2,306.5,1,306.51,2,306.52,1,306.53,1,306.54,1,306.65,1,306.66,1,306.69,1
2020-10-29 09:37:21,305.95,305.8,1,305.66,1,306.24,2,306.24,305.66,305.66,1,305.4,1,,,,,,,,,,,,,,,,,306.24,2,306.4,2,306.5,1,306.51,2,306.52,1,306.53,1,306.54,1,306.65,1,306.66,1,306.69,1
2020-10-29 09:37:22,305.905,305.67,1,305.63,1,306.18,1,306.18,305.63,305.63,1,305.51,1,305.4,1,,,,,,,,,,,,,,,306.18,1,306.23,1,306.24,2,306.4,2,306.5,1,306.51,2,306.52,1,306.53,1,306.54,1,306.65,1
2020-10-29 09:37:23,305.895,305.64,1,305.62,1,306.17,3,306.17,305.62,305.62,1,305.61,1,305.51,1,305.4,1,,,,,,,,,,,,,306.17,3,306.18,1,306.23,1,306.24,2,306.4,2,306.5,1,306.51,2,306.52,1,306.53,1,306.54,1
2020-10-29 09:37:24,305.79,305.64,1,305.51,1,306.07,2,306.07,305.51,305.51,1,305.43,1,305.4,1,,,,,,,,,,,,,,,306.07,2,306.17,3,306.18,1,306.23,1,306.24,2,306.4,2,306.5,1,306.51,2,306.52,1,306.53,1
2020-10-29 09:37:25,305.79,305.64,1,305.51,1,306.07,2,306.07,305.51,305.51,1,305.43,1,305.4,1,,,,,,,,,,,,,,,306.07,2,306.17,3,306.18,1,306.23,1,306.24,2,306.4,2,306.5,1,306.51,2,306.52,1,306.53,1
2020-10-29 09:37:26,305.79,305.64,1,305.51,1,306.07,2,306.07,305.51,305.51,1,305.43,1,305.4,1,,,,,,,,,,,,,,,306.07,2,306.17,3,306.18,1,306.23,1,306.24,2,306.4,2,306.5,1,306.51,2,306.52,1,306.53,1
2020-10-29 09:37:27,305.79,305.64,1,305.51,1,306.07,2,306.07,305.51,305.51,1,305.43,1,305.4,1,,,,,,,,,,,,,,,306.07,2,306.17,3,306.18,1,306.23,1,306.24,2,306.4,2,306.5,1,306.51,2,306.52,1,306.53,1
2020-10-29 09:37:28,305.795,305.64,1,305.52,1,306.07,2,306.07,305.52,305.52,1,305.51,1,305.43,1,305.4,1,,,,,,,,,,,,,306.07,2,306.17,3,306.18,1,306.23,1,306.24,2,306.4,2,306.5,1,306.51,2,306.52,1,306.53,1
2020-10-29 09:37:29,305.81,305.64,1,305.55,1,306.07,2,306.07,305.55,305.55,1,305.49,1,305.43,1,305.4,1,,,,,,,,,,,,,306.07,2,306.17,3,306.18,1,306.23,1,306.24,2,306.4,2,306.5,1,306.51,2,306.52,1,306.53,1
2020-10-29 09:37:30,305.81,305.64,1,305.55,1,306.07,2,306.07,305.55,305.55,1,305.49,1,305.43,1,305.4,1,,,,,,,,,,,,,306.07,2,306.17,3,306.18,1,306.23,1,306.24,2,306.4,2,306.5,1,306.51,2,306.52,1,306.53,1
2020-10-29 09:37:31,305.81,305.64,1,305.55,1,306.07,2,306.07,305.55,305.55,1,305.49,1,305.43,1,305.4,1,,,,,,,,,,,,,306.07,2,306.17,3,306.18,1,306.23,1,306.24,2,306.4,2,306.5,1,306.51,2,306.52,1,306.53,1
2020-10-29 09:37:32,305.81,305.64,1,305.55,1,306.07,2,306.07,305.55,305.55,1,305.49,1,305.43,1,305.4,1,,,,,,,,,,,,,306.07,2,306.17,3,306.18,1,306.23,1,306.24,2,306.4,2,306.5,1,306.51,2,306.52,1,306.53,1
2020-10-29 09:37:33,305.865,305.64,1,305.55,1,306.18,1,306.18,305.55,305.55,1,305.49,1,305.43,1,305.4,1,,,,,,,,,,,,,306.18,1,306.23,1,306.24,2,306.4,2,306.5,1,306.51,2,306.52,1,306.53,1,306.54,1,306.65,1
2020-10-29 09:37:34,305.815,305.64,1,305.56,1,306.07,1,306.07,305.56,305.56,1,305.55,1,305.49,1,305.43,1,305.4,1,,,,,,,,,,,306.07,1,306.18,1,306.23,1,306.24,2,306.4,2,306.5,1,306.51,2,306.52,1,306.53,1,306.54,1
2020-10-29 09:37:35,305.79,305.64,1,305.51,1,306.07,1,306.07,305.51,305.51,1,305.49,1,305.46,2,305.43,1,305.4,1,,,,,,,,,,,306.07,1,306.18,1,306.23,1,306.24,2,306.4,2,306.5,1,306.51,2,306.52,1,306.53,1,306.54,1
2020-10-29 09:37:36,305.805,305.64,1,305.54,1,306.07,1,306.07,305.54,305.54,1,305.46,2,305.43,1,305.4,1,,,,,,,,,,,,,306.07,1,306.18,1,306.23,1,306.24,2,306.4,2,306.5,1,306.51,2,306.52,1,306.53,1,306.54,1
2020-10-29 09:37:37,305.815,305.64,1,305.56,1,306.07,1,306.07,305.56,305.56,1,305.46,2,305.43,1,305.4,1,,,,,,,,,,,,,306.07,1,306.18,1,306.23,1,306.24,2,306.4,2,306.5,1,306.51,2,306.52,1,306.53,1,306.54,1
2020-10-29 09:37:38,305.815,305.64,1,305.56,1,306.07,1,306.07,305.56,305.56,1,305.46,2,305.43,1,305.4,1,,,,,,,,,,,,,306.07,1,306.18,1,306.23,1,306.24,2,306.4,2,306.5,1,306.51,2,306.52,1,306.53,1,306.54,1
2020-10-29 09:37:39,305.85,305.64,1,305.53,1,306.17,1,306.17,305.53,305.53,1,305.5,1,305.46,2,305.43,1,305.4,1,,,,,,,,,,,306.17,1,306.18,1,306.23,1,306.24,2,306.4,2,306.5,1,306.51,2,306.52,1,306.53,1,306.54,1
2020-10-29 09:37:40,305.855,305.64,1,305.54,1,306.17,1,306.17,305.54,305.54,1,305.48,2,305.46,2,305.43,1,305.4,1,,,,,,,,,,,306.17,1,306.18,1,306.23,1,306.24,2,306.4,2,306.5,1,306.51,2,306.52,1,306.53,1,306.54,1
2020-10-29 09:37:41,305.85,305.64,1,305.55,2,306.15,1,306.15,305.55,305.55,2,305.54,1,305.48,2,305.46,2,305.43,1,305.4,1,,,,,,,,,306.15,1,306.17,1,306.18,1,306.23,1,306.24,2,306.4,2,306.5,1,306.51,2,306.52,1,306.53,1
2020-10-29 09:37:42,305.85,305.64,1,305.55,2,306.15,1,306.15,305.55,305.55,2,305.54,1,305.48,2,305.46,2,305.43,1,305.4,1,,,,,,,,,306.15,1,306.17,1,306.18,1,306.23,1,306.24,2,306.4,2,306.5,1,306.51,2,306.52,1,306.53,1
2020-10-29 09:37:43,305.855,305.64,1,305.56,1,306.15,1,306.15,305.56,305.56,1,305.55,2,305.54,1,305.48,2,305.46,2,305.43,1,305.4,1,,,,,,,306.15,1,306.17,1,306.18,1,306.23,1,306.24,2,306.4,2,306.5,1,306.51,2,306.52,1,306.53,1
