sim_time,mid_price,last_price,last_size,best_bid_price,best_bid_size,best_ask_price,best_ask_size,close_price_buy,close_price_sell,bid1_price,bid1_size,bid2_price,bid2_size,bid3_price,bid3_size,bid4_price,bid4_size,bid5_price,bid5_size,bid6_price,bid6_size,bid7_price,bid7_size,bid8_price,bid8_size,bid9_price,bid9_size,bid10_price,bid10_size,ask1_price,ask1_size,ask2_price,ask2_size,ask3_price,ask3_size,ask4_price,ask4_size,ask5_price,ask5_size,ask6_price,ask6_size,ask7_price,ask7_size,ask8_price,ask8_size,ask9_price,ask9_size,ask10_price,ask10_size
2026-02-05 09:30:17,,0.0,0,0.0,0,0.0,0,0.0,0.0,,,,,,,,,,,,,,,,,,,,,,,,,,,,,,,,,,,,,,,,
2026-02-05 09:30:18,,0.0,0,0.0,0,0.0,0,0.0,0.0,,,,,,,,,,,,,,,,,,,,,,,,,,,,,,,,,,,,,,,,
2026-02-05 09:30:20,,0.0,0,0.0,0,0.0,0,0.0,0.0,,,,,,,,,,,,,,,,,,,,,,,,,,,,,,,,,,,,,,,,
2026-02-05 09:30:21,,0.0,0,0.0,0,0.0,0,0.0,0.0,,,,,,,,,,,,,,,,,,,,,,,,,,,,,,,,,,,,,,,,
2026-02-05 09:30:22,,0.0,0,0.0,0,0.0,0,0.0,0.0,,,,,,,,,,,,,,,,,,,,,,,,,,,,,,,,,,,,,,,,
2026-02-05 09:30:22,274.18,274.19,1,274.0,560,274.36,160,274.36,274.0,274.0,560,273.28,160,273.15,40,273.13,40,,,,,,,,,,,,,274.36,160,274.37,40,274.41,80,274.43,200,274.65,120,274.85,120,274.95,160,,,,,,
2026-02-05 09:30:24,274.18,274.16,1,274.0,560,274.36,160,274.36,274.0,274.0,560,273.28,160,273.15,40,273.13,40,,,,,,,,,,,,,274.36,160,274.37,40,274.41,80,274.43,200,274.65,120,274.85,120,274.95,160,,,,,,
2026-02-05 09:30:25,274.21,274.17,1,274.06,80,274.36,200,274.36,274.06,274.06,80,274.0,440,273.28,160,273.15,40,273.13,40,,,,,,,,,,,274.36,200,274.37,40,274.41,80,274.43,200,274.65,120,274.85,120,274.95,160,,,,,,
2026-02-05 09:30:26,274.21,274.17,1,274.06,80,274.36,200,274.36,274.06,274.06,80,274.0,440,273.28,160,273.15,40,273.13,40,,,,,,,,,,,274.36,200,274.37,40,274.41,80,274.43,200,274.65,120,274.85,120,274.95,160,,,,,,
2026-02-05 09:30:27,274.21,274.17,1,274.06,80,274.36,160,274.36,274.06,274.06,80,274.0,440,273.28,160,273.15,40,273.13,40,,,,,,,,,,,274.36,160,274.37,40,274.41,80,274.43,200,274.65,120,274.85,120,274.95,160,,,,,,
2026-02-05 09:30:28,273.9,273.95,1,273.62,80,274.18,200,274.18,273.62,273.62,80,273.28,760,273.15,40,273.13,40,,,,,,,,,,,,,274.18,200,274.36,360,274.37,40,274.41,80,274.43,200,274.65,120,274.85,120,274.95,160,,,,
2026-02-05 09:30:29,273.88,273.95,1,273.62,80,274.14,200,274.14,273.62,273.62,80,273.28,760,273.15,40,273.13,40,,,,,,,,,,,,,274.14,200,274.18,200,274.36,360,274.37,40,274.41,80,274.43,200,274.65,120,274.85,120,274.95,160,,
2026-02-05 09:30:30,273.795,273.67,2,273.66,160,273.93,320,273.93,273.66,273.66,160,273.62,80,273.28,760,273.15,40,273.13,40,,,,,,,,,,,273.93,320,274.14,160,274.18,200,274.36,360,274.37,40,274.41,80,274.43,200,274.65,120,274.85,120,274.95,160
2026-02-05 09:30:31,273.785,273.67,1,273.66,160,273.91,40,273.91,273.66,273.66,160,273.62,80,273.28,760,273.15,40,273.13,40,,,,,,,,,,,273.91,40,273.93,440,274.14,160,274.18,200,274.36,360,274.37,40,274.41,80,274.43,200,274.65,120,274.85,120
2026-02-05 09:30:32,273.75,273.8,1,273.66,160,273.84,120,273.84,273.66,273.66,160,273.62,80,273.28,760,273.15,40,273.13,40,,,,,,,,,,,273.84,120,273.91,40,273.93,440,274.14,160,274.18,200,274.36,360,274.37,40,274.41,80,274.43,200,274.65,120
2026-02-05 09:30:33,273.905,273.94,1,273.81,40,274.0,40,274.0,273.81,273.81,40,273.8,200,273.66,160,273.62,80,273.28,760,273.15,40,273.13,40,,,,,,,274.0,40,274.14,160,274.18,200,274.36,360,274.37,40,274.41,80,274.43,200,274.65,120,274.85,120,274.95,160
2026-02-05 09:30:34,274.21,274.0,1,273.81,40,274.61,200,274.61,273.81,273.81,40,273.8,200,273.66,160,273.62,80,273.28,760,273.15,40,273.13,40,,,,,,,274.61,200,274.85,120,274.87,40,274.95,160,,,,,,,,,,,,
2026-02-05 09:30:35,274.225,274.0,1,273.84,320,274.61,400,274.61,273.84,273.84,320,273.83,360,273.82,320,273.81,40,273.8,200,273.66,160,273.62,80,273.28,760,273.15,40,273.13,40,274.61,400,274.85,120,274.87,40,274.95,160,,,,,,,,,,,,
2026-02-05 09:30:36,274.07,273.93,2,273.87,40,274.27,160,274.27,273.87,273.87,40,273.86,320,273.85,320,273.84,320,273.83,360,273.82,320,273.81,40,273.8,200,273.66,160,273.62,80,274.27,160,274.61,400,274.85,120,274.87,40,274.95,160,,,,,,,,,,
2026-02-05 09:30:37,273.895,273.93,2,273.66,200,274.13,80,274.13,273.66,273.66,200,273.62,80,273.28,760,273.15,40,273.13,40,,,,,,,,,,,274.13,80,274.27,160,274.61,400,274.85,120,274.87,40,274.95,160,,,,,,,,
2026-02-05 09:30:38,273.895,273.93,2,273.66,200,274.13,80,274.13,273.66,273.66,200,273.62,80,273.28,760,273.15,40,273.13,40,,,,,,,,,,,274.13,80,274.27,160,274.61,400,274.85,120,274.87,40,274.95,160,,,,,,,,
2026-02-05 09:30:39,273.895,273.93,2,273.66,200,274.13,160,274.13,273.66,273.66,200,273.62,80,273.28,760,273.15,40,273.13,40,,,,,,,,,,,274.13,160,274.27,160,274.61,400,274.85,120,274.87,40,274.95,160,,,,,,,,
2026-02-05 09:30:40,274.37,274.13,2,274.13,80,274.61,480,274.61,274.13,274.13,80,273.66,200,273.62,80,273.28,760,273.15,40,273.13,40,,,,,,,,,274.61,480,274.85,120,274.87,40,274.95,160,,,,,,,,,,,,
2026-02-05 09:30:41,274.425,274.38,1,274.24,80,274.61,440,274.61,274.24,274.24,80,274.13,80,273.66,200,273.62,80,273.28,760,273.15,40,273.13,40,,,,,,,274.61,440,274.85,120,274.87,40,274.95,160,,,,,,,,,,,,
2026-02-05 09:30:41,274.425,274.38,1,274.24,80,274.61,440,274.61,274.24,274.24,80,274.13,80,273.66,200,273.62,80,273.28,760,273.15,40,273.13,40,,,,,,,274.61,440,274.85,120,274.87,40,274.95,160,,,,,,,,,,,,
2026-02-05 09:30:43,274.375,274.38,1,274.24,160,274.51,80,274.51,274.24,274.24,160,274.13,80,273.66,200,273.62,80,273.28,760,273.15,40,273.13,40,,,,,,,274.51,80,274.61,440,274.85,120,274.87,40,274.95,160,,,,,,,,,,
2026-02-05 09:30:44,274.375,274.48,1,274.24,160,274.51,80,274.51,274.24,274.24,160,274.13,80,273.66,200,273.62,80,273.28,760,273.15,40,273.13,40,,,,,,,274.51,80,274.61,440,274.85,120,274.87,40,274.95,160,,,,,,,,,,
2026-02-05 09:30:45,274.475,274.61,1,274.34,120,274.61,1160,274.61,274.34,274.34,120,274.24,160,274.13,80,273.66,200,273.62,80,273.28,760,273.15,40,273.13,40,,,,,274.61,1160,274.85,120,274.87,40,274.95,160,,,,,,,,,,,,
2026-02-05 09:30:46,274.425,274.47,1,274.34,120,274.51,40,274.51,274.34,274.34,120,274.24,160,274.13,80,273.66,200,273.62,80,273.28,760,273.15,40,273.13,40,,,,,274.51,40,274.61,360,274.85,120,274.87,40,274.95,160,,,,,,,,,,
2026-02-05 09:30:47,274.315,274.18,1,274.19,80,274.44,120,274.44,274.19,274.19,80,273.7,240,273.66,200,273.62,80,273.28,760,273.15,40,273.13,40,,,,,,,274.44,120,274.51,80,274.61,360,274.85,120,274.87,40,274.95,160,,,,,,,,
2026-02-05 09:30:48,274.46,274.18,1,274.31,80,274.61,440,274.61,274.31,274.31,80,274.19,80,273.7,240,273.66,200,273.62,80,273.28,760,273.15,40,273.13,40,,,,,274.61,440,274.85,120,274.87,40,274.95,160,,,,,,,,,,,,
2026-02-05 09:30:48,274.46,274.18,1,274.31,80,274.61,440,274.61,274.31,274.31,80,274.19,80,273.7,240,273.66,200,273.62,80,273.28,760,273.15,40,273.13,40,,,,,274.61,440,274.85,120,274.87,40,274.95,160,,,,,,,,,,,,
2026-02-05 09:30:50,274.465,274.46,1,274.33,80,274.6,80,274.6,274.33,274.33,80,274.31,80,274.19,80,273.7,240,273.66,200,273.62,80,273.28,760,273.15,40,273.13,40,,,274.6,80,274.61,400,274.85,120,274.87,40,274.95,160,,,,,,,,,,
2026-02-05 09:30:51,274.295,274.48,1,274.08,1280,274.51,80,274.51,274.08,274.08,1280,273.7,240,273.66,200,273.62,80,273.28,760,273.15,40,273.13,40,,,,,,,274.51,80,274.6,80,274.61,400,274.85,120,274.87,40,274.95,160,,,,,,,,
2026-02-05 09:30:52,274.28,274.3,5,274.08,1320,274.48,80,274.48,274.08,274.08,1320,273.7,240,273.66,200,273.62,80,273.28,760,273.15,40,273.13,40,,,,,,,274.48,80,274.51,80,274.6,80,274.61,400,274.85,120,274.87,40,274.95,160,,,,,,
2026-02-05 09:30:53,274.295,274.09,1,274.08,1360,274.51,80,274.51,274.08,274.08,1360,273.7,240,273.66,200,273.62,80,273.28,760,273.15,40,273.13,40,,,,,,,274.51,80,274.6,80,274.61,400,274.85,120,274.87,40,274.95,160,,,,,,,,
2026-02-05 09:30:54,274.325,274.09,1,274.14,80,274.51,80,274.51,274.14,274.14,80,274.08,1360,273.7,240,273.66,200,273.62,80,273.28,760,273.15,40,273.13,40,,,,,274.51,80,274.6,80,274.61,400,274.85,120,274.87,40,274.95,160,,,,,,,,
2026-02-05 09:30:55,274.23,274.09,1,274.14,200,274.32,80,274.32,274.14,274.14,200,274.08,1360,273.7,240,273.66,200,273.62,80,273.28,760,273.15,40,273.13,40,,,,,274.32,80,274.51,200,274.6,80,274.61,400,274.85,120,274.87,40,274.95,160,,,,,,
2026-02-05 09:30:56,274.31,274.09,1,274.14,200,274.48,120,274.48,274.14,274.14,200,274.08,1360,273.7,240,273.66,200,273.62,80,273.28,760,273.15,40,273.13,40,,,,,274.48,120,274.49,120,274.51,200,274.6,80,274.61,400,274.85,120,274.87,40,274.95,160,,,,
2026-02-05 09:30:57,274.31,274.25,3,274.14,200,274.48,120,274.48,274.14,274.14,200,274.08,1360,273.7,240,273.66,200,273.62,80,273.28,760,273.15,40,273.13,40,,,,,274.48,120,274.49,120,274.51,200,274.6,80,274.61,400,274.85,120,274.87,40,274.95,160,,,,
2026-02-05 09:30:58,274.31,274.32,1,274.14,280,274.48,280,274.48,274.14,274.14,280,274.08,1360,273.7,240,273.66,200,273.62,80,273.28,760,273.15,40,273.13,40,,,,,274.48,280,274.49,120,274.51,200,274.6,80,274.61,400,274.85,120,274.87,40,274.95,160,,,,
2026-02-05 09:30:59,274.31,274.32,1,274.14,280,274.48,280,274.48,274.14,274.14,280,274.08,1360,273.7,240,273.66,200,273.62,80,273.28,760,273.15,40,273.13,40,,,,,274.48,280,274.49,120,274.51,200,274.6,80,274.61,400,274.85,120,274.87,40,274.95,160,,,,
2026-02-05 09:31:00,274.31,274.32,1,274.14,280,274.48,280,274.48,274.14,274.14,280,274.08,1360,273.7,240,273.66,200,273.62,80,273.28,760,273.15,40,273.13,40,,,,,274.48,280,274.49,120,274.51,200,274.6,80,274.61,400,274.85,120,274.87,40,274.95,160,,,,
2026-02-05 09:31:01,274.24,274.34,2,274.14,280,274.34,160,274.34,274.14,274.14,280,274.08,1360,273.7,240,273.66,200,273.62,80,273.28,760,273.15,40,273.13,40,,,,,274.34,160,274.48,440,274.49,120,274.51,200,274.6,80,274.61,400,274.85,120,274.87,40,274.95,160,,
2026-02-05 09:31:02,274.24,274.34,2,274.14,280,274.34,400,274.34,274.14,274.14,280,274.08,1360,273.7,240,273.66,200,273.62,80,273.28,760,273.15,40,273.13,40,,,,,274.34,400,274.48,440,274.49,120,274.51,200,274.6,80,274.61,400,274.85,120,274.87,40,274.95,160,,
2026-02-05 09:31:03,274.015,274.13,10,273.9,80,274.13,480,274.13,273.9,273.9,80,273.7,200,273.66,200,273.62,80,273.28,760,273.15,40,273.13,40,,,,,,,274.13,480,274.17,160,274.24,80,274.34,400,274.48,440,274.49,120,274.51,200,274.6,80,274.61,400,274.85,120
2026-02-05 09:31:04,274.17,274.17,2,274.06,80,274.28,600,274.28,274.06,274.06,80,273.9,80,273.7,200,273.66,200,273.62,80,273.28,760,273.15,40,273.13,40,,,,,274.28,600,274.34,400,274.48,440,274.49,120,274.51,200,274.6,80,274.61,400,274.85,120,274.87,40,274.95,160
2026-02-05 09:31:05,273.965,274.17,2,273.83,80,274.1,240,274.1,273.83,273.83,80,273.7,200,273.66,200,273.62,80,273.28,760,273.15,40,273.13,40,,,,,,,274.1,240,274.17,400,274.28,680,274.34,400,274.48,440,274.49,120,274.51,200,274.6,80,274.61,400,274.85,120
2026-02-05 09:31:06,274.33,274.33,1,274.26,40,274.4,80,274.4,274.26,274.26,40,274.18,160,273.96,120,273.83,80,273.7,200,273.66,200,273.62,80,273.28,760,273.15,40,273.13,40,274.4,80,274.48,440,274.49,120,274.51,200,274.6,80,274.61,400,274.85,120,274.87,40,274.95,160,,
2026-02-05 09:31:07,274.15,274.33,1,273.99,120,274.31,80,274.31,273.99,273.99,120,273.93,200,273.83,80,273.7,200,273.66,200,273.62,80,273.28,760,273.15,40,273.13,40,,,274.31,80,274.35,120,274.42,320,274.48,440,274.49,120,274.51,200,274.6,80,274.61,400,274.85,120,274.87,40
2026-02-05 09:31:08,274.195,274.33,1,274.07,120,274.32,40,274.32,274.07,274.07,120,273.99,80,273.93,200,273.83,80,273.7,200,273.66,200,273.62,80,273.28,760,273.15,40,273.13,40,274.32,40,274.35,120,274.42,320,274.48,440,274.49,120,274.51,200,274.6,80,274.61,400,274.85,120,274.87,40
2026-02-05 09:31:09,274.28,274.21,1,274.19,80,274.37,280,274.37,274.19,274.19,80,274.07,120,273.99,80,273.93,200,273.83,80,273.7,200,273.66,200,273.62,80,273.28,760,273.15,40,274.37,280,274.42,320,274.48,440,274.49,120,274.51,200,274.6,80,274.61,400,274.85,120,274.87,40,274.95,160
2026-02-05 09:31:10,273.905,273.7,5,273.68,200,274.13,120,274.13,273.68,273.68,200,273.66,200,273.62,80,273.28,760,273.15,40,273.13,40,,,,,,,,,274.13,120,274.19,40,274.2,280,274.37,240,274.42,320,274.48,440,274.49,120,274.51,200,274.6,80,274.61,400
2026-02-05 09:31:11,273.905,273.7,5,273.68,200,274.13,120,274.13,273.68,273.68,200,273.66,200,273.62,80,273.28,760,273.15,40,273.13,40,,,,,,,,,274.13,120,274.19,40,274.2,280,274.37,240,274.42,320,274.48,440,274.49,120,274.51,200,274.6,80,274.61,400
2026-02-05 09:31:12,273.76,273.76,3,273.68,240,273.84,120,273.84,273.68,273.68,240,273.66,200,273.62,80,273.28,760,273.15,40,273.13,40,,,,,,,,,273.84,120,273.9,160,274.13,120,274.19,40,274.2,280,274.37,240,274.42,320,274.48,440,274.49,120,274.51,200
2026-02-05 09:31:13,273.875,274.02,5,273.73,80,274.02,80,274.02,273.73,273.73,80,273.72,120,273.71,80,273.7,80,273.69,80,273.68,240,273.66,200,273.62,80,273.28,760,273.15,40,274.02,80,274.13,160,274.19,40,274.2,280,274.37,240,274.42,320,274.48,440,274.49,120,274.51,200,274.6,80
2026-02-05 09:31:14,273.9,274.02,4,273.74,80,274.06,80,274.06,273.74,273.74,80,273.73,80,273.72,120,273.71,80,273.7,80,273.69,80,273.68,240,273.66,200,273.62,80,273.28,760,274.06,80,274.12,160,274.13,240,274.19,40,274.2,280,274.37,240,274.42,320,274.48,440,274.49,120,274.51,200
2026-02-05 09:31:15,274.0,274.02,4,273.88,80,274.12,160,274.12,273.88,273.88,80,273.81,80,273.74,120,273.73,80,273.72,120,273.71,80,273.7,80,273.69,80,273.68,240,273.66,200,274.12,160,274.13,240,274.19,40,274.2,280,274.37,240,274.42,320,274.48,440,274.49,120,274.51,200,274.6,80
2026-02-05 09:31:16,273.78,274.02,4,273.68,240,273.88,120,273.88,273.68,273.68,240,273.66,200,273.62,80,273.28,760,273.15,40,273.13,40,,,,,,,,,273.88,120,274.0,40,274.12,200,274.13,240,274.19,40,274.2,280,274.37,240,274.42,320,274.48,440,274.49,120
2026-02-05 09:31:17,273.84,274.02,4,273.68,240,274.0,80,274.0,273.68,273.68,240,273.66,200,273.62,80,273.28,760,273.15,40,273.13,40,,,,,,,,,274.0,80,274.12,200,274.13,240,274.19,40,274.2,280,274.37,240,274.42,320,274.48,440,274.49,120,274.51,200
2026-02-05 09:31:18,273.84,273.79,1,273.68,240,274.0,600,274.0,273.68,273.68,240,273.66,200,273.62,80,273.28,760,273.15,40,273.13,40,,,,,,,,,274.0,600,274.12,200,274.13,240,274.19,40,274.2,280,274.37,240,274.42,320,274.48,440,274.49,120,274.51,200
2026-02-05 09:31:19,273.78,273.79,1,273.68,240,273.88,80,273.88,273.68,273.68,240,273.66,200,273.62,80,273.28,760,273.15,40,273.13,40,,,,,,,,,273.88,80,274.0,600,274.12,200,274.13,240,274.19,40,274.2,280,274.37,240,274.42,320,274.48,440,274.49,120
2026-02-05 09:31:20,273.78,273.79,1,273.68,240,273.88,80,273.88,273.68,273.68,240,273.66,200,273.62,80,273.28,760,273.15,40,273.13,40,,,,,,,,,273.88,80,274.0,600,274.12,200,274.13,240,274.19,40,274.2,280,274.37,240,274.42,320,274.48,440,274.49,120
2026-02-05 09:31:21,273.78,273.78,1,273.68,320,273.88,80,273.88,273.68,273.68,320,273.66,200,273.62,80,273.28,760,273.15,40,273.13,40,,,,,,,,,273.88,80,274.0,600,274.12,200,274.13,240,274.19,40,274.2,280,274.37,240,274.42,320,274.48,440,274.49,120
2026-02-05 09:31:22,273.845,273.78,1,273.69,120,274.0,560,274.0,273.69,273.69,120,273.67,40,273.66,200,273.62,80,273.28,760,273.15,40,273.13,40,,,,,,,274.0,560,274.12,200,274.13,240,274.19,40,274.2,280,274.37,240,274.42,320,274.48,440,274.49,120,274.51,200
2026-02-05 09:31:23,273.845,273.78,1,273.69,120,274.0,560,274.0,273.69,273.69,120,273.67,40,273.66,200,273.62,80,273.28,760,273.15,40,273.13,40,,,,,,,274.0,560,274.12,200,274.13,240,274.19,40,274.2,280,274.37,240,274.42,320,274.48,440,274.49,120,274.51,200
2026-02-05 09:31:24,273.845,273.85,1,273.69,120,274.0,1040,274.0,273.69,273.69,120,273.67,40,273.66,200,273.62,80,273.28,760,273.15,40,273.13,40,,,,,,,274.0,1040,274.12,200,274.13,240,274.19,40,274.2,280,274.37,240,274.42,320,274.48,440,274.49,120,274.51,200
2026-02-05 09:31:25,273.845,273.85,1,273.69,120,274.0,1200,274.0,273.69,273.69,120,273.67,40,273.66,200,273.62,80,273.28,760,273.15,40,273.13,40,,,,,,,274.0,1200,274.12,200,274.13,240,274.19,40,274.2,280,274.37,240,274.42,320,274.48,440,274.49,120,274.51,200
2026-02-05 09:31:26,273.845,273.85,1,273.69,120,274.0,1240,274.0,273.69,273.69,120,273.67,40,273.66,200,273.62,80,273.28,760,273.15,40,273.13,40,,,,,,,274.0,1240,274.12,200,274.13,240,274.19,40,274.2,280,274.37,240,274.42,320,274.48,440,274.49,120,274.51,200
2026-02-05 09:31:27,273.625,273.62,1,273.5,160,273.75,120,273.75,273.5,273.5,160,273.28,760,273.15,40,273.13,40,,,,,,,,,,,,,273.75,120,273.88,280,274.0,1240,274.12,200,274.13,240,274.19,40,274.2,280,274.37,240,274.42,320,274.48,440
2026-02-05 09:31:28,273.625,273.62,1,273.5,160,273.75,280,273.75,273.5,273.5,160,273.28,760,273.15,40,273.13,40,,,,,,,,,,,,,273.75,280,273.88,280,274.0,1240,274.12,200,274.13,240,274.19,40,274.2,280,274.37,240,274.42,320,274.48,440
2026-02-05 09:31:29,273.625,273.62,1,273.5,160,273.75,400,273.75,273.5,273.5,160,273.28,760,273.15,40,273.13,40,,,,,,,,,,,,,273.75,400,273.88,280,274.0,1240,274.12,200,274.13,240,274.19,40,274.2,280,274.37,240,274.42,320,274.48,440
2026-02-05 09:31:30,274.18,273.99,2,273.99,120,274.37,120,274.37,273.99,273.99,120,273.86,120,273.61,80,273.5,160,273.28,760,273.15,40,273.13,40,,,,,,,274.37,120,274.42,320,274.48,440,274.49,120,274.51,200,274.6,80,274.61,400,274.85,120,274.87,40,274.95,160
2026-02-05 09:31:31,274.18,274.18,1,273.99,120,274.37,120,274.37,273.99,273.99,120,273.86,120,273.61,80,273.5,160,273.28,760,273.15,40,273.13,40,,,,,,,274.37,120,274.42,320,274.48,440,274.49,120,274.51,200,274.6,80,274.61,400,274.85,120,274.87,40,274.95,160
2026-02-05 09:31:32,274.18,274.18,1,273.99,160,274.37,120,274.37,273.99,273.99,160,273.86,120,273.61,80,273.5,160,273.28,760,273.15,40,273.13,40,,,,,,,274.37,120,274.42,320,274.48,440,274.49,120,274.51,200,274.6,80,274.61,400,274.85,120,274.87,40,274.95,160
2026-02-05 09:31:33,274.315,274.41,1,274.13,360,274.5,560,274.5,274.13,274.13,360,274.0,40,273.99,200,273.86,120,273.61,80,273.5,160,273.28,760,273.15,40,273.13,40,,,274.5,560,274.51,200,274.6,80,274.61,400,274.85,120,274.87,40,274.95,160,,,,,,
2026-02-05 09:31:34,274.315,274.32,1,274.13,360,274.5,560,274.5,274.13,274.13,360,274.0,40,273.99,200,273.86,120,273.61,80,273.5,160,273.28,760,273.15,40,273.13,40,,,274.5,560,274.51,200,274.6,80,274.61,400,274.85,120,274.87,40,274.95,160,,,,,,
2026-02-05 09:31:35,274.315,274.32,1,274.13,440,274.5,600,274.5,274.13,274.13,440,274.0,40,273.99,200,273.86,120,273.61,80,273.5,160,273.28,760,273.15,40,273.13,40,,,274.5,600,274.51,200,274.6,80,274.61,400,274.85,120,274.87,40,274.95,160,,,,,,
2026-02-05 09:31:36,274.315,274.32,1,274.13,400,274.5,600,274.5,274.13,274.13,400,274.0,40,273.99,200,273.86,120,273.61,80,273.5,160,273.28,760,273.15,40,273.13,40,,,274.5,600,274.51,200,274.6,80,274.61,400,274.85,120,274.87,40,274.95,160,,,,,,
2026-02-05 09:31:37,274.315,274.32,1,274.13,400,274.5,600,274.5,274.13,274.13,400,274.0,40,273.99,200,273.86,120,273.61,80,273.5,160,273.28,760,273.15,40,273.13,40,,,274.5,600,274.51,200,274.6,80,274.61,400,274.85,120,274.87,40,274.95,160,,,,,,
2026-02-05 09:31:38,274.315,274.31,1,274.13,400,274.5,520,274.5,274.13,274.13,400,274.0,40,273.99,200,273.86,120,273.61,80,273.5,160,273.28,760,273.15,40,273.13,40,,,274.5,520,274.51,200,274.6,80,274.61,400,274.85,120,274.87,40,274.95,160,,,,,,
2026-02-05 09:31:39,274.315,274.22,2,274.13,400,274.5,520,274.5,274.13,274.13,400,274.0,40,273.99,200,273.86,120,273.61,80,273.5,160,273.28,760,273.15,40,273.13,40,,,274.5,520,274.51,200,274.6,80,274.61,400,274.85,120,274.87,40,274.95,160,,,,,,
2026-02-05 09:31:40,274.315,274.22,2,274.13,400,274.5,520,274.5,274.13,274.13,400,274.0,40,273.99,200,273.86,120,273.61,80,273.5,160,273.28,760,273.15,40,273.13,40,,,274.5,520,274.51,200,274.6,80,274.61,400,274.85,120,274.87,40,274.95,160,,,,,,
2026-02-05 09:31:41,274.225,274.34,1,274.13,200,274.32,80,274.32,274.13,274.13,200,273.88,40,273.86,120,273.61,80,273.5,160,273.28,760,273.15,40,273.13,40,,,,,274.32,80,274.35,160,274.44,120,274.5,520,274.51,200,274.6,80,274.61,400,274.85,120,274.87,40,274.95,160
2026-02-05 09:31:42,274.315,274.32,1,274.13,200,274.5,520,274.5,274.13,274.13,200,273.88,40,273.86,120,273.61,80,273.5,160,273.28,760,273.15,40,273.13,40,,,,,274.5,520,274.51,200,274.6,80,274.61,400,274.85,120,274.87,40,274.95,160,,,,,,
2026-02-05 09:31:43,274.315,274.32,1,274.13,200,274.5,520,274.5,274.13,274.13,200,273.88,40,273.86,120,273.61,80,273.5,160,273.28,760,273.15,40,273.13,40,,,,,274.5,520,274.51,200,274.6,80,274.61,400,274.85,120,274.87,40,274.95,160,,,,,,
2026-02-05 09:31:44,274.22,274.32,1,274.13,200,274.31,80,274.31,274.13,274.13,200,273.88,40,273.86,120,273.61,80,273.5,160,273.28,760,273.15,40,273.13,40,,,,,274.31,80,274.5,520,274.51,200,274.6,80,274.61,400,274.85,120,274.87,40,274.95,160,,,,
2026-02-05 09:31:45,274.36,274.37,5,274.26,200,274.46,200,274.46,274.26,274.26,200,274.13,280,273.88,40,273.86,120,273.61,80,273.5,160,273.28,760,273.15,40,273.13,40,,,274.46,200,274.47,200,274.48,200,274.49,80,274.5,520,274.51,200,274.6,80,274.61,400,274.85,120,274.87,40
2026-02-05 09:31:46,274.36,274.44,1,274.26,200,274.46,240,274.46,274.26,274.26,200,274.13,280,273.88,40,273.86,120,273.61,80,273.5,160,273.28,760,273.15,40,273.13,40,,,274.46,240,274.47,200,274.48,200,274.49,80,274.5,520,274.51,200,274.6,80,274.61,400,274.85,120,274.87,40
2026-02-05 09:31:47,274.5,274.51,1,274.39,160,274.61,360,274.61,274.39,274.39,160,274.36,120,274.26,200,274.13,280,273.88,40,273.86,120,273.61,80,273.5,160,273.28,760,273.15,40,274.61,360,274.85,120,274.87,40,274.95,160,,,,,,,,,,,,
2026-02-05 09:31:48,274.5,274.5,1,274.39,160,274.61,360,274.61,274.39,274.39,160,274.36,120,274.26,200,274.13,280,273.88,40,273.86,120,273.61,80,273.5,160,273.28,760,273.15,40,274.61,360,274.85,120,274.87,40,274.95,160,,,,,,,,,,,,
2026-02-05 09:31:49,274.295,274.27,1,274.13,600,274.46,240,274.46,274.13,274.13,600,273.88,40,273.86,120,273.61,80,273.5,160,273.28,760,273.15,40,273.13,40,,,,,274.46,240,274.54,400,274.61,400,274.85,120,274.87,40,274.95,160,,,,,,,,
2026-02-05 09:31:50,274.295,274.3,1,274.13,600,274.46,200,274.46,274.13,274.13,600,273.88,40,273.86,120,273.61,80,273.5,160,273.28,760,273.15,40,273.13,40,,,,,274.46,200,274.54,400,274.61,400,274.85,120,274.87,40,274.95,160,,,,,,,,
2026-02-05 09:31:51,274.335,274.45,1,274.13,600,274.54,320,274.54,274.13,274.13,600,273.88,40,273.86,120,273.61,80,273.5,160,273.28,760,273.15,40,273.13,40,,,,,274.54,320,274.61,400,274.85,120,274.87,40,274.95,160,,,,,,,,,,
2026-02-05 09:31:52,274.335,274.45,1,274.13,600,274.54,360,274.54,274.13,274.13,600,273.88,40,273.86,120,273.61,80,273.5,160,273.28,760,273.15,40,273.13,40,,,,,274.54,360,274.61,400,274.85,120,274.87,40,274.95,160,,,,,,,,,,
2026-02-05 09:31:53,274.375,274.33,1,274.23,80,274.52,80,274.52,274.23,274.23,80,274.13,600,273.88,40,273.86,120,273.61,80,273.5,160,273.28,760,273.15,40,273.13,40,,,274.52,80,274.54,320,274.61,400,274.85,120,274.87,40,274.95,160,,,,,,,,
2026-02-05 09:31:54,274.4,274.33,1,274.23,200,274.57,80,274.57,274.23,274.23,200,274.13,600,273.88,40,273.86,120,273.61,80,273.5,160,273.28,760,273.15,40,273.13,40,,,274.57,80,274.61,400,274.85,120,274.87,40,274.95,160,,,,,,,,,,
2026-02-05 09:31:55,274.4,274.33,1,274.23,200,274.57,160,274.57,274.23,274.23,200,274.13,600,273.88,40,273.86,120,273.61,80,273.5,160,273.28,760,273.15,40,273.13,40,,,274.57,160,274.61,400,274.85,120,274.87,40,274.95,160,,,,,,,,,,
2026-02-05 09:31:56,274.4,274.4,1,274.23,200,274.57,160,274.57,274.23,274.23,200,274.13,600,273.88,40,273.86,120,273.61,80,273.5,160,273.28,760,273.15,40,273.13,40,,,274.57,160,274.61,400,274.85,120,274.87,40,274.95,160,,,,,,,,,,
2026-02-05 09:31:57,274.635,274.64,1,274.4,200,274.87,80,274.87,274.4,274.4,200,274.35,80,274.23,200,274.13,600,273.88,40,273.86,120,273.61,80,273.5,160,273.28,760,273.15,40,274.87,80,274.95,160,,,,,,,,,,,,,,,,
2026-02-05 09:31:58,274.635,274.54,2,274.4,200,274.87,80,274.87,274.4,274.4,200,274.35,80,274.23,200,274.13,600,273.88,40,273.86,120,273.61,80,273.5,160,273.28,760,273.15,40,274.87,80,274.95,160,,,,,,,,,,,,,,,,
2026-02-05 09:31:59,274.63,274.4,1,274.4,320,274.86,40,274.86,274.4,274.4,320,274.35,80,274.23,200,274.13,600,273.88,40,273.86,120,273.61,80,273.5,160,273.28,760,273.15,40,274.86,40,274.87,120,274.95,160,,,,,,,,,,,,,,
2026-02-05 09:32:00,274.63,274.4,1,274.4,320,274.86,80,274.86,274.4,274.4,320,274.35,80,274.23,200,274.13,600,273.88,40,273.86,120,273.61,80,273.5,160,273.28,760,273.15,40,274.86,80,274.87,120,274.95,160,,,,,,,,,,,,,,
2026-02-05 09:32:01,274.63,274.8,1,274.4,360,274.86,160,274.86,274.4,274.4,360,274.35,80,274.23,200,274.13,600,273.88,40,273.86,120,273.61,80,273.5,160,273.28,760,273.15,40,274.86,160,274.92,40,274.95,160,,,,,,,,,,,,,,
2026-02-05 09:32:02,274.61,274.8,1,274.41,200,274.81,160,274.81,274.41,274.41,200,274.4,480,274.35,80,274.23,200,274.13,600,273.88,40,273.86,120,273.61,80,273.5,160,273.28,760,274.81,160,274.92,120,274.95,160,,,,,,,,,,,,,,
2026-02-05 09:32:03,274.66,274.73,16,274.41,320,274.91,240,274.91,274.41,274.41,320,274.4,480,274.35,80,274.23,200,274.13,600,273.88,40,273.86,120,273.61,80,273.5,160,273.28,760,274.91,240,274.92,160,274.95,160,,,,,,,,,,,,,,
2026-02-05 09:32:04,274.64,274.73,16,274.41,320,274.87,200,274.87,274.41,274.41,320,274.4,480,274.35,80,274.23,200,274.13,600,273.88,40,273.86,120,273.61,80,273.5,160,273.28,760,274.87,200,274.9,200,274.91,240,274.92,160,274.95,160,,,,,,,,,,
2026-02-05 09:32:05,274.54,274.67,4,274.41,320,274.67,120,274.67,274.41,274.41,320,274.4,480,274.35,80,274.23,200,274.13,600,273.88,40,273.86,120,273.61,80,273.5,160,273.28,760,274.67,120,274.87,200,274.9,200,274.91,240,274.92,160,274.95,160,,,,,,,,
2026-02-05 09:32:06,274.54,274.67,4,274.41,320,274.67,120,274.67,274.41,274.41,320,274.4,480,274.35,80,274.23,200,274.13,600,273.88,40,273.86,120,273.61,80,273.5,160,273.28,760,274.67,120,274.87,200,274.9,200,274.91,240,274.92,160,274.95,160,,,,,,,,
2026-02-05 09:32:07,274.54,274.67,4,274.41,320,274.67,240,274.67,274.41,274.41,320,274.4,480,274.35,80,274.23,200,274.13,600,273.88,40,273.86,120,273.61,80,273.5,160,273.28,760,274.67,240,274.87,200,274.9,200,274.91,240,274.92,160,274.95,160,,,,,,,,
2026-02-05 09:32:08,274.54,274.54,1,274.41,320,274.67,240,274.67,274.41,274.41,320,274.4,480,274.35,80,274.23,200,274.13,600,273.88,40,273.86,120,273.61,80,273.5,160,273.28,760,274.67,240,274.87,200,274.9,200,274.91,240,274.92,160,274.95,160,,,,,,,,
2026-02-05 09:32:09,274.54,274.54,2,274.41,320,274.67,320,274.67,274.41,274.41,320,274.4,480,274.35,80,274.23,200,274.13,600,273.88,40,273.86,120,273.61,80,273.5,160,273.28,760,274.67,320,274.87,200,274.9,200,274.91,240,274.92,160,274.95,160,,,,,,,,
2026-02-05 09:32:10,274.525,274.52,1,274.4,440,274.65,40,274.65,274.4,274.4,440,274.35,80,274.23,200,274.13,600,273.88,40,273.86,120,273.61,80,273.5,160,273.28,760,273.15,40,274.65,40,274.67,320,274.87,200,274.9,200,274.91,240,274.92,160,274.95,160,,,,,,
2026-02-05 09:32:11,274.535,274.52,1,274.4,440,274.67,360,274.67,274.4,274.4,440,274.35,80,274.23,200,274.13,600,273.88,40,273.86,120,273.61,80,273.5,160,273.28,760,273.15,40,274.67,360,274.87,200,274.9,200,274.91,240,274.92,160,274.95,160,,,,,,,,
2026-02-05 09:32:12,274.535,274.52,1,274.4,440,274.67,400,274.67,274.4,274.4,440,274.35,80,274.23,200,274.13,600,273.88,40,273.86,120,273.61,80,273.5,160,273.28,760,273.15,40,274.67,400,274.87,200,274.9,200,274.91,240,274.92,160,274.95,160,,,,,,,,
2026-02-05 09:32:13,274.525,274.52,1,274.4,440,274.65,40,274.65,274.4,274.4,440,274.35,80,274.23,200,274.13,600,273.88,40,273.86,120,273.61,80,273.5,160,273.28,760,273.15,40,274.65,40,274.67,360,274.87,200,274.9,200,274.91,240,274.92,160,274.95,160,,,,,,
2026-02-05 09:32:14,274.56,274.56,1,274.4,440,274.72,120,274.72,274.4,274.4,440,274.35,80,274.23,200,274.13,600,273.88,40,273.86,120,273.61,80,273.5,160,273.28,760,273.15,40,274.72,120,274.87,200,274.9,200,274.91,240,274.92,160,274.95,160,,,,,,,,
2026-02-05 09:32:15,274.55,274.4,1,274.45,80,274.65,120,274.65,274.45,274.45,80,274.4,440,274.35,80,274.23,200,274.13,600,273.88,40,273.86,120,273.61,80,273.5,160,273.28,760,274.65,120,274.72,160,274.87,200,274.9,200,274.91,240,274.92,160,274.95,160,,,,,,
2026-02-05 09:32:16,274.51,274.45,1,274.4,520,274.62,120,274.62,274.4,274.4,520,274.35,80,274.23,200,274.13,600,273.88,40,273.86,120,273.61,80,273.5,160,273.28,760,273.15,40,274.62,120,274.65,240,274.72,160,274.87,200,274.9,200,274.91,240,274.92,160,274.95,160,,,,
2026-02-05 09:32:17,274.47,274.45,1,274.4,520,274.54,120,274.54,274.4,274.4,520,274.35,80,274.23,200,274.13,600,273.88,40,273.86,120,273.61,80,273.5,160,273.28,760,273.15,40,274.54,120,274.62,240,274.65,240,274.72,160,274.87,200,274.9,200,274.91,240,274.92,160,274.95,160,,
2026-02-05 09:32:18,274.63,274.65,9,274.54,280,274.72,120,274.72,274.54,274.54,280,274.44,120,274.4,560,274.35,80,274.23,200,274.13,600,273.88,40,273.86,120,273.61,80,273.5,160,274.72,120,274.87,200,274.9,200,274.91,240,274.92,160,274.95,160,,,,,,,,
2026-02-05 09:32:19,274.995,275.0,3,274.8,400,275.19,80,275.19,274.8,274.8,400,274.73,160,274.71,120,274.64,160,274.63,120,274.54,280,274.44,120,274.4,560,274.35,80,274.23,200,275.19,80,,,,,,,,,,,,,,,,,,
2026-02-05 09:32:20,275.11,275.15,1,274.89,360,275.33,40,275.33,274.89,274.89,360,274.81,320,274.73,320,274.71,120,274.64,160,274.63,120,274.54,280,274.44,120,274.4,560,274.35,80,275.33,40,,,,,,,,,,,,,,,,,,
2026-02-05 09:32:21,275.15,275.14,1,274.97,200,275.33,120,275.33,274.97,274.97,200,274.95,200,274.94,280,274.89,360,274.81,320,274.73,320,274.71,120,274.64,160,274.63,120,274.54,280,275.33,120,,,,,,,,,,,,,,,,,,
2026-02-05 09:32:22,275.15,275.15,1,274.97,200,275.33,120,275.33,274.97,274.97,200,274.95,200,274.94,280,274.89,360,274.81,320,274.73,320,274.71,120,274.64,160,274.63,120,274.54,280,275.33,120,,,,,,,,,,,,,,,,,,
2026-02-05 09:32:23,275.155,275.15,1,274.98,160,275.33,200,275.33,274.98,274.98,160,274.97,360,274.95,200,274.94,280,274.89,360,274.81,320,274.73,320,274.71,120,274.64,160,274.63,120,275.33,200,,,,,,,,,,,,,,,,,,
2026-02-05 09:32:24,275.155,275.16,1,274.98,160,275.33,200,275.33,274.98,274.98,160,274.97,360,274.95,200,274.94,280,274.89,360,274.81,320,274.73,320,274.71,120,274.64,160,274.63,120,275.33,200,,,,,,,,,,,,,,,,,,
2026-02-05 09:32:25,275.37,275.33,1,275.24,120,275.5,480,275.5,275.24,275.24,120,275.15,80,274.99,320,274.98,160,274.97,360,274.95,200,274.94,280,274.89,360,274.81,320,274.73,320,275.5,480,,,,,,,,,,,,,,,,,,
2026-02-05 09:32:26,275.555,275.47,1,275.46,320,275.65,80,275.65,275.46,275.46,320,275.37,160,275.24,280,275.15,80,274.99,320,274.98,160,274.97,360,274.95,200,274.94,280,274.89,360,275.65,80,,,,,,,,,,,,,,,,,,
2026-02-05 09:32:27,275.355,275.52,1,275.15,160,275.56,120,275.56,275.15,275.15,160,274.99,320,274.98,160,274.97,360,274.95,200,274.94,280,274.89,360,274.81,320,274.73,320,274.71,120,275.56,120,275.65,80,,,,,,,,,,,,,,,,
2026-02-05 09:32:28,275.32,275.15,2,275.15,160,275.49,120,275.49,275.15,275.15,160,274.99,320,274.98,160,274.97,360,274.95,200,274.94,280,274.89,360,274.81,320,274.73,320,274.71,120,275.49,120,275.56,160,275.65,80,,,,,,,,,,,,,,
2026-02-05 09:32:29,275.32,275.15,2,275.15,160,275.49,120,275.49,275.15,275.15,160,274.99,320,274.98,160,274.97,360,274.95,200,274.94,280,274.89,360,274.81,320,274.73,320,274.71,120,275.49,120,275.56,160,275.65,80,,,,,,,,,,,,,,
2026-02-05 09:32:30,275.32,275.15,2,275.15,160,275.49,120,275.49,275.15,275.15,160,274.99,320,274.98,160,274.97,360,274.95,200,274.94,280,274.89,360,274.81,320,274.73,320,274.71,120,275.49,120,275.56,160,275.65,80,,,,,,,,,,,,,,
2026-02-05 09:32:31,275.32,275.15,2,275.15,160,275.49,120,275.49,275.15,275.15,160,274.99,320,274.98,160,274.97,360,274.95,200,274.94,280,274.89,360,274.81,320,274.73,320,274.71,120,275.49,120,275.56,160,275.65,80,,,,,,,,,,,,,,
2026-02-05 09:32:32,275.52,275.49,2,275.43,120,275.61,40,275.61,275.43,275.43,120,275.34,280,275.15,200,274.99,320,274.98,160,274.97,360,274.95,200,274.94,280,274.89,360,274.81,320,275.61,40,275.65,80,,,,,,,,,,,,,,,,
2026-02-05 09:32:33,275.685,275.69,1,275.57,160,275.8,240,275.8,275.57,275.57,160,275.46,40,275.43,120,275.34,280,275.15,200,274.99,320,274.98,160,274.97,360,274.95,200,274.94,280,275.8,240,,,,,,,,,,,,,,,,,,
2026-02-05 09:32:34,275.685,275.52,2,275.57,160,275.8,240,275.8,275.57,275.57,160,275.46,40,275.43,120,275.34,280,275.15,200,274.99,320,274.98,160,274.97,360,274.95,200,274.94,280,275.8,240,,,,,,,,,,,,,,,,,,
2026-02-05 09:32:35,275.625,275.52,2,275.57,160,275.68,40,275.68,275.57,275.57,160,275.46,40,275.43,120,275.34,280,275.15,200,274.99,320,274.98,160,274.97,360,274.95,200,274.94,280,275.68,40,275.8,240,,,,,,,,,,,,,,,,
2026-02-05 09:32:36,275.62,275.65,1,275.52,120,275.72,80,275.72,275.52,275.52,120,275.46,40,275.43,120,275.34,280,275.15,200,274.99,320,274.98,160,274.97,360,274.95,200,274.94,280,275.72,80,275.8,240,,,,,,,,,,,,,,,,
2026-02-05 09:32:37,275.62,275.65,1,275.52,120,275.72,80,275.72,275.52,275.52,120,275.46,40,275.43,120,275.34,280,275.15,200,274.99,320,274.98,160,274.97,360,274.95,200,274.94,280,275.72,80,275.8,240,,,,,,,,,,,,,,,,
2026-02-05 09:32:38,275.6,275.62,1,275.52,240,275.68,120,275.68,275.52,275.52,240,275.46,40,275.43,120,275.34,280,275.15,200,274.99,320,274.98,160,274.97,360,274.95,200,274.94,280,275.68,120,275.72,80,275.8,240,,,,,,,,,,,,,,
2026-02-05 09:32:39,275.92,275.88,3,275.85,160,275.99,80,275.99,275.85,275.85,160,275.74,200,275.6,160,275.52,240,275.46,40,275.43,120,275.34,280,275.15,200,274.99,320,274.98,160,275.99,80,,,,,,,,,,,,,,,,,,
2026-02-05 09:32:40,275.83,275.86,1,275.74,360,275.92,40,275.92,275.74,275.74,360,275.6,160,275.52,240,275.46,40,275.43,120,275.34,280,275.15,200,274.99,320,274.98,160,274.97,360,275.92,40,275.99,80,,,,,,,,,,,,,,,,
2026-02-05 09:32:41,275.865,275.86,1,275.74,360,275.99,80,275.99,275.74,275.74,360,275.6,160,275.52,240,275.46,40,275.43,120,275.34,280,275.15,200,274.99,320,274.98,160,274.97,360,275.99,80,,,,,,,,,,,,,,,,,,
2026-02-05 09:32:42,275.865,275.86,1,275.74,360,275.99,80,275.99,275.74,275.74,360,275.6,160,275.52,240,275.46,40,275.43,120,275.34,280,275.15,200,274.99,320,274.98,160,274.97,360,275.99,80,,,,,,,,,,,,,,,,,,
2026-02-05 09:32:43,275.635,275.74,1,275.53,200,275.74,160,275.74,275.53,275.53,200,275.52,240,275.46,40,275.43,120,275.34,280,275.15,200,274.99,320,274.98,160,274.97,360,274.95,200,275.74,160,275.84,120,275.99,120,,,,,,,,,,,,,,
2026-02-05 09:32:44,275.79,275.64,1,275.74,160,275.84,160,275.84,275.74,275.74,160,275.62,200,275.53,200,275.52,240,275.46,40,275.43,120,275.34,280,275.15,200,274.99,320,274.98,160,275.84,160,275.99,120,,,,,,,,,,,,,,,,
2026-02-05 09:32:45,275.68,275.74,1,275.52,400,275.84,160,275.84,275.52,275.52,400,275.46,40,275.43,120,275.34,280,275.15,200,274.99,320,274.98,160,274.97,360,274.95,200,274.94,280,275.84,160,275.99,120,,,,,,,,,,,,,,,,
2026-02-05 09:32:46,275.68,275.74,1,275.52,400,275.84,160,275.84,275.52,275.52,400,275.46,40,275.43,120,275.34,280,275.15,200,274.99,320,274.98,160,274.97,360,274.95,200,274.94,280,275.84,160,275.99,120,,,,,,,,,,,,,,,,
2026-02-05 09:32:47,275.63,275.63,1,275.52,400,275.74,40,275.74,275.52,275.52,400,275.46,40,275.43,120,275.34,280,275.15,200,274.99,320,274.98,160,274.97,360,274.95,200,274.94,280,275.74,40,275.84,160,275.99,120,,,,,,,,,,,,,,
2026-02-05 09:32:48,275.62,275.63,1,275.52,400,275.72,80,275.72,275.52,275.52,400,275.46,40,275.43,120,275.34,280,275.15,200,274.99,320,274.98,160,274.97,360,274.95,200,274.94,280,275.72,80,275.74,40,275.84,160,275.99,120,,,,,,,,,,,,
2026-02-05 09:32:49,275.37,275.36,1,275.27,280,275.47,120,275.47,275.27,275.27,280,275.26,80,275.15,120,274.99,320,274.98,160,274.97,360,274.95,200,274.94,280,274.89,360,274.81,320,275.47,120,275.49,120,275.55,240,275.6,160,275.67,200,275.72,360,275.74,40,275.84,160,275.99,120,,
2026-02-05 09:32:50,275.455,275.38,1,275.37,240,275.54,120,275.54,275.37,275.37,240,275.27,280,275.26,80,275.15,120,274.99,320,274.98,160,274.97,360,274.95,200,274.94,280,274.89,360,275.54,120,275.55,240,275.6,160,275.67,200,275.72,360,275.74,40,275.84,160,275.99,120,,,,
2026-02-05 09:32:51,275.57,275.42,1,275.42,80,275.72,360,275.72,275.42,275.42,80,275.37,360,275.27,280,275.26,80,275.15,120,274.99,320,274.98,160,274.97,360,274.95,200,274.94,280,275.72,360,275.74,40,275.84,160,275.99,120,,,,,,,,,,,,
2026-02-05 09:32:52,275.57,275.57,1,275.42,80,275.72,320,275.72,275.42,275.42,80,275.37,360,275.27,280,275.26,80,275.15,120,274.99,320,274.98,160,274.97,360,274.95,200,274.94,280,275.72,320,275.74,40,275.84,160,275.99,120,,,,,,,,,,,,
2026-02-05 09:32:53,275.57,275.57,1,275.42,80,275.72,320,275.72,275.42,275.42,80,275.37,360,275.27,280,275.26,80,275.15,120,274.99,320,274.98,160,274.97,360,274.95,200,274.94,280,275.72,320,275.74,40,275.84,160,275.99,120,,,,,,,,,,,,
2026-02-05 09:32:54,275.57,275.57,1,275.42,80,275.72,320,275.72,275.42,275.42,80,275.37,360,275.27,280,275.26,80,275.15,120,274.99,320,274.98,160,274.97,360,274.95,200,274.94,280,275.72,320,275.74,40,275.84,160,275.99,120,,,,,,,,,,,,
2026-02-05 09:32:55,275.57,275.72,1,275.42,80,275.72,320,275.72,275.42,275.42,80,275.37,360,275.27,280,275.26,80,275.15,120,274.99,320,274.98,160,274.97,360,274.95,200,274.94,280,275.72,320,275.74,40,275.84,160,275.99,120,,,,,,,,,,,,
2026-02-05 09:32:56,275.57,275.72,1,275.42,80,275.72,320,275.72,275.42,275.42,80,275.37,360,275.27,280,275.26,80,275.15,120,274.99,320,274.98,160,274.97,360,274.95,200,274.94,280,275.72,320,275.74,40,275.84,160,275.99,120,,,,,,,,,,,,
2026-02-05 09:32:57,275.57,275.57,1,275.42,80,275.72,400,275.72,275.42,275.42,80,275.37,360,275.27,280,275.26,80,275.15,120,274.99,320,274.98,160,274.97,360,274.95,200,274.94,280,275.72,400,275.74,40,275.84,160,275.99,120,,,,,,,,,,,,
2026-02-05 09:32:58,275.57,275.57,1,275.42,80,275.72,400,275.72,275.42,275.42,80,275.37,360,275.27,280,275.26,80,275.15,120,274.99,320,274.98,160,274.97,360,274.95,200,274.94,280,275.72,400,275.74,40,275.84,160,275.99,120,,,,,,,,,,,,
2026-02-05 09:32:59,275.57,275.6,1,275.42,200,275.72,400,275.72,275.42,275.42,200,275.37,360,275.27,280,275.26,80,275.15,120,274.99,320,274.98,160,274.97,360,274.95,200,274.94,280,275.72,400,275.74,40,275.84,160,275.99,120,,,,,,,,,,,,
2026-02-05 09:33:00,275.59,275.6,1,275.46,200,275.72,400,275.72,275.46,275.46,200,275.42,200,275.37,360,275.27,280,275.26,80,275.15,120,274.99,320,274.98,160,274.97,360,274.95,200,275.72,400,275.74,40,275.84,160,275.99,120,,,,,,,,,,,,
2026-02-05 09:33:01,275.82,275.71,1,275.65,160,275.99,240,275.99,275.65,275.65,160,275.57,40,275.46,360,275.42,200,275.37,360,275.27,280,275.26,80,275.15,120,274.99,320,274.98,160,275.99,240,,,,,,,,,,,,,,,,,,
2026-02-05 09:33:02,275.82,275.71,1,275.65,240,275.99,200,275.99,275.65,275.65,240,275.57,40,275.46,360,275.42,200,275.37,360,275.27,280,275.26,80,275.15,120,274.99,320,274.98,160,275.99,200,,,,,,,,,,,,,,,,,,
2026-02-05 09:33:03,275.82,275.82,1,275.65,240,275.99,200,275.99,275.65,275.65,240,275.57,40,275.46,360,275.42,200,275.37,360,275.27,280,275.26,80,275.15,120,274.99,320,274.98,160,275.99,200,,,,,,,,,,,,,,,,,,
2026-02-05 09:33:04,275.82,275.82,1,275.65,240,275.99,200,275.99,275.65,275.65,240,275.57,40,275.46,360,275.42,200,275.37,360,275.27,280,275.26,80,275.15,120,274.99,320,274.98,160,275.99,200,,,,,,,,,,,,,,,,,,
2026-02-05 09:33:05,275.82,275.82,1,275.65,240,275.99,200,275.99,275.65,275.65,240,275.57,40,275.46,360,275.42,200,275.37,360,275.27,280,275.26,80,275.15,120,274.99,320,274.98,160,275.99,200,,,,,,,,,,,,,,,,,,
2026-02-05 09:33:06,275.82,275.82,1,275.65,240,275.99,200,275.99,275.65,275.65,240,275.57,40,275.46,360,275.42,200,275.37,360,275.27,280,275.26,80,275.15,120,274.99,320,274.98,160,275.99,200,,,,,,,,,,,,,,,,,,
2026-02-05 09:33:07,275.725,275.75,1,275.65,240,275.8,280,275.8,275.65,275.65,240,275.57,40,275.46,360,275.42,200,275.37,360,275.27,280,275.26,80,275.15,120,274.99,320,274.98,160,275.8,280,275.94,40,275.99,280,,,,,,,,,,,,,,
2026-02-05 09:33:08,275.725,275.75,1,275.65,240,275.8,280,275.8,275.65,275.65,240,275.57,40,275.46,360,275.42,200,275.37,360,275.27,280,275.26,80,275.15,120,274.99,320,274.98,160,275.8,280,275.94,40,275.99,280,,,,,,,,,,,,,,
2026-02-05 09:33:09,275.82,275.8,2,275.65,240,275.99,280,275.99,275.65,275.65,240,275.57,40,275.46,360,275.42,200,275.37,360,275.27,280,275.26,80,275.15,120,274.99,320,274.98,160,275.99,280,,,,,,,,,,,,,,,,,,
2026-02-05 09:33:10,275.96,275.88,6,275.86,160,276.06,120,276.06,275.86,275.86,160,275.8,160,275.73,80,275.66,40,275.65,320,275.57,40,275.46,360,275.42,200,275.37,360,275.27,280,276.06,120,276.14,120,276.19,40,276.35,160,,,,,,,,,,,,
2026-02-05 09:33:11,275.96,275.95,1,275.86,160,276.06,200,276.06,275.86,275.86,160,275.8,160,275.73,80,275.66,40,275.65,320,275.57,40,275.46,360,275.42,200,275.37,360,275.27,280,276.06,200,276.14,120,276.19,40,276.35,160,,,,,,,,,,,,
2026-02-05 09:33:12,275.99,275.95,1,275.92,200,276.06,160,276.06,275.92,275.92,200,275.86,160,275.8,160,275.73,80,275.66,40,275.65,320,275.57,40,275.46,360,275.42,200,275.37,360,276.06,160,276.14,120,276.19,40,276.35,160,,,,,,,,,,,,
2026-02-05 09:33:13,276.065,276.04,1,275.99,200,276.14,120,276.14,275.99,275.99,200,275.92,200,275.86,160,275.8,160,275.73,80,275.66,40,275.65,320,275.57,40,275.46,360,275.42,200,276.14,120,276.19,40,276.35,160,,,,,,,,,,,,,,
2026-02-05 09:33:14,276.065,276.04,1,275.99,200,276.14,120,276.14,275.99,275.99,200,275.92,200,275.86,160,275.8,160,275.73,80,275.66,40,275.65,320,275.57,40,275.46,360,275.42,200,276.14,120,276.19,40,276.35,160,,,,,,,,,,,,,,
2026-02-05 09:33:15,276.065,276.04,1,275.99,200,276.14,320,276.14,275.99,275.99,200,275.92,200,275.86,160,275.8,160,275.73,80,275.66,40,275.65,320,275.57,40,275.46,360,275.42,200,276.14,320,276.19,40,276.35,160,,,,,,,,,,,,,,
2026-02-05 09:33:16,276.065,276.04,1,275.99,200,276.14,320,276.14,275.99,275.99,200,275.92,200,275.86,160,275.8,160,275.73,80,275.66,40,275.65,320,275.57,40,275.46,360,275.42,200,276.14,320,276.19,40,276.35,160,,,,,,,,,,,,,,
2026-02-05 09:33:17,275.92,275.92,1,275.87,200,275.97,240,275.97,275.87,275.87,200,275.86,160,275.8,160,275.73,80,275.66,40,275.65,320,275.57,40,275.46,360,275.42,200,275.37,360,275.97,240,276.14,320,276.19,40,276.35,160,,,,,,,,,,,,
2026-02-05 09:33:18,275.96,275.97,1,275.87,200,276.05,80,276.05,275.87,275.87,200,275.86,160,275.8,160,275.73,80,275.66,40,275.65,320,275.57,40,275.46,360,275.42,200,275.37,360,276.05,80,276.14,400,276.19,40,276.35,160,,,,,,,,,,,,
2026-02-05 09:33:19,275.78,275.65,2,275.65,200,275.91,240,275.91,275.65,275.65,200,275.57,40,275.46,360,275.42,200,275.37,360,275.27,280,275.26,80,275.15,120,274.99,320,274.98,160,275.91,240,276.05,280,276.14,400,276.19,40,276.35,160,,,,,,,,,,
2026-02-05 09:33:20,275.78,275.65,2,275.65,200,275.91,240,275.91,275.65,275.65,200,275.57,40,275.46,360,275.42,200,275.37,360,275.27,280,275.26,80,275.15,120,274.99,320,274.98,160,275.91,240,276.05,280,276.14,400,276.19,40,276.35,160,,,,,,,,,,
2026-02-05 09:33:21,275.925,275.94,1,275.84,160,276.01,80,276.01,275.84,275.84,160,275.78,40,275.65,200,275.57,40,275.46,360,275.42,200,275.37,360,275.27,280,275.26,80,275.15,120,276.01,80,276.14,440,276.19,40,276.35,160,,,,,,,,,,,,
2026-02-05 09:33:22,275.99,275.93,1,275.84,160,276.14,320,276.14,275.84,275.84,160,275.78,40,275.65,200,275.57,40,275.46,360,275.42,200,275.37,360,275.27,280,275.26,80,275.15,120,276.14,320,276.19,40,276.35,160,,,,,,,,,,,,,,
2026-02-05 09:33:23,275.99,275.93,1,275.84,160,276.14,320,276.14,275.84,275.84,160,275.78,40,275.65,200,275.57,40,275.46,360,275.42,200,275.37,360,275.27,280,275.26,80,275.15,120,276.14,320,276.19,40,276.35,160,,,,,,,,,,,,,,
2026-02-05 09:33:24,275.99,275.93,1,275.84,160,276.14,320,276.14,275.84,275.84,160,275.78,40,275.65,200,275.57,40,275.46,360,275.42,200,275.37,360,275.27,280,275.26,80,275.15,120,276.14,320,276.19,40,276.35,160,,,,,,,,,,,,,,
2026-02-05 09:33:25,275.99,275.93,1,275.84,200,276.14,320,276.14,275.84,275.84,200,275.78,40,275.65,200,275.57,40,275.46,360,275.42,200,275.37,360,275.27,280,275.26,80,275.15,120,276.14,320,276.19,40,276.35,160,,,,,,,,,,,,,,
2026-02-05 09:33:26,276.145,275.93,1,276.07,120,276.22,80,276.22,276.07,276.07,120,276.06,80,276.03,40,275.84,200,275.78,40,275.65,200,275.57,40,275.46,360,275.42,200,275.37,360,276.22,80,276.35,160,,,,,,,,,,,,,,,,
2026-02-05 09:33:27,276.015,276.01,5,275.8,160,276.23,40,276.23,275.8,275.8,160,275.78,40,275.65,200,275.57,40,275.46,360,275.42,200,275.37,360,275.27,280,275.26,80,275.15,120,276.23,40,276.26,40,276.35,160,,,,,,,,,,,,,,
2026-02-05 09:33:28,276.015,276.12,7,275.8,160,276.23,40,276.23,275.8,275.8,160,275.78,40,275.65,200,275.57,40,275.46,360,275.42,200,275.37,360,275.27,280,275.26,80,275.15,120,276.23,40,276.26,40,276.35,160,,,,,,,,,,,,,,
2026-02-05 09:33:29,276.015,276.01,2,275.8,160,276.23,40,276.23,275.8,275.8,160,275.78,40,275.65,200,275.57,40,275.46,360,275.42,200,275.37,360,275.27,280,275.26,80,275.15,120,276.23,40,276.26,40,276.35,160,,,,,,,,,,,,,,
2026-02-05 09:33:30,276.015,276.01,2,275.8,160,276.23,80,276.23,275.8,275.8,160,275.78,40,275.65,200,275.57,40,275.46,360,275.42,200,275.37,360,275.27,280,275.26,80,275.15,120,276.23,80,276.26,40,276.35,160,,,,,,,,,,,,,,
2026-02-05 09:33:31,276.275,276.0,40,276.16,280,276.39,80,276.39,276.16,276.16,280,275.97,80,275.89,120,275.8,160,275.78,40,275.65,200,275.57,40,275.46,360,275.42,200,275.37,360,276.39,80,,,,,,,,,,,,,,,,,,
2026-02-05 09:33:32,276.305,276.0,40,276.22,120,276.39,240,276.39,276.22,276.22,120,276.21,120,276.2,120,276.19,120,276.18,120,276.17,120,276.16,280,275.97,80,275.89,120,275.8,160,276.39,240,,,,,,,,,,,,,,,,,,
2026-02-05 09:33:33,276.305,276.37,1,276.22,120,276.39,240,276.39,276.22,276.22,120,276.21,120,276.2,120,276.19,120,276.18,120,276.17,120,276.16,280,275.97,80,275.89,120,275.8,160,276.39,240,,,,,,,,,,,,,,,,,,
2026-02-05 09:33:34,276.305,276.37,1,276.22,120,276.39,240,276.39,276.22,276.22,120,276.21,120,276.2,120,276.19,120,276.18,120,276.17,120,276.16,280,275.97,80,275.89,120,275.8,160,276.39,240,,,,,,,,,,,,,,,,,,
2026-02-05 09:33:35,276.275,276.37,1,276.16,200,276.39,240,276.39,276.16,276.16,200,275.95,80,275.94,200,275.89,120,275.8,160,275.78,40,275.65,200,275.57,40,275.46,360,275.42,200,276.39,240,,,,,,,,,,,,,,,,,,
2026-02-05 09:33:36,276.275,276.37,1,276.16,280,276.39,240,276.39,276.16,276.16,280,275.95,80,275.94,200,275.89,120,275.8,160,275.78,40,275.65,200,275.57,40,275.46,360,275.42,200,276.39,240,,,,,,,,,,,,,,,,,,
2026-02-05 09:33:37,276.275,276.21,3,276.16,280,276.39,240,276.39,276.16,276.16,280,275.95,80,275.94,200,275.89,120,275.8,160,275.78,40,275.65,200,275.57,40,275.46,360,275.42,200,276.39,240,,,,,,,,,,,,,,,,,,
2026-02-05 09:33:38,276.275,276.21,3,276.16,360,276.39,240,276.39,276.16,276.16,360,275.95,80,275.94,200,275.89,120,275.8,160,275.78,40,275.65,200,275.57,40,275.46,360,275.42,200,276.39,240,,,,,,,,,,,,,,,,,,
2026-02-05 09:33:39,276.275,276.21,3,276.16,360,276.39,240,276.39,276.16,276.16,360,275.95,80,275.94,200,275.89,120,275.8,160,275.78,40,275.65,200,275.57,40,275.46,360,275.42,200,276.39,240,,,,,,,,,,,,,,,,,,
2026-02-05 09:33:40,276.11,276.11,2,275.94,400,276.28,40,276.28,275.94,275.94,400,275.89,120,275.8,160,275.78,40,275.65,200,275.57,40,275.46,360,275.42,200,275.37,360,275.27,280,276.28,40,276.39,280,,,,,,,,,,,,,,,,
2026-02-05 09:33:41,276.11,276.11,2,275.94,400,276.28,160,276.28,275.94,275.94,400,275.89,120,275.8,160,275.78,40,275.65,200,275.57,40,275.46,360,275.42,200,275.37,360,275.27,280,276.28,160,276.39,280,,,,,,,,,,,,,,,,
2026-02-05 09:33:42,276.11,276.28,2,275.94,400,276.28,160,276.28,275.94,275.94,400,275.89,120,275.8,160,275.78,40,275.65,200,275.57,40,275.46,360,275.42,200,275.37,360,275.27,280,276.28,160,276.39,280,,,,,,,,,,,,,,,,
2026-02-05 09:33:43,276.11,276.06,1,275.94,520,276.28,160,276.28,275.94,275.94,520,275.89,120,275.8,160,275.78,40,275.65,200,275.57,40,275.46,360,275.42,200,275.37,360,275.27,280,276.28,160,276.39,280,,,,,,,,,,,,,,,,
2026-02-05 09:33:44,276.11,276.06,1,275.94,520,276.28,160,276.28,275.94,275.94,520,275.89,120,275.8,160,275.78,40,275.65,200,275.57,40,275.46,360,275.42,200,275.37,360,275.27,280,276.28,160,276.39,280,,,,,,,,,,,,,,,,
2026-02-05 09:33:45,276.11,275.89,1,275.94,520,276.28,160,276.28,275.94,275.94,520,275.89,120,275.8,160,275.78,40,275.65,200,275.57,40,275.46,360,275.42,200,275.37,360,275.27,280,276.28,160,276.39,280,,,,,,,,,,,,,,,,
2026-02-05 09:33:46,276.325,276.23,1,276.16,120,276.49,80,276.49,276.16,276.16,120,276.05,80,276.0,40,275.96,80,275.94,560,275.89,120,275.8,160,275.78,40,275.65,200,275.57,40,276.49,80,,,,,,,,,,,,,,,,,,
2026-02-05 09:33:47,276.36,276.48,2,276.23,80,276.49,120,276.49,276.23,276.23,80,276.16,240,276.05,80,276.0,40,275.96,80,275.94,560,275.89,120,275.8,160,275.78,40,275.65,200,276.49,120,,,,,,,,,,,,,,,,,,
2026-02-05 09:33:48,276.36,276.39,1,276.23,320,276.49,120,276.49,276.23,276.23,320,276.16,240,276.05,80,276.0,40,275.96,80,275.94,560,275.89,120,275.8,160,275.78,40,275.65,200,276.49,120,,,,,,,,,,,,,,,,,,
2026-02-05 09:33:49,276.36,276.39,1,276.23,320,276.49,120,276.49,276.23,276.23,320,276.16,240,276.05,80,276.0,40,275.96,80,275.94,560,275.89,120,275.8,160,275.78,40,275.65,200,276.49,120,,,,,,,,,,,,,,,,,,
2026-02-05 09:33:50,276.36,276.36,1,276.23,320,276.49,200,276.49,276.23,276.23,320,276.16,240,276.05,80,276.0,40,275.96,80,275.94,560,275.89,120,275.8,160,275.78,40,275.65,200,276.49,200,,,,,,,,,,,,,,,,,,
2026-02-05 09:33:51,276.645,276.75,2,276.49,760,276.8,80,276.8,276.49,276.49,760,276.36,160,276.33,80,276.23,360,276.16,240,276.05,80,276.0,40,275.96,80,275.94,560,275.89,120,276.8,80,,,,,,,,,,,,,,,,,,
2026-02-05 09:33:52,276.83,276.83,1,276.69,80,276.97,680,276.97,276.69,276.69,80,276.49,760,276.36,160,276.33,80,276.23,360,276.16,240,276.05,80,276.0,40,275.96,80,275.94,560,276.97,680,,,,,,,,,,,,,,,,,,
2026-02-05 09:33:53,276.77,276.76,1,276.69,200,276.85,120,276.85,276.69,276.69,200,276.49,760,276.36,160,276.33,80,276.23,360,276.16,240,276.05,80,276.0,40,275.96,80,275.94,560,276.85,120,276.97,680,,,,,,,,,,,,,,,,
2026-02-05 09:33:54,276.77,276.85,3,276.69,200,276.85,120,276.85,276.69,276.69,200,276.49,760,276.36,160,276.33,80,276.23,360,276.16,240,276.05,80,276.0,40,275.96,80,275.94,560,276.85,120,276.97,680,,,,,,,,,,,,,,,,
2026-02-05 09:33:55,276.77,276.77,1,276.69,200,276.85,120,276.85,276.69,276.69,200,276.49,760,276.36,160,276.33,80,276.23,360,276.16,240,276.05,80,276.0,40,275.96,80,275.94,560,276.85,120,276.97,680,,,,,,,,,,,,,,,,
2026-02-05 09:33:56,276.61,276.78,1,276.49,760,276.73,160,276.73,276.49,276.49,760,276.36,160,276.33,80,276.23,360,276.16,240,276.05,80,276.0,40,275.96,80,275.94,560,275.89,120,276.73,160,276.82,120,276.85,120,276.97,680,,,,,,,,,,,,
2026-02-05 09:33:57,276.615,276.78,1,276.5,80,276.73,160,276.73,276.5,276.5,80,276.49,760,276.36,160,276.33,80,276.23,360,276.16,240,276.05,80,276.0,40,275.96,80,275.94,560,276.73,160,276.82,120,276.85,120,276.97,680,,,,,,,,,,,,
2026-02-05 09:33:58,276.7,276.81,1,276.58,80,276.82,120,276.82,276.58,276.58,80,276.55,80,276.5,160,276.49,760,276.36,160,276.33,80,276.23,360,276.16,240,276.05,80,276.0,40,276.82,120,276.85,120,276.97,680,,,,,,,,,,,,,,
2026-02-05 09:33:59,276.7,276.81,1,276.58,80,276.82,120,276.82,276.58,276.58,80,276.55,80,276.5,160,276.49,760,276.36,160,276.33,80,276.23,360,276.16,240,276.05,80,276.0,40,276.82,120,276.85,120,276.97,680,,,,,,,,,,,,,,
2026-02-05 09:34:00,276.695,276.7,2,276.59,240,276.8,80,276.8,276.59,276.59,240,276.58,160,276.55,80,276.5,160,276.49,760,276.36,160,276.33,80,276.23,360,276.16,240,276.05,80,276.8,80,276.82,120,276.85,120,276.97,680,,,,,,,,,,,,
2026-02-05 09:34:01,276.695,276.7,2,276.59,360,276.8,80,276.8,276.59,276.59,360,276.58,160,276.55,80,276.5,160,276.49,760,276.36,160,276.33,80,276.23,360,276.16,240,276.05,80,276.8,80,276.82,120,276.85,120,276.97,680,,,,,,,,,,,,
2026-02-05 09:34:02,276.575,276.6,1,276.5,280,276.65,80,276.65,276.5,276.5,280,276.49,760,276.36,160,276.33,80,276.23,360,276.16,240,276.05,80,276.0,40,275.96,80,275.94,560,276.65,80,276.69,80,276.72,80,276.8,240,276.82,120,276.85,120,276.97,680,,,,,,
2026-02-05 09:34:03,276.655,276.79,8,276.51,200,276.8,360,276.8,276.51,276.51,200,276.5,360,276.49,760,276.36,160,276.33,80,276.23,360,276.16,240,276.05,80,276.0,40,275.96,80,276.8,360,276.82,120,276.85,120,276.97,680,,,,,,,,,,,,
2026-02-05 09:34:04,276.635,276.66,1,276.57,160,276.7,120,276.7,276.57,276.57,160,276.56,240,276.51,200,276.5,360,276.49,760,276.36,160,276.33,80,276.23,360,276.16,240,276.05,80,276.7,120,276.8,440,276.82,120,276.85,120,276.97,680,,,,,,,,,,
2026-02-05 09:34:05,276.635,276.61,1,276.57,160,276.7,120,276.7,276.57,276.57,160,276.56,240,276.51,200,276.5,360,276.49,760,276.36,160,276.33,80,276.23,360,276.16,240,276.05,80,276.7,120,276.8,440,276.82,120,276.85,120,276.97,680,,,,,,,,,,
2026-02-05 09:34:06,276.36,276.36,1,276.1,80,276.62,120,276.62,276.1,276.1,80,276.05,80,276.0,40,275.96,80,275.94,560,275.89,120,275.8,160,275.78,40,275.65,200,275.57,40,276.62,120,276.63,960,276.7,120,276.8,440,276.82,120,276.85,120,276.97,680,,,,,,
2026-02-05 09:34:07,276.36,276.36,1,276.1,120,276.62,160,276.62,276.1,276.1,120,276.05,80,276.0,40,275.96,80,275.94,560,275.89,120,275.8,160,275.78,40,275.65,200,275.57,40,276.62,160,276.63,960,276.7,120,276.8,440,276.82,120,276.85,120,276.97,680,,,,,,
2026-02-05 09:34:08,276.36,276.36,1,276.1,120,276.62,160,276.62,276.1,276.1,120,276.05,80,276.0,40,275.96,80,275.94,560,275.89,120,275.8,160,275.78,40,275.65,200,275.57,40,276.62,160,276.63,960,276.7,120,276.8,440,276.82,120,276.85,120,276.97,680,,,,,,
2026-02-05 09:34:09,276.36,276.36,1,276.1,120,276.62,160,276.62,276.1,276.1,120,276.05,80,276.0,40,275.96,80,275.94,560,275.89,120,275.8,160,275.78,40,275.65,200,275.57,40,276.62,160,276.63,960,276.7,120,276.8,440,276.82,120,276.85,120,276.97,680,,,,,,
2026-02-05 09:34:10,276.54,276.54,1,276.41,120,276.67,120,276.67,276.41,276.41,120,276.37,160,276.1,160,276.05,80,276.0,40,275.96,80,275.94,560,275.89,120,275.8,160,275.78,40,276.67,120,276.7,120,276.8,440,276.82,120,276.85,120,276.97,680,,,,,,,,
2026-02-05 09:34:11,276.54,276.54,1,276.41,120,276.67,120,276.67,276.41,276.41,120,276.37,160,276.1,160,276.05,80,276.0,40,275.96,80,275.94,560,275.89,120,275.8,160,275.78,40,276.67,120,276.7,120,276.8,440,276.82,120,276.85,120,276.97,680,,,,,,,,
2026-02-05 09:34:12,276.54,276.54,1,276.41,120,276.67,200,276.67,276.41,276.41,120,276.37,160,276.1,160,276.05,80,276.0,40,275.96,80,275.94,560,275.89,120,275.8,160,275.78,40,276.67,200,276.7,120,276.8,440,276.82,120,276.85,120,276.97,680,,,,,,,,
2026-02-05 09:34:13,276.54,276.6,2,276.41,120,276.67,280,276.67,276.41,276.41,120,276.37,160,276.1,160,276.05,80,276.0,40,275.96,80,275.94,560,275.89,120,275.8,160,275.78,40,276.67,280,276.7,120,276.8,440,276.82,120,276.85,120,276.97,680,,,,,,,,
2026-02-05 09:34:14,276.34,276.37,1,276.2,200,276.48,160,276.48,276.2,276.2,200,276.1,160,276.05,80,276.0,40,275.96,80,275.94,560,275.89,120,275.8,160,275.78,40,275.65,200,276.48,160,276.66,40,276.67,320,276.7,120,276.8,440,276.82,120,276.85,120,276.97,680,,,,
2026-02-05 09:34:15,276.425,276.37,1,276.37,240,276.48,160,276.48,276.37,276.37,240,276.21,160,276.2,200,276.1,160,276.05,80,276.0,40,275.96,80,275.94,560,275.89,120,275.8,160,276.48,160,276.66,40,276.67,320,276.7,120,276.8,440,276.82,120,276.85,120,276.97,680,,,,
2026-02-05 09:34:16,276.225,276.29,1,276.1,360,276.35,360,276.35,276.1,276.1,360,276.05,80,276.0,40,275.96,80,275.94,560,275.89,120,275.8,160,275.78,40,275.65,200,275.57,40,276.35,360,276.43,160,276.48,160,276.66,40,276.67,320,276.7,120,276.8,440,276.82,120,276.85,120,276.97,680
2026-02-05 09:34:17,276.225,276.29,1,276.1,360,276.35,360,276.35,276.1,276.1,360,276.05,80,276.0,40,275.96,80,275.94,560,275.89,120,275.8,160,275.78,40,275.65,200,275.57,40,276.35,360,276.43,160,276.48,160,276.66,40,276.67,320,276.7,120,276.8,440,276.82,120,276.85,120,276.97,680
2026-02-05 09:34:18,276.225,276.29,1,276.1,360,276.35,360,276.35,276.1,276.1,360,276.05,80,276.0,40,275.96,80,275.94,560,275.89,120,275.8,160,275.78,40,275.65,200,275.57,40,276.35,360,276.43,160,276.48,160,276.66,40,276.67,320,276.7,120,276.8,440,276.82,120,276.85,120,276.97,680
2026-02-05 09:34:19,275.99,276.12,1,275.78,280,276.2,80,276.2,275.78,275.78,280,275.53,200,275.31,80,275.27,280,275.26,80,275.15,120,274.99,320,274.98,160,274.97,360,274.95,200,276.2,80,276.23,160,276.35,360,276.43,160,276.48,160,276.66,40,276.67,320,276.7,120,276.8,440,276.82,120
2026-02-05 09:34:20,275.99,276.12,1,275.78,280,276.2,80,276.2,275.78,275.78,280,275.53,200,275.31,80,275.27,280,275.26,80,275.15,120,274.99,320,274.98,160,274.97,360,274.95,200,276.2,80,276.23,160,276.35,360,276.43,160,276.48,160,276.66,40,276.67,320,276.7,120,276.8,440,276.82,120
2026-02-05 09:34:21,275.99,276.12,1,275.78,280,276.2,240,276.2,275.78,275.78,280,275.53,200,275.31,80,275.27,280,275.26,80,275.15,120,274.99,320,274.98,160,274.97,360,274.95,200,276.2,240,276.23,160,276.35,360,276.43,160,276.48,160,276.66,40,276.67,320,276.7,120,276.8,440,276.82,120
2026-02-05 09:34:22,275.99,276.12,1,275.78,160,276.2,240,276.2,275.78,275.78,160,275.53,200,275.31,80,275.27,280,275.26,80,275.15,120,274.99,320,274.98,160,274.97,360,274.95,200,276.2,240,276.23,160,276.35,360,276.43,160,276.48,160,276.66,40,276.67,320,276.7,120,276.8,440,276.82,120
2026-02-05 09:34:23,275.985,275.99,1,275.78,240,276.19,200,276.19,275.78,275.78,240,275.53,200,275.31,80,275.27,280,275.26,80,275.15,120,274.99,320,274.98,160,274.97,360,274.95,200,276.19,200,276.2,240,276.23,160,276.35,360,276.43,160,276.48,160,276.66,40,276.67,320,276.7,120,276.8,440
2026-02-05 09:34:24,275.98,275.99,1,275.78,240,276.18,120,276.18,275.78,275.78,240,275.53,200,275.31,80,275.27,280,275.26,80,275.15,120,274.99,320,274.98,160,274.97,360,274.95,200,276.18,120,276.19,200,276.2,240,276.23,160,276.35,360,276.43,160,276.48,160,276.66,40,276.67,320,276.7,120
2026-02-05 09:34:25,275.98,275.98,1,275.78,240,276.18,120,276.18,275.78,275.78,240,275.53,200,275.31,80,275.27,280,275.26,80,275.15,120,274.99,320,274.98,160,274.97,360,274.95,200,276.18,120,276.19,200,276.2,240,276.23,160,276.35,360,276.43,160,276.48,160,276.66,40,276.67,320,276.7,120
2026-02-05 09:34:26,275.98,276.17,1,275.78,240,276.18,120,276.18,275.78,275.78,240,275.53,200,275.31,80,275.27,280,275.26,80,275.15,120,274.99,320,274.98,160,274.97,360,274.95,200,276.18,120,276.19,200,276.2,240,276.23,160,276.35,360,276.43,160,276.48,160,276.66,40,276.67,320,276.7,120
2026-02-05 09:34:27,275.98,275.98,1,275.78,240,276.18,160,276.18,275.78,275.78,240,275.53,200,275.31,80,275.27,280,275.26,80,275.15,120,274.99,320,274.98,160,274.97,360,274.95,200,276.18,160,276.19,200,276.2,240,276.23,160,276.35,360,276.43,160,276.48,160,276.66,40,276.67,320,276.7,120
2026-02-05 09:34:28,275.985,275.98,1,275.79,280,276.18,160,276.18,275.79,275.79,280,275.78,320,275.53,200,275.31,80,275.27,280,275.26,80,275.15,120,274.99,320,274.98,160,274.97,360,276.18,160,276.19,200,276.2,240,276.23,160,276.35,360,276.43,160,276.48,160,276.66,40,276.67,320,276.7,120
2026-02-05 09:34:29,275.985,276.09,1,275.79,360,276.18,160,276.18,275.79,275.79,360,275.78,320,275.53,200,275.31,80,275.27,280,275.26,80,275.15,120,274.99,320,274.98,160,274.97,360,276.18,160,276.19,200,276.2,240,276.23,160,276.35,360,276.43,160,276.48,160,276.66,40,276.67,320,276.7,120
2026-02-05 09:34:30,275.98,276.09,1,275.79,360,276.17,120,276.17,275.79,275.79,360,275.78,320,275.53,200,275.31,80,275.27,280,275.26,80,275.15,120,274.99,320,274.98,160,274.97,360,276.17,120,276.18,160,276.19,200,276.2,240,276.23,160,276.35,360,276.43,160,276.48,160,276.66,40,276.67,320
2026-02-05 09:34:31,275.98,276.09,1,275.79,360,276.17,120,276.17,275.79,275.79,360,275.78,320,275.53,200,275.31,80,275.27,280,275.26,80,275.15,120,274.99,320,274.98,160,274.97,360,276.17,120,276.18,160,276.19,200,276.2,240,276.23,160,276.35,360,276.43,160,276.48,160,276.66,40,276.67,320
2026-02-05 09:34:32,275.935,276.15,2,275.79,360,276.08,80,276.08,275.79,275.79,360,275.78,320,275.53,200,275.31,80,275.27,280,275.26,80,275.15,120,274.99,320,274.98,160,274.97,360,276.08,80,276.17,120,276.18,160,276.19,200,276.2,240,276.23,160,276.35,360,276.43,160,276.48,160,276.66,40
2026-02-05 09:34:33,275.695,275.7,3,275.53,400,275.86,280,275.86,275.53,275.53,400,275.31,80,275.27,280,275.26,80,275.15,120,274.99,320,274.98,160,274.97,360,274.95,200,274.94,280,275.86,280,275.9,40,276.0,360,276.08,80,276.17,120,276.18,160,276.19,200,276.2,240,276.23,160,276.35,360
2026-02-05 09:34:34,275.695,275.7,1,275.53,400,275.86,280,275.86,275.53,275.53,400,275.31,80,275.27,280,275.26,80,275.15,120,274.99,320,274.98,160,274.97,360,274.95,200,274.94,280,275.86,280,275.9,40,276.0,360,276.08,80,276.17,120,276.18,160,276.19,200,276.2,240,276.23,160,276.35,360
2026-02-05 09:34:35,275.695,275.7,1,275.53,400,275.86,240,275.86,275.53,275.53,400,275.31,80,275.27,280,275.26,80,275.15,120,274.99,320,274.98,160,274.97,360,274.95,200,274.94,280,275.86,240,275.9,40,276.0,360,276.08,80,276.17,120,276.18,160,276.19,200,276.2,240,276.23,160,276.35,360
2026-02-05 09:34:36,275.695,275.7,1,275.53,400,275.86,240,275.86,275.53,275.53,400,275.31,80,275.27,280,275.26,80,275.15,120,274.99,320,274.98,160,274.97,360,274.95,200,274.94,280,275.86,240,275.9,40,276.0,360,276.08,80,276.17,120,276.18,160,276.19,200,276.2,240,276.23,160,276.35,360
2026-02-05 09:34:37,275.65,275.56,1,275.53,600,275.77,320,275.77,275.53,275.53,600,275.31,80,275.27,280,275.26,80,275.15,120,274.99,320,274.98,160,274.97,360,274.95,200,274.94,280,275.77,320,275.86,240,275.9,40,276.0,360,276.08,80,276.17,120,276.18,160,276.19,200,276.2,240,276.23,160
2026-02-05 09:34:38,275.65,275.56,1,275.53,600,275.77,360,275.77,275.53,275.53,600,275.31,80,275.27,280,275.26,80,275.15,120,274.99,320,274.98,160,274.97,360,274.95,200,274.94,280,275.77,360,275.86,240,275.9,40,276.0,360,276.08,80,276.17,120,276.18,160,276.19,200,276.2,240,276.23,160
2026-02-05 09:34:39,275.65,275.56,1,275.53,600,275.77,360,275.77,275.53,275.53,600,275.31,80,275.27,280,275.26,80,275.15,120,274.99,320,274.98,160,274.97,360,274.95,200,274.94,280,275.77,360,275.86,240,275.9,40,276.0,360,276.08,80,276.17,120,276.18,160,276.19,200,276.2,240,276.23,160
2026-02-05 09:34:40,275.65,275.56,1,275.53,600,275.77,360,275.77,275.53,275.53,600,275.31,80,275.27,280,275.26,80,275.15,120,274.99,320,274.98,160,274.97,360,274.95,200,274.94,280,275.77,360,275.86,240,275.9,40,276.0,360,276.08,80,276.17,120,276.18,160,276.19,200,276.2,240,276.23,160
2026-02-05 09:34:41,275.65,275.56,1,275.53,600,275.77,400,275.77,275.53,275.53,600,275.31,80,275.27,280,275.26,80,275.15,120,274.99,320,274.98,160,274.97,360,274.95,200,274.94,280,275.77,400,275.86,240,275.9,40,276.0,360,276.08,80,276.17,120,276.18,160,276.19,200,276.2,240,276.23,160
2026-02-05 09:34:42,275.845,275.77,1,275.69,320,276.0,200,276.0,275.69,275.69,320,275.68,40,275.53,600,275.31,80,275.27,280,275.26,80,275.15,120,274.99,320,274.98,160,274.97,360,276.0,200,276.08,80,276.17,120,276.18,160,276.19,200,276.2,240,276.23,160,276.35,360,276.43,160,276.48,160
2026-02-05 09:34:43,275.845,275.77,1,275.69,320,276.0,400,276.0,275.69,275.69,320,275.68,40,275.53,600,275.31,80,275.27,280,275.26,80,275.15,120,274.99,320,274.98,160,274.97,360,276.0,400,276.08,80,276.17,120,276.18,160,276.19,200,276.2,240,276.23,160,276.35,360,276.43,160,276.48,160
2026-02-05 09:34:44,275.845,275.71,5,275.69,320,276.0,440,276.0,275.69,275.69,320,275.68,40,275.53,600,275.31,80,275.27,280,275.26,80,275.15,120,274.99,320,274.98,160,274.97,360,276.0,440,276.08,80,276.17,120,276.18,160,276.19,200,276.2,240,276.23,160,276.35,360,276.43,160,276.48,160
2026-02-05 09:34:45,275.86,275.95,1,275.77,120,275.95,200,275.95,275.77,275.77,120,275.69,320,275.68,40,275.53,600,275.31,80,275.27,280,275.26,80,275.15,120,274.99,320,274.98,160,275.95,200,276.0,440,276.08,80,276.17,120,276.18,160,276.19,200,276.2,240,276.23,160,276.35,360,276.43,160
2026-02-05 09:34:46,275.78,275.86,1,275.7,160,275.86,160,275.86,275.7,275.7,160,275.69,400,275.68,40,275.53,600,275.31,80,275.27,280,275.26,80,275.15,120,274.99,320,274.98,160,275.86,160,275.95,200,276.0,440,276.08,80,276.17,120,276.18,160,276.19,200,276.2,240,276.23,160,276.35,360
2026-02-05 09:34:47,275.78,275.86,1,275.7,160,275.86,400,275.86,275.7,275.7,160,275.69,400,275.68,40,275.53,600,275.31,80,275.27,280,275.26,80,275.15,120,274.99,320,274.98,160,275.86,400,275.95,200,276.0,440,276.08,80,276.17,120,276.18,160,276.19,200,276.2,240,276.23,160,276.35,360
2026-02-05 09:34:48,275.515,275.65,5,275.3,240,275.73,400,275.73,275.3,275.3,240,275.27,280,275.26,80,275.15,120,274.99,320,274.98,160,274.97,360,274.95,200,274.94,280,274.89,360,275.73,400,275.76,40,275.78,80,275.79,80,275.82,40,275.85,40,275.86,360,275.95,200,276.0,440,276.08,80
2026-02-05 09:34:49,275.65,275.43,2,275.57,160,275.73,320,275.73,275.57,275.57,160,275.3,240,275.27,280,275.26,80,275.15,120,274.99,320,274.98,160,274.97,360,274.95,200,274.94,280,275.73,320,275.76,40,275.78,80,275.79,80,275.82,40,275.85,40,275.86,360,275.95,200,276.0,440,276.08,80
2026-02-05 09:34:50,275.65,275.57,6,275.57,160,275.73,320,275.73,275.57,275.57,160,275.3,240,275.27,280,275.26,80,275.15,120,274.99,320,274.98,160,274.97,360,274.95,200,274.94,280,275.73,320,275.76,40,275.78,80,275.79,80,275.82,40,275.85,40,275.86,360,275.95,200,276.0,440,276.08,80
2026-02-05 09:34:51,275.65,275.57,6,275.57,160,275.73,320,275.73,275.57,275.57,160,275.3,240,275.27,280,275.26,80,275.15,120,274.99,320,274.98,160,274.97,360,274.95,200,274.94,280,275.73,320,275.76,40,275.78,80,275.79,80,275.82,40,275.85,40,275.86,360,275.95,200,276.0,440,276.08,80
2026-02-05 09:34:52,275.65,275.63,1,275.57,160,275.73,320,275.73,275.57,275.57,160,275.3,240,275.27,280,275.26,80,275.15,120,274.99,320,274.98,160,274.97,360,274.95,200,274.94,280,275.73,320,275.76,40,275.78,80,275.79,80,275.82,40,275.85,40,275.86,360,275.95,200,276.0,440,276.08,80
2026-02-05 09:34:53,275.49,275.63,1,275.3,240,275.68,360,275.68,275.3,275.3,240,275.27,280,275.26,80,275.15,120,274.99,320,274.98,160,274.97,360,274.95,200,274.94,280,274.89,360,275.68,360,275.69,280,275.73,320,275.76,40,275.78,80,275.79,80,275.82,40,275.85,40,275.86,360,275.95,200
2026-02-05 09:34:54,275.4,275.25,1,275.27,200,275.53,80,275.53,275.27,275.27,200,275.24,160,275.15,120,274.99,320,274.98,160,274.97,360,274.95,200,274.94,280,274.89,360,274.81,320,275.53,80,275.67,80,275.68,320,275.69,280,275.73,320,275.76,40,275.78,80,275.79,80,275.82,40,275.85,40
2026-02-05 09:34:55,275.4,275.39,1,275.27,160,275.53,520,275.53,275.27,275.27,160,275.24,160,275.15,120,274.99,320,274.98,160,274.97,360,274.95,200,274.94,280,274.89,360,274.81,320,275.53,520,275.67,80,275.68,320,275.69,280,275.73,320,275.76,40,275.78,80,275.79,80,275.82,40,275.85,40
2026-02-05 09:34:56,275.4,275.39,1,275.27,160,275.53,560,275.53,275.27,275.27,160,275.24,160,275.15,120,274.99,320,274.98,160,274.97,360,274.95,200,274.94,280,274.89,360,274.81,320,275.53,560,275.67,80,275.68,320,275.69,280,275.73,320,275.76,40,275.78,80,275.79,80,275.82,40,275.85,40
2026-02-05 09:34:57,275.4,275.39,1,275.27,160,275.53,520,275.53,275.27,275.27,160,275.24,160,275.15,120,274.99,320,274.98,160,274.97,360,274.95,200,274.94,280,274.89,360,274.81,320,275.53,520,275.67,80,275.68,320,275.69,280,275.73,320,275.76,40,275.78,80,275.79,80,275.82,40,275.85,40
2026-02-05 09:34:58,275.405,275.39,1,275.28,120,275.53,520,275.53,275.28,275.28,120,275.27,160,275.24,160,275.15,120,274.99,320,274.98,160,274.97,360,274.95,200,274.94,280,274.89,360,275.53,520,275.67,80,275.68,320,275.69,280,275.73,320,275.76,40,275.78,80,275.79,80,275.82,40,275.85,40
2026-02-05 09:34:59,275.52,275.52,1,275.44,200,275.6,80,275.6,275.44,275.44,200,275.41,160,275.3,200,275.29,120,275.28,120,275.27,160,275.24,160,275.15,120,274.99,320,274.98,160,275.6,80,275.67,80,275.68,320,275.69,280,275.73,320,275.76,40,275.78,80,275.79,80,275.82,40,275.85,40
2026-02-05 09:35:00,275.625,275.69,2,275.52,160,275.73,440,275.73,275.52,275.52,160,275.45,80,275.44,200,275.41,160,275.3,200,275.29,120,275.28,120,275.27,160,275.24,160,275.15,120,275.73,440,275.76,40,275.78,80,275.79,80,275.82,40,275.85,40,275.86,360,275.95,200,276.0,440,276.08,80
2026-02-05 09:35:01,275.63,275.69,2,275.53,120,275.73,440,275.73,275.53,275.53,120,275.52,160,275.45,80,275.44,200,275.41,160,275.3,200,275.29,120,275.28,120,275.27,160,275.24,160,275.73,440,275.76,40,275.78,80,275.79,80,275.82,40,275.85,40,275.86,360,275.95,200,276.0,440,276.08,80
2026-02-05 09:35:02,275.825,275.69,2,275.7,280,275.95,240,275.95,275.7,275.7,280,275.64,120,275.63,80,275.58,80,275.56,1080,275.53,120,275.52,160,275.45,80,275.44,200,275.41,160,275.95,240,276.0,440,276.08,80,276.17,120,276.18,160,276.19,200,276.2,240,276.23,160,276.35,360,276.43,160
2026-02-05 09:35:03,275.83,275.69,2,275.71,520,275.95,240,275.95,275.71,275.71,520,275.7,280,275.64,120,275.63,80,275.58,80,275.56,1080,275.53,120,275.52,160,275.45,80,275.44,200,275.95,240,276.0,440,276.08,80,276.17,120,276.18,160,276.19,200,276.2,240,276.23,160,276.35,360,276.43,160
2026-02-05 09:35:04,275.835,275.69,2,275.72,160,275.95,240,275.95,275.72,275.72,160,275.71,640,275.7,280,275.64,120,275.63,80,275.58,80,275.56,1080,275.53,120,275.52,160,275.45,80,275.95,240,276.0,440,276.08,80,276.17,120,276.18,160,276.19,200,276.2,240,276.23,160,276.35,360,276.43,160
2026-02-05 09:35:05,275.835,275.93,1,275.72,200,275.95,240,275.95,275.72,275.72,200,275.71,640,275.7,280,275.64,120,275.63,80,275.58,80,275.56,1080,275.53,120,275.52,160,275.45,80,275.95,240,276.0,440,276.08,80,276.17,120,276.18,160,276.19,200,276.2,240,276.23,160,276.35,360,276.43,160
2026-02-05 09:35:06,275.835,275.94,1,275.72,200,275.95,480,275.95,275.72,275.72,200,275.71,640,275.7,280,275.64,120,275.63,80,275.58,80,275.56,1080,275.53,120,275.52,160,275.45,80,275.95,480,276.0,440,276.08,80,276.17,120,276.18,160,276.19,200,276.2,240,276.23,160,276.35,360,276.43,160
2026-02-05 09:35:07,276.01,276.0,19,275.92,160,276.1,400,276.1,275.92,275.92,160,275.84,80,275.73,40,275.72,200,275.71,640,275.7,280,275.64,120,275.63,80,275.58,80,275.56,1080,276.1,400,276.17,120,276.18,160,276.19,200,276.2,240,276.23,160,276.35,360,276.43,160,276.48,160,276.66,40
2026-02-05 09:35:08,276.01,276.01,1,275.92,200,276.1,400,276.1,275.92,275.92,200,275.84,80,275.73,40,275.72,200,275.71,640,275.7,280,275.64,120,275.63,80,275.58,80,275.56,1080,276.1,400,276.17,120,276.18,160,276.19,200,276.2,240,276.23,160,276.35,360,276.43,160,276.48,160,276.66,40
2026-02-05 09:35:09,276.015,276.01,1,275.93,120,276.1,400,276.1,275.93,275.93,120,275.92,200,275.84,80,275.73,40,275.72,200,275.71,640,275.7,280,275.64,120,275.63,80,275.58,80,276.1,400,276.17,120,276.18,160,276.19,200,276.2,240,276.23,160,276.35,360,276.43,160,276.48,160,276.66,40
2026-02-05 09:35:10,276.1,276.1,3,276.02,80,276.18,240,276.18,276.02,276.02,80,275.96,40,275.93,120,275.92,200,275.84,80,275.73,40,275.72,200,275.71,640,275.7,280,275.64,120,276.18,240,276.19,200,276.2,240,276.23,160,276.35,360,276.43,160,276.48,160,276.66,40,276.67,320,276.7,120
2026-02-05 09:35:11,276.1,276.1,1,276.02,120,276.18,240,276.18,276.02,276.02,120,275.96,40,275.93,120,275.92,200,275.84,80,275.73,40,275.72,200,275.71,640,275.7,280,275.64,120,276.18,240,276.19,200,276.2,240,276.23,160,276.35,360,276.43,160,276.48,160,276.66,40,276.67,320,276.7,120
2026-02-05 09:35:12,276.1,276.1,1,276.02,120,276.18,240,276.18,276.02,276.02,120,275.96,40,275.93,120,275.92,200,275.84,80,275.73,40,275.72,200,275.71,640,275.7,280,275.64,120,276.18,240,276.19,200,276.2,240,276.23,160,276.35,360,276.43,160,276.48,160,276.66,40,276.67,320,276.7,120
2026-02-05 09:35:13,276.24,276.2,1,276.13,120,276.35,560,276.35,276.13,276.13,120,276.11,40,276.1,200,276.05,80,276.02,120,275.96,40,275.93,120,275.92,200,275.84,80,275.73,40,276.35,560,276.43,160,276.48,160,276.66,40,276.67,320,276.7,120,276.8,440,276.82,120,276.85,120,276.97,680
2026-02-05 09:35:14,276.32,276.35,2,276.16,240,276.48,160,276.48,276.16,276.16,240,276.13,120,276.11,40,276.1,200,276.05,80,276.02,120,275.96,40,275.93,120,275.92,200,275.84,80,276.48,160,276.66,40,276.67,320,276.7,120,276.8,440,276.82,120,276.85,120,276.97,680,,,,
2026-02-05 09:35:15,276.33,276.35,2,276.18,80,276.48,160,276.48,276.18,276.18,80,276.16,240,276.13,120,276.11,40,276.1,200,276.05,80,276.02,120,275.96,40,275.93,120,275.92,200,276.48,160,276.66,40,276.67,320,276.7,120,276.8,440,276.82,120,276.85,120,276.97,680,,,,
2026-02-05 09:35:16,276.35,276.48,2,276.22,360,276.48,160,276.48,276.22,276.22,360,276.2,160,276.18,200,276.16,240,276.13,120,276.11,40,276.1,200,276.05,80,276.02,120,275.96,40,276.48,160,276.66,40,276.67,320,276.7,120,276.8,440,276.82,120,276.85,120,276.97,680,,,,
2026-02-05 09:35:17,276.355,276.48,2,276.23,160,276.48,200,276.48,276.23,276.23,160,276.22,520,276.2,160,276.18,200,276.16,240,276.13,120,276.11,40,276.1,200,276.05,80,276.02,120,276.48,200,276.66,40,276.67,320,276.7,120,276.8,440,276.82,120,276.85,120,276.97,680,,,,
2026-02-05 09:35:18,276.355,276.48,2,276.23,240,276.48,280,276.48,276.23,276.23,240,276.22,520,276.2,160,276.18,200,276.16,240,276.13,120,276.11,40,276.1,200,276.05,80,276.02,120,276.48,280,276.66,40,276.67,320,276.7,120,276.8,440,276.82,120,276.85,120,276.97,680,,,,
2026-02-05 09:35:19,276.355,276.48,1,276.23,240,276.48,280,276.48,276.23,276.23,240,276.22,520,276.2,160,276.18,200,276.16,240,276.13,120,276.11,40,276.1,200,276.05,80,276.02,120,276.48,280,276.66,40,276.67,320,276.7,120,276.8,440,276.82,120,276.85,120,276.97,680,,,,
2026-02-05 09:35:20,276.355,276.48,1,276.23,240,276.48,280,276.48,276.23,276.23,240,276.22,520,276.2,160,276.18,200,276.16,240,276.13,120,276.11,40,276.1,200,276.05,80,276.02,120,276.48,280,276.66,40,276.67,320,276.7,120,276.8,440,276.82,120,276.85,120,276.97,680,,,,
2026-02-05 09:35:21,276.355,276.48,1,276.23,360,276.48,280,276.48,276.23,276.23,360,276.22,520,276.2,160,276.18,200,276.16,240,276.13,120,276.11,40,276.1,200,276.05,80,276.02,120,276.48,280,276.66,40,276.67,320,276.7,120,276.8,440,276.82,120,276.85,120,276.97,680,,,,
2026-02-05 09:35:22,276.575,276.5,1,276.36,160,276.79,80,276.79,276.36,276.36,160,276.35,120,276.23,360,276.22,520,276.2,160,276.18,200,276.16,240,276.13,120,276.11,40,276.1,200,276.79,80,276.8,560,276.82,120,276.85,120,276.97,680,,,,,,,,,,
2026-02-05 09:35:23,276.645,276.36,7,276.5,280,276.79,120,276.79,276.5,276.5,280,276.42,200,276.36,160,276.35,120,276.23,360,276.22,520,276.2,160,276.18,200,276.16,240,276.13,120,276.79,120,276.8,560,276.82,120,276.85,120,276.97,680,,,,,,,,,,
2026-02-05 09:35:24,276.645,276.36,7,276.5,240,276.79,120,276.79,276.5,276.5,240,276.42,200,276.36,160,276.35,120,276.23,360,276.22,520,276.2,160,276.18,200,276.16,240,276.13,120,276.79,120,276.8,560,276.82,120,276.85,120,276.97,680,,,,,,,,,,
2026-02-05 09:35:25,276.645,276.73,20,276.5,320,276.79,120,276.79,276.5,276.5,320,276.42,200,276.36,160,276.35,120,276.23,360,276.22,520,276.2,160,276.18,200,276.16,240,276.13,120,276.79,120,276.8,560,276.82,120,276.85,120,276.97,680,,,,,,,,,,
2026-02-05 09:35:26,276.595,276.64,1,276.5,440,276.69,40,276.69,276.5,276.5,440,276.42,200,276.36,160,276.35,120,276.23,360,276.22,520,276.2,160,276.18,200,276.16,240,276.13,120,276.69,40,276.79,200,276.8,560,276.82,120,276.85,120,276.97,680,,,,,,,,
2026-02-05 09:35:27,276.605,276.6,1,276.52,120,276.69,160,276.69,276.52,276.52,120,276.5,440,276.42,200,276.36,160,276.35,120,276.23,360,276.22,520,276.2,160,276.18,200,276.16,240,276.69,160,276.79,200,276.8,560,276.82,120,276.85,120,276.97,680,,,,,,,,
2026-02-05 09:35:28,276.755,276.8,1,276.67,120,276.84,40,276.84,276.67,276.67,120,276.63,320,276.62,160,276.61,160,276.6,160,276.57,80,276.53,360,276.52,320,276.5,440,276.42,200,276.84,40,276.85,120,276.97,680,,,,,,,,,,,,,,
2026-02-05 09:35:29,276.71,276.79,9,276.58,240,276.84,120,276.84,276.58,276.58,240,276.56,320,276.5,560,276.42,200,276.36,160,276.35,120,276.23,360,276.22,520,276.2,160,276.18,200,276.84,120,276.85,120,276.97,680,,,,,,,,,,,,,,
2026-02-05 09:35:30,276.71,276.79,9,276.58,240,276.84,120,276.84,276.58,276.58,240,276.56,320,276.5,560,276.42,200,276.36,160,276.35,120,276.23,360,276.22,520,276.2,160,276.18,200,276.84,120,276.85,120,276.97,680,,,,,,,,,,,,,,
2026-02-05 09:35:31,276.715,276.63,1,276.59,120,276.84,200,276.84,276.59,276.59,120,276.58,240,276.56,320,276.5,560,276.42,200,276.36,160,276.35,120,276.23,360,276.22,520,276.2,160,276.84,200,276.85,120,276.97,680,,,,,,,,,,,,,,
2026-02-05 09:35:32,276.695,276.63,1,276.55,80,276.84,320,276.84,276.55,276.55,80,276.45,160,276.39,40,276.38,80,276.31,80,276.23,400,276.22,520,276.2,160,276.18,200,276.16,240,276.84,320,276.85,120,276.97,680,,,,,,,,,,,,,,
2026-02-05 09:35:33,276.465,276.46,1,276.24,280,276.69,240,276.69,276.24,276.24,280,276.23,400,276.22,520,276.2,160,276.18,200,276.16,240,276.13,120,276.11,40,276.1,200,276.05,80,276.69,240,276.7,200,276.84,320,276.85,120,276.97,680,,,,,,,,,,
2026-02-05 09:35:34,276.485,276.46,1,276.37,120,276.6,200,276.6,276.37,276.37,120,276.24,280,276.23,400,276.22,520,276.2,160,276.18,200,276.16,240,276.13,120,276.11,40,276.1,200,276.6,200,276.69,240,276.7,200,276.84,320,276.85,120,276.97,680,,,,,,,,
2026-02-05 09:35:35,276.485,276.46,1,276.37,120,276.6,200,276.6,276.37,276.37,120,276.24,280,276.23,400,276.22,520,276.2,160,276.18,200,276.16,240,276.13,120,276.11,40,276.1,200,276.6,200,276.69,240,276.7,200,276.84,320,276.85,120,276.97,680,,,,,,,,
2026-02-05 09:35:36,276.48,276.37,5,276.37,120,276.59,120,276.59,276.37,276.37,120,276.24,280,276.23,400,276.22,520,276.2,160,276.18,200,276.16,240,276.13,120,276.11,40,276.1,200,276.59,120,276.6,240,276.69,240,276.7,200,276.84,320,276.85,120,276.97,680,,,,,,
2026-02-05 09:35:37,276.48,276.37,2,276.37,120,276.59,120,276.59,276.37,276.37,120,276.24,280,276.23,400,276.22,520,276.2,160,276.18,200,276.16,240,276.13,120,276.11,40,276.1,200,276.59,120,276.6,240,276.69,240,276.7,200,276.84,320,276.85,120,276.97,680,,,,,,
2026-02-05 09:35:38,276.33,276.37,2,276.23,480,276.43,160,276.43,276.23,276.23,480,276.22,520,276.2,160,276.18,200,276.16,240,276.13,120,276.11,40,276.1,200,276.05,80,276.02,120,276.43,160,276.59,160,276.6,240,276.69,240,276.7,200,276.84,320,276.85,120,276.97,680,,,,
2026-02-05 09:35:39,276.33,276.37,2,276.23,480,276.43,160,276.43,276.23,276.23,480,276.22,520,276.2,160,276.18,200,276.16,240,276.13,120,276.11,40,276.1,200,276.05,80,276.02,120,276.43,160,276.59,160,276.6,240,276.69,240,276.7,200,276.84,320,276.85,120,276.97,680,,,,
2026-02-05 09:35:40,276.255,276.21,1,276.18,240,276.33,320,276.33,276.18,276.18,240,276.16,240,276.13,120,276.11,40,276.1,200,276.05,80,276.02,120,275.96,40,275.93,120,275.92,200,276.33,320,276.43,160,276.59,160,276.6,240,276.69,240,276.7,200,276.84,320,276.85,120,276.97,680,,
2026-02-05 09:35:41,276.31,276.21,1,276.19,80,276.43,280,276.43,276.19,276.19,80,276.18,240,276.16,240,276.13,120,276.11,40,276.1,200,276.05,80,276.02,120,275.96,40,275.93,120,276.43,280,276.59,160,276.6,240,276.69,240,276.7,200,276.84,320,276.85,120,276.97,680,,,,
2026-02-05 09:35:42,276.155,276.18,1,276.0,160,276.31,120,276.31,276.0,276.0,160,275.96,40,275.93,120,275.92,200,275.84,80,275.73,40,275.72,200,275.71,640,275.7,280,275.64,120,276.31,120,276.39,40,276.43,280,276.59,160,276.6,240,276.69,240,276.7,200,276.84,320,276.85,120,276.97,680
2026-02-05 09:35:43,276.16,276.18,1,276.01,120,276.31,240,276.31,276.01,276.01,120,276.0,160,275.96,40,275.93,120,275.92,200,275.84,80,275.73,40,275.72,200,275.71,640,275.7,280,276.31,240,276.39,40,276.43,280,276.59,160,276.6,240,276.69,240,276.7,200,276.84,320,276.85,120,276.97,680
2026-02-05 09:35:44,276.16,276.18,1,276.01,120,276.31,240,276.31,276.01,276.01,120,276.0,160,275.96,40,275.93,120,275.92,200,275.84,80,275.73,40,275.72,200,275.71,640,275.7,280,276.31,240,276.39,40,276.43,280,276.59,160,276.6,240,276.69,240,276.7,200,276.84,320,276.85,120,276.97,680
2026-02-05 09:35:45,276.16,276.16,1,276.01,120,276.31,360,276.31,276.01,276.01,120,276.0,160,275.96,40,275.93,120,275.92,200,275.84,80,275.73,40,275.72,200,275.71,640,275.7,280,276.31,360,276.39,40,276.43,280,276.59,160,276.6,240,276.69,240,276.7,200,276.84,320,276.85,120,276.97,680
2026-02-05 09:35:46,276.16,276.09,1,276.01,120,276.31,360,276.31,276.01,276.01,120,276.0,160,275.96,40,275.93,120,275.92,200,275.84,80,275.73,40,275.72,200,275.71,640,275.7,280,276.31,360,276.39,40,276.43,280,276.59,160,276.6,240,276.69,240,276.7,200,276.84,320,276.85,120,276.97,680
2026-02-05 09:35:47,276.305,276.31,1,276.18,200,276.43,320,276.43,276.18,276.18,200,276.01,120,276.0,160,275.96,40,275.93,120,275.92,200,275.84,80,275.73,40,275.72,200,275.71,640,276.43,320,276.59,160,276.6,240,276.69,240,276.7,200,276.84,320,276.85,120,276.97,680,,,,
2026-02-05 09:35:49,276.24,276.3,1,276.05,160,276.43,480,276.43,276.05,276.05,160,276.01,120,276.0,160,275.96,40,275.93,120,275.92,200,275.84,80,275.73,40,275.72,200,275.71,640,276.43,480,276.59,160,276.6,240,276.69,240,276.7,200,276.84,320,276.85,120,276.97,680,,,,
2026-02-05 09:35:49,276.28,276.3,1,276.13,120,276.43,520,276.43,276.13,276.13,120,276.05,160,276.01,120,276.0,160,275.96,40,275.93,120,275.92,200,275.84,80,275.73,40,275.72,200,276.43,520,276.59,160,276.6,240,276.69,240,276.7,200,276.84,320,276.85,120,276.97,680,,,,
2026-02-05 09:35:50,276.1,276.3,1,276.0,160,276.2,40,276.2,276.0,276.0,160,275.96,40,275.93,120,275.92,200,275.84,80,275.73,40,275.72,200,275.71,640,275.7,280,275.64,120,276.2,40,276.28,40,276.31,120,276.32,120,276.43,520,276.59,160,276.6,240,276.69,240,276.7,200,276.84,320
2026-02-05 09:35:51,276.1,276.3,1,276.0,160,276.2,200,276.2,276.0,276.0,160,275.96,40,275.93,120,275.92,200,275.84,80,275.73,40,275.72,200,275.71,640,275.7,280,275.64,120,276.2,200,276.28,40,276.31,120,276.32,120,276.43,520,276.59,160,276.6,240,276.69,240,276.7,200,276.84,320
2026-02-05 09:35:52,276.1,276.3,1,276.0,200,276.2,200,276.2,276.0,276.0,200,275.96,40,275.93,120,275.92,200,275.84,80,275.73,40,275.72,200,275.71,640,275.7,280,275.64,120,276.2,200,276.28,40,276.31,120,276.32,120,276.43,520,276.59,160,276.6,240,276.69,240,276.7,200,276.84,320
2026-02-05 09:35:53,276.085,276.1,1,276.0,440,276.17,80,276.17,276.0,276.0,440,275.96,40,275.93,120,275.92,200,275.84,80,275.73,40,275.72,200,275.71,640,275.7,280,275.64,120,276.17,80,276.2,320,276.28,40,276.31,120,276.32,120,276.43,520,276.59,160,276.6,240,276.69,240,276.7,200
2026-02-05 09:35:54,276.085,276.1,1,276.0,440,276.17,120,276.17,276.0,276.0,440,275.96,40,275.93,120,275.92,200,275.84,80,275.73,40,275.72,200,275.71,640,275.7,280,275.64,120,276.17,120,276.2,320,276.28,40,276.31,120,276.32,120,276.43,520,276.59,160,276.6,240,276.69,240,276.7,200
2026-02-05 09:35:56,276.16,276.2,1,276.09,80,276.23,80,276.23,276.09,276.09,80,276.0,440,275.96,40,275.93,120,275.92,200,275.84,80,275.73,40,275.72,200,275.71,640,275.7,280,276.23,80,276.28,40,276.31,120,276.32,120,276.43,520,276.59,160,276.6,240,276.69,240,276.7,200,276.84,320
2026-02-05 09:35:57,276.16,276.27,2,276.09,80,276.23,80,276.23,276.09,276.09,80,276.0,440,275.96,40,275.93,120,275.92,200,275.84,80,275.73,40,275.72,200,275.71,640,275.7,280,276.23,80,276.28,40,276.31,120,276.32,120,276.43,520,276.59,160,276.6,240,276.69,240,276.7,200,276.84,320
2026-02-05 09:35:57,276.205,276.2,1,276.16,40,276.25,200,276.25,276.16,276.16,40,276.09,80,276.0,440,275.96,40,275.93,120,275.92,200,275.84,80,275.73,40,275.72,200,275.71,640,276.25,200,276.28,40,276.31,120,276.32,120,276.43,520,276.59,160,276.6,240,276.69,240,276.7,200,276.84,320
2026-02-05 09:35:58,276.33,276.2,1,276.23,80,276.43,520,276.43,276.23,276.23,80,276.2,40,276.16,40,276.09,80,276.0,440,275.96,40,275.93,120,275.92,200,275.84,80,275.73,40,276.43,520,276.59,160,276.6,240,276.69,240,276.7,200,276.84,320,276.85,120,276.97,680,,,,
2026-02-05 09:35:59,276.33,276.2,1,276.23,80,276.43,520,276.43,276.23,276.23,80,276.2,40,276.16,40,276.09,80,276.0,440,275.96,40,275.93,120,275.92,200,275.84,80,275.73,40,276.43,520,276.59,160,276.6,240,276.69,240,276.7,200,276.84,320,276.85,120,276.97,680,,,,
2026-02-05 09:36:01,276.335,276.2,1,276.24,40,276.43,520,276.43,276.24,276.24,40,276.23,80,276.2,40,276.16,40,276.09,80,276.0,440,275.96,40,275.93,120,275.92,200,275.84,80,276.43,520,276.59,160,276.6,240,276.69,240,276.7,200,276.84,320,276.85,120,276.97,680,,,,
2026-02-05 09:36:02,276.335,276.33,13,276.24,40,276.43,520,276.43,276.24,276.24,40,276.23,80,276.2,40,276.16,40,276.09,80,276.0,440,275.96,40,275.93,120,275.92,200,275.84,80,276.43,520,276.59,160,276.6,240,276.69,240,276.7,200,276.84,320,276.85,120,276.97,680,,,,
2026-02-05 09:36:03,276.47,276.39,7,276.35,120,276.59,280,276.59,276.35,276.35,120,276.33,40,276.25,40,276.24,80,276.23,80,276.2,40,276.16,40,276.09,80,276.0,440,275.96,40,276.59,280,276.6,240,276.69,240,276.7,200,276.84,320,276.85,120,276.97,680,,,,,,
2026-02-05 09:36:04,276.47,276.4,1,276.35,120,276.59,280,276.59,276.35,276.35,120,276.33,40,276.25,40,276.24,80,276.23,80,276.2,40,276.16,40,276.09,80,276.0,440,275.96,40,276.59,280,276.6,240,276.69,240,276.7,200,276.84,320,276.85,120,276.97,680,,,,,,
2026-02-05 09:36:05,276.505,276.4,1,276.42,80,276.59,360,276.59,276.42,276.42,80,276.35,120,276.33,40,276.25,40,276.24,80,276.23,80,276.2,40,276.16,40,276.09,80,276.0,440,276.59,360,276.6,240,276.69,240,276.7,200,276.84,320,276.85,120,276.97,680,,,,,,
2026-02-05 09:36:06,276.505,276.42,1,276.42,80,276.59,360,276.59,276.42,276.42,80,276.35,120,276.33,40,276.25,40,276.24,80,276.23,80,276.2,40,276.16,40,276.09,80,276.0,440,276.59,360,276.6,240,276.69,240,276.7,200,276.84,320,276.85,120,276.97,680,,,,,,
2026-02-05 09:36:06,276.505,276.42,1,276.42,80,276.59,360,276.59,276.42,276.42,80,276.35,120,276.33,40,276.25,40,276.24,80,276.23,80,276.2,40,276.16,40,276.09,80,276.0,440,276.59,360,276.6,240,276.69,240,276.7,200,276.84,320,276.85,120,276.97,680,,,,,,
2026-02-05 09:36:08,276.325,276.42,1,276.24,120,276.41,160,276.41,276.24,276.24,120,276.23,80,276.2,40,276.16,40,276.09,80,276.0,440,275.96,40,275.93,120,275.92,200,275.84,80,276.41,160,276.5,280,276.55,40,276.59,480,276.6,240,276.69,240,276.7,200,276.84,320,276.85,120,276.97,680
2026-02-05 09:36:09,276.535,276.42,1,276.48,120,276.59,320,276.59,276.48,276.48,120,276.47,80,276.46,80,276.45,80,276.44,80,276.43,80,276.42,80,276.41,80,276.4,80,276.32,120,276.59,320,276.6,240,276.69,240,276.7,200,276.84,320,276.85,120,276.97,680,,,,,,
2026-02-05 09:36:09,276.435,276.42,1,276.33,40,276.54,40,276.54,276.33,276.33,40,276.32,120,276.24,200,276.23,80,276.2,40,276.16,40,276.09,80,276.0,440,275.96,40,275.93,120,276.54,40,276.59,320,276.6,240,276.69,240,276.7,200,276.84,320,276.85,120,276.97,680,,,,
2026-02-05 09:36:11,276.435,276.42,1,276.33,40,276.54,40,276.54,276.33,276.33,40,276.32,120,276.24,200,276.23,80,276.2,40,276.16,40,276.09,80,276.0,440,275.96,40,275.93,120,276.54,40,276.59,320,276.6,240,276.69,240,276.7,200,276.84,320,276.85,120,276.97,680,,,,
2026-02-05 09:36:12,276.455,276.42,1,276.33,40,276.58,40,276.58,276.33,276.33,40,276.32,120,276.24,200,276.23,80,276.2,40,276.16,40,276.09,80,276.0,440,275.96,40,275.93,120,276.58,40,276.59,320,276.6,240,276.69,240,276.7,200,276.84,320,276.85,120,276.97,680,,,,
2026-02-05 09:36:13,276.455,276.42,1,276.33,80,276.58,40,276.58,276.33,276.33,80,276.32,120,276.24,200,276.23,80,276.2,40,276.16,40,276.09,80,276.0,440,275.96,40,275.93,120,276.58,40,276.59,320,276.6,240,276.69,240,276.7,200,276.84,320,276.85,120,276.97,680,,,,
2026-02-05 09:36:13,276.695,276.59,1,276.55,80,276.84,320,276.84,276.55,276.55,80,276.54,40,276.53,40,276.43,40,276.33,80,276.32,120,276.24,200,276.23,80,276.2,40,276.16,40,276.84,320,276.85,120,276.97,680,,,,,,,,,,,,,,
2026-02-05 09:36:15,276.685,276.59,1,276.55,80,276.82,120,276.82,276.55,276.55,80,276.54,40,276.53,40,276.43,40,276.33,80,276.32,120,276.24,200,276.23,80,276.2,40,276.16,40,276.82,120,276.84,320,276.85,120,276.97,680,,,,,,,,,,,,
2026-02-05 09:36:16,276.695,276.66,3,276.57,120,276.82,280,276.82,276.57,276.57,120,276.55,80,276.54,40,276.53,40,276.43,40,276.33,80,276.32,120,276.24,200,276.23,80,276.2,40,276.82,280,276.84,320,276.85,120,276.97,680,,,,,,,,,,,,
2026-02-05 09:36:17,276.545,276.66,3,276.43,40,276.66,40,276.66,276.43,276.43,40,276.33,120,276.32,120,276.24,200,276.23,80,276.2,40,276.16,40,276.09,80,276.0,440,275.96,40,276.66,40,276.69,40,276.7,80,276.82,320,276.84,320,276.85,120,276.97,680,,,,,,
2026-02-05 09:36:18,276.545,276.66,3,276.43,160,276.66,40,276.66,276.43,276.43,160,276.33,120,276.32,120,276.24,200,276.23,80,276.2,40,276.16,40,276.09,80,276.0,440,275.96,40,276.66,40,276.69,40,276.7,80,276.82,320,276.84,320,276.85,120,276.97,680,,,,,,
2026-02-05 09:36:19,276.52,276.66,3,276.43,160,276.61,40,276.61,276.43,276.43,160,276.33,120,276.32,120,276.24,200,276.23,80,276.2,40,276.16,40,276.09,80,276.0,440,275.96,40,276.61,40,276.66,40,276.69,40,276.7,80,276.82,320,276.84,320,276.85,120,276.97,680,,,,
2026-02-05 09:36:20,276.555,276.55,11,276.45,80,276.66,160,276.66,276.45,276.45,80,276.43,160,276.33,120,276.32,120,276.24,200,276.23,80,276.2,40,276.16,40,276.09,80,276.0,440,276.66,160,276.69,40,276.7,80,276.82,320,276.84,320,276.85,120,276.97,680,,,,,,
2026-02-05 09:36:21,276.565,276.64,1,276.47,40,276.66,160,276.66,276.47,276.47,40,276.45,80,276.43,160,276.33,120,276.32,120,276.24,200,276.23,80,276.2,40,276.16,40,276.09,80,276.66,160,276.69,40,276.7,80,276.82,320,276.84,320,276.85,120,276.97,680,,,,,,
2026-02-05 09:36:22,276.565,276.64,1,276.47,40,276.66,160,276.66,276.47,276.47,40,276.45,80,276.43,160,276.33,120,276.32,120,276.24,200,276.23,80,276.2,40,276.16,40,276.09,80,276.66,160,276.69,40,276.7,80,276.82,320,276.84,320,276.85,120,276.97,680,,,,,,
2026-02-05 09:36:23,276.565,276.64,1,276.47,40,276.66,160,276.66,276.47,276.47,40,276.45,80,276.43,160,276.33,120,276.32,120,276.24,200,276.23,80,276.2,40,276.16,40,276.09,80,276.66,160,276.69,40,276.7,80,276.82,320,276.84,320,276.85,120,276.97,680,,,,,,
2026-02-05 09:36:24,276.565,276.57,1,276.47,40,276.66,160,276.66,276.47,276.47,40,276.45,80,276.43,160,276.33,120,276.32,120,276.24,200,276.23,80,276.2,40,276.16,40,276.09,80,276.66,160,276.69,40,276.7,80,276.82,320,276.84,320,276.85,120,276.97,680,,,,,,
2026-02-05 09:36:25,276.565,276.57,1,276.47,40,276.66,200,276.66,276.47,276.47,40,276.45,80,276.43,160,276.33,120,276.32,120,276.24,200,276.23,80,276.2,40,276.16,40,276.09,80,276.66,200,276.69,40,276.7,80,276.82,320,276.84,320,276.85,120,276.97,680,,,,,,
2026-02-05 09:36:26,276.565,276.57,1,276.47,120,276.66,280,276.66,276.47,276.47,120,276.45,80,276.43,160,276.33,120,276.32,120,276.24,200,276.23,80,276.2,40,276.16,40,276.09,80,276.66,280,276.69,40,276.7,80,276.82,320,276.84,320,276.85,120,276.97,680,,,,,,
2026-02-05 09:36:27,276.565,276.57,1,276.47,240,276.66,280,276.66,276.47,276.47,240,276.45,80,276.43,160,276.33,120,276.32,120,276.24,200,276.23,80,276.2,40,276.16,40,276.09,80,276.66,280,276.69,40,276.7,80,276.82,320,276.84,320,276.85,120,276.97,680,,,,,,
2026-02-05 09:36:28,276.565,276.57,1,276.47,240,276.66,240,276.66,276.47,276.47,240,276.45,80,276.43,160,276.33,120,276.32,120,276.24,200,276.23,80,276.2,40,276.16,40,276.09,80,276.66,240,276.69,40,276.7,80,276.82,320,276.84,320,276.85,120,276.97,680,,,,,,
2026-02-05 09:36:29,276.325,276.47,1,276.24,280,276.41,40,276.41,276.24,276.24,280,276.23,80,276.2,40,276.16,40,276.09,80,276.0,440,275.96,40,275.93,120,275.92,200,275.84,80,276.41,40,276.48,800,276.54,200,276.57,80,276.66,240,276.69,40,276.7,80,276.82,320,276.84,320,276.85,120
2026-02-05 09:36:30,276.325,276.47,1,276.24,280,276.41,40,276.41,276.24,276.24,280,276.23,80,276.2,40,276.16,40,276.09,80,276.0,440,275.96,40,275.93,120,275.92,200,275.84,80,276.41,40,276.48,800,276.54,200,276.57,80,276.66,240,276.69,40,276.7,80,276.82,320,276.84,320,276.85,120
2026-02-05 09:36:31,276.375,276.36,1,276.24,280,276.51,40,276.51,276.24,276.24,280,276.23,80,276.2,40,276.16,40,276.09,80,276.0,440,275.96,40,275.93,120,275.92,200,275.84,80,276.51,40,276.52,80,276.54,200,276.57,80,276.66,240,276.69,40,276.7,80,276.82,320,276.84,320,276.85,120
2026-02-05 09:36:32,276.37,276.38,6,276.24,280,276.5,40,276.5,276.24,276.24,280,276.23,80,276.2,40,276.16,40,276.09,80,276.0,440,275.96,40,275.93,120,275.92,200,275.84,80,276.5,40,276.51,40,276.52,80,276.54,200,276.57,80,276.66,240,276.69,40,276.7,80,276.82,320,276.84,320
2026-02-05 09:36:33,276.355,276.44,1,276.24,280,276.47,40,276.47,276.24,276.24,280,276.23,80,276.2,40,276.16,40,276.09,80,276.0,440,275.96,40,275.93,120,275.92,200,275.84,80,276.47,40,276.52,40,276.54,200,276.57,80,276.66,240,276.69,40,276.7,80,276.82,320,276.84,320,276.85,120
2026-02-05 09:36:34,276.435,276.46,1,276.35,160,276.52,40,276.52,276.35,276.35,160,276.24,280,276.23,80,276.2,40,276.16,40,276.09,80,276.0,440,275.96,40,275.93,120,275.92,200,276.52,40,276.54,200,276.57,80,276.66,240,276.69,40,276.7,80,276.82,320,276.84,320,276.85,120,276.97,680
2026-02-05 09:36:35,276.57,276.48,9,276.48,200,276.66,280,276.66,276.48,276.48,200,276.39,80,276.38,160,276.35,160,276.24,280,276.23,80,276.2,40,276.16,40,276.09,80,276.0,440,276.66,280,276.69,40,276.7,80,276.82,320,276.84,320,276.85,120,276.97,680,,,,,,
2026-02-05 09:36:36,276.57,276.48,9,276.48,200,276.66,320,276.66,276.48,276.48,200,276.39,80,276.38,160,276.35,160,276.24,280,276.23,80,276.2,40,276.16,40,276.09,80,276.0,440,276.66,320,276.69,40,276.7,80,276.82,320,276.84,320,276.85,120,276.97,680,,,,,,
2026-02-05 09:36:37,276.57,276.48,1,276.48,200,276.66,320,276.66,276.48,276.48,200,276.39,80,276.38,160,276.35,160,276.24,280,276.23,80,276.2,40,276.16,40,276.09,80,276.0,440,276.66,320,276.69,40,276.7,80,276.82,320,276.84,320,276.85,120,276.97,680,,,,,,
2026-02-05 09:36:38,276.53,276.66,5,276.4,120,276.66,440,276.66,276.4,276.4,120,276.39,80,276.38,160,276.35,160,276.24,280,276.23,80,276.2,40,276.16,40,276.09,80,276.0,440,276.66,440,276.69,40,276.7,80,276.82,320,276.84,320,276.85,120,276.97,680,,,,,,
2026-02-05 09:36:39,276.5,276.66,5,276.4,120,276.6,40,276.6,276.4,276.4,120,276.39,80,276.38,160,276.35,160,276.24,280,276.23,80,276.2,40,276.16,40,276.09,80,276.0,440,276.6,40,276.61,40,276.66,560,276.69,40,276.7,80,276.82,320,276.84,320,276.85,120,276.97,680,,
2026-02-05 09:36:40,276.5,276.66,5,276.4,200,276.6,40,276.6,276.4,276.4,200,276.39,80,276.38,160,276.35,160,276.24,280,276.23,80,276.2,40,276.16,40,276.09,80,276.0,440,276.6,40,276.61,40,276.66,560,276.69,40,276.7,80,276.82,320,276.84,320,276.85,120,276.97,680,,
2026-02-05 09:36:41,276.5,276.66,5,276.4,200,276.6,40,276.6,276.4,276.4,200,276.39,80,276.38,160,276.35,160,276.24,280,276.23,80,276.2,40,276.16,40,276.09,80,276.0,440,276.6,40,276.61,40,276.66,560,276.69,40,276.7,80,276.82,320,276.84,320,276.85,120,276.97,680,,
2026-02-05 09:36:42,276.5,276.5,1,276.4,200,276.6,40,276.6,276.4,276.4,200,276.39,80,276.38,160,276.35,160,276.24,280,276.23,80,276.2,40,276.16,40,276.09,80,276.0,440,276.6,40,276.61,40,276.66,560,276.69,40,276.7,80,276.82,320,276.84,320,276.85,120,276.97,680,,
2026-02-05 09:36:43,276.5,276.5,1,276.4,200,276.6,40,276.6,276.4,276.4,200,276.39,80,276.38,160,276.35,160,276.24,280,276.23,80,276.2,40,276.16,40,276.09,80,276.0,440,276.6,40,276.61,40,276.66,560,276.69,40,276.7,80,276.82,320,276.84,320,276.85,120,276.97,680,,
2026-02-05 09:36:44,276.5,276.5,1,276.4,200,276.6,40,276.6,276.4,276.4,200,276.39,80,276.38,160,276.35,160,276.24,280,276.23,80,276.2,40,276.16,40,276.09,80,276.0,440,276.6,40,276.61,40,276.66,560,276.69,40,276.7,80,276.82,320,276.84,320,276.85,120,276.97,680,,
2026-02-05 09:36:45,276.38,276.5,1,276.3,120,276.46,120,276.46,276.3,276.3,120,276.24,280,276.23,80,276.2,40,276.16,40,276.09,80,276.0,440,275.96,40,275.93,120,275.92,200,276.46,120,276.5,280,276.57,40,276.6,40,276.61,40,276.66,560,276.69,40,276.7,80,276.82,320,276.84,320
2026-02-05 09:36:46,276.38,276.5,1,276.3,120,276.46,120,276.46,276.3,276.3,120,276.24,280,276.23,80,276.2,40,276.16,40,276.09,80,276.0,440,275.96,40,275.93,120,275.92,200,276.46,120,276.5,280,276.57,40,276.6,40,276.61,40,276.66,560,276.69,40,276.7,80,276.82,320,276.84,320
2026-02-05 09:36:47,276.49,276.45,1,276.38,80,276.6,40,276.6,276.38,276.38,80,276.31,40,276.3,120,276.24,280,276.23,80,276.2,40,276.16,40,276.09,80,276.0,440,275.96,40,276.6,40,276.61,40,276.66,560,276.69,40,276.7,80,276.82,320,276.84,320,276.85,120,276.97,680,,
2026-02-05 09:36:48,276.49,276.45,1,276.38,80,276.6,120,276.6,276.38,276.38,80,276.31,40,276.3,120,276.24,280,276.23,80,276.2,40,276.16,40,276.09,80,276.0,440,275.96,40,276.6,120,276.61,40,276.66,560,276.69,40,276.7,80,276.82,320,276.84,320,276.85,120,276.97,680,,
2026-02-05 09:36:49,276.49,276.4,1,276.39,120,276.59,80,276.59,276.39,276.39,120,276.38,80,276.31,40,276.3,120,276.24,280,276.23,80,276.2,40,276.16,40,276.09,80,276.0,440,276.59,80,276.6,120,276.61,40,276.66,560,276.69,40,276.7,80,276.82,320,276.84,320,276.85,120,276.97,680
2026-02-05 09:36:50,276.49,276.4,1,276.39,1240,276.59,80,276.59,276.39,276.39,1240,276.38,80,276.31,40,276.3,120,276.24,280,276.23,80,276.2,40,276.16,40,276.09,80,276.0,440,276.59,80,276.6,120,276.61,40,276.66,560,276.69,40,276.7,80,276.82,320,276.84,320,276.85,120,276.97,680
2026-02-05 09:36:51,276.395,276.36,1,276.25,120,276.54,40,276.54,276.25,276.25,120,276.24,320,276.23,80,276.2,40,276.16,40,276.09,80,276.0,440,275.96,40,275.93,120,275.92,200,276.54,40,276.57,160,276.59,80,276.6,120,276.61,40,276.66,560,276.69,40,276.7,80,276.82,320,276.84,320
2026-02-05 09:36:52,276.295,276.25,4,276.2,80,276.39,1120,276.39,276.2,276.2,80,276.17,40,276.16,40,276.09,80,276.0,440,275.96,40,275.93,120,275.92,200,275.84,80,275.73,40,276.39,1120,276.44,40,276.46,80,276.54,40,276.57,160,276.59,80,276.6,120,276.61,40,276.66,560,276.69,40
2026-02-05 09:36:53,276.3,276.25,4,276.21,120,276.39,1120,276.39,276.21,276.21,120,276.2,160,276.17,40,276.16,40,276.09,80,276.0,440,275.96,40,275.93,120,275.92,200,275.84,80,276.39,1120,276.44,40,276.46,80,276.54,40,276.57,160,276.59,80,276.6,120,276.61,40,276.66,560,276.69,40
2026-02-05 09:36:54,276.19,276.21,1,276.0,640,276.38,40,276.38,276.0,276.0,640,275.96,40,275.93,120,275.92,200,275.84,80,275.73,40,275.72,200,275.71,640,275.7,280,275.64,120,276.38,40,276.39,1160,276.44,40,276.46,80,276.54,40,276.57,160,276.59,80,276.6,120,276.61,40,276.66,560
2026-02-05 09:36:55,276.25,276.21,1,276.12,200,276.38,80,276.38,276.12,276.12,200,276.0,640,275.96,40,275.93,120,275.92,200,275.84,80,275.73,40,275.72,200,275.71,640,275.7,280,276.38,80,276.39,1160,276.44,40,276.46,80,276.54,40,276.57,160,276.59,80,276.6,120,276.61,40,276.66,560
2026-02-05 09:36:56,276.25,276.21,1,276.12,200,276.38,80,276.38,276.12,276.12,200,276.0,640,275.96,40,275.93,120,275.92,200,275.84,80,275.73,40,275.72,200,275.71,640,275.7,280,276.38,80,276.39,1160,276.44,40,276.46,80,276.54,40,276.57,160,276.59,80,276.6,120,276.61,40,276.66,560
2026-02-05 09:36:57,276.25,276.44,2,276.12,200,276.38,80,276.38,276.12,276.12,200,276.0,640,275.96,40,275.93,120,275.92,200,275.84,80,275.73,40,275.72,200,275.71,640,275.7,280,276.38,80,276.39,1160,276.44,40,276.46,80,276.54,40,276.57,160,276.59,80,276.6,120,276.61,40,276.66,560
2026-02-05 09:36:58,276.25,276.44,2,276.12,200,276.38,160,276.38,276.12,276.12,200,276.0,640,275.96,40,275.93,120,275.92,200,275.84,80,275.73,40,275.72,200,275.71,640,275.7,280,276.38,160,276.39,1160,276.44,40,276.46,80,276.54,40,276.57,160,276.59,80,276.6,120,276.61,40,276.66,560
2026-02-05 09:36:59,276.39,276.39,10,276.32,120,276.46,40,276.46,276.32,276.32,120,276.31,120,276.27,40,276.12,200,276.0,640,275.96,40,275.93,120,275.92,200,275.84,80,275.73,40,276.46,40,276.54,40,276.57,160,276.59,80,276.6,120,276.61,40,276.66,560,276.69,40,276.7,80,276.82,320
2026-02-05 09:37:00,276.39,276.39,10,276.32,120,276.46,40,276.46,276.32,276.32,120,276.31,120,276.27,40,276.12,200,276.0,640,275.96,40,275.93,120,275.92,200,275.84,80,275.73,40,276.46,40,276.54,40,276.57,160,276.59,80,276.6,120,276.61,40,276.66,560,276.69,40,276.7,80,276.82,320
