sim_time,mid_price,last_price,last_size,best_bid_price,best_bid_size,best_ask_price,best_ask_size,close_price_buy,close_price_sell,bid1_price,bid1_size,bid2_price,bid2_size,bid3_price,bid3_size,bid4_price,bid4_size,bid5_price,bid5_size,bid6_price,bid6_size,bid7_price,bid7_size,bid8_price,bid8_size,bid9_price,bid9_size,bid10_price,bid10_size,ask1_price,ask1_size,ask2_price,ask2_size,ask3_price,ask3_size,ask4_price,ask4_size,ask5_price,ask5_size,ask6_price,ask6_size,ask7_price,ask7_size,ask8_price,ask8_size,ask9_price,ask9_size,ask10_price,ask10_size
2020-10-29 09:30:25,183.135,0.0,0,182.88,1,183.39,3,183.39,182.88,182.88,1,182.86,2,182.12,1,182.11,5,,,,,,,,,,,,,183.39,3,183.4,2,183.43,2,183.67,3,,,,,,,,,,,,
2020-10-29 09:30:26,183.135,0.0,0,182.88,1,183.39,3,183.39,182.88,182.88,1,182.86,2,182.12,1,182.11,5,,,,,,,,,,,,,183.39,3,183.4,2,183.43,2,183.67,3,,,,,,,,,,,,
2020-10-29 09:30:27,183.06,0.0,0,182.88,1,183.24,5,183.24,182.88,182.88,1,182.86,2,182.12,1,182.11,5,,,,,,,,,,,,,183.24,5,183.39,3,183.4,2,183.43,2,183.67,3,,,,,,,,,,
2020-10-29 09:30:28,183.005,183.0,1,182.88,1,183.13,4,183.13,182.88,182.88,1,182.86,2,182.12,1,182.11,5,,,,,,,,,,,,,183.13,4,183.24,5,183.39,3,183.4,2,183.43,2,183.67,3,,,,,,,,
2020-10-29 09:30:29,183.005,183.0,1,182.88,1,183.13,4,183.13,182.88,182.88,1,182.86,2,182.12,1,182.11,5,,,,,,,,,,,,,183.13,4,183.24,5,183.39,3,183.4,2,183.43,2,183.67,3,,,,,,,,
2020-10-29 09:30:30,182.99,183.1,1,182.88,1,183.1,3,183.1,182.88,182.88,1,182.86,2,182.12,1,182.11,5,,,,,,,,,,,,,183.1,3,183.13,4,183.24,5,183.39,3,183.4,2,183.43,2,183.67,3,,,,,,
2020-10-29 09:30:31,182.99,183.0,2,182.88,1,183.1,3,183.1,182.88,182.88,1,182.86,2,182.12,1,182.11,5,,,,,,,,,,,,,183.1,3,183.13,4,183.24,5,183.39,3,183.4,2,183.43,2,183.67,3,,,,,,
2020-10-29 09:30:32,182.99,183.0,1,182.88,1,183.1,3,183.1,182.88,182.88,1,182.86,2,182.12,1,182.11,5,,,,,,,,,,,,,183.1,3,183.13,4,183.24,5,183.39,3,183.4,2,183.43,2,183.67,3,,,,,,
2020-10-29 09:30:34,182.99,183.0,1,182.88,1,183.1,3,183.1,182.88,182.88,1,182.86,2,182.12,1,182.11,5,,,,,,,,,,,,,183.1,3,183.13,4,183.24,5,183.39,3,183.4,2,183.43,2,183.67,3,,,,,,
2020-10-29 09:30:35,182.99,183.0,1,182.88,1,183.1,3,183.1,182.88,182.88,1,182.86,2,182.12,1,182.11,5,,,,,,,,,,,,,183.1,3,183.13,4,183.24,5,183.39,3,183.4,2,183.43,2,183.67,3,,,,,,
2020-10-29 09:30:35,182.955,183.0,1,182.88,1,183.03,2,183.03,182.88,182.88,1,182.86,2,182.12,1,182.11,5,,,,,,,,,,,,,183.03,2,183.1,3,183.13,4,183.24,5,183.39,3,183.4,2,183.43,2,183.67,3,,,,
2020-10-29 09:30:37,183.005,183.0,1,182.88,1,183.13,4,183.13,182.88,182.88,1,182.86,2,182.12,1,182.11,5,,,,,,,,,,,,,183.13,4,183.24,5,183.39,3,183.4,2,183.43,2,183.67,3,,,,,,,,
2020-10-29 09:30:38,183.005,183.0,1,182.88,1,183.13,4,183.13,182.88,182.88,1,182.86,2,182.12,1,182.11,5,,,,,,,,,,,,,183.13,4,183.24,5,183.39,3,183.4,2,183.43,2,183.67,3,,,,,,,,
2020-10-29 09:30:39,183.005,183.0,1,182.88,1,183.13,4,183.13,182.88,182.88,1,182.86,2,182.12,1,182.11,5,,,,,,,,,,,,,183.13,4,183.24,5,183.39,3,183.4,2,183.43,2,183.67,3,,,,,,,,
2020-10-29 09:30:40,183.005,183.0,1,182.88,1,183.13,4,183.13,182.88,182.88,1,182.86,2,182.12,1,182.11,5,,,,,,,,,,,,,183.13,4,183.24,5,183.39,3,183.4,2,183.43,2,183.67,3,,,,,,,,
2020-10-29 09:30:41,183.05,183.0,2,182.97,2,183.13,4,183.13,182.97,182.97,2,182.88,1,182.86,2,182.12,1,182.11,5,,,,,,,,,,,183.13,4,183.24,5,183.39,3,183.4,2,183.43,2,183.67,3,,,,,,,,
2020-10-29 09:30:41,183.05,183.0,2,182.97,2,183.13,4,183.13,182.97,182.97,2,182.88,1,182.86,2,182.12,1,182.11,5,,,,,,,,,,,183.13,4,183.24,5,183.39,3,183.4,2,183.43,2,183.67,3,,,,,,,,
2020-10-29 09:30:43,183.05,183.0,2,182.97,2,183.13,4,183.13,182.97,182.97,2,182.88,1,182.86,2,182.12,1,182.11,5,,,,,,,,,,,183.13,4,183.24,5,183.39,3,183.4,2,183.43,2,183.67,3,,,,,,,,
2020-10-29 09:30:43,183.05,183.0,2,182.97,2,183.13,4,183.13,182.97,182.97,2,182.88,1,182.86,2,182.12,1,182.11,5,,,,,,,,,,,183.13,4,183.24,5,183.39,3,183.4,2,183.43,2,183.67,3,,,,,,,,
2020-10-29 09:30:45,183.05,183.0,1,182.97,1,183.13,4,183.13,182.97,182.97,1,182.88,1,182.86,2,182.12,1,182.11,5,,,,,,,,,,,183.13,4,183.24,5,183.39,3,183.4,2,183.43,2,183.67,3,,,,,,,,
2020-10-29 09:30:46,182.89,183.04,1,182.65,1,183.13,4,183.13,182.65,182.65,1,182.12,1,182.11,5,,,,,,,,,,,,,,,183.13,4,183.24,5,183.39,3,183.4,2,183.43,2,183.67,3,,,,,,,,
2020-10-29 09:30:47,182.89,183.04,1,182.65,1,183.13,4,183.13,182.65,182.65,1,182.12,1,182.11,5,,,,,,,,,,,,,,,183.13,4,183.24,5,183.39,3,183.4,2,183.43,2,183.67,3,,,,,,,,
2020-10-29 09:30:47,182.89,183.04,1,182.65,1,183.13,4,183.13,182.65,182.65,1,182.12,1,182.11,5,,,,,,,,,,,,,,,183.13,4,183.24,5,183.39,3,183.4,2,183.43,2,183.67,3,,,,,,,,
2020-10-29 09:30:49,182.89,183.0,1,182.65,1,183.13,4,183.13,182.65,182.65,1,182.12,1,182.11,5,,,,,,,,,,,,,,,183.13,4,183.24,5,183.39,3,183.4,2,183.43,2,183.67,3,,,,,,,,
2020-10-29 09:30:50,182.89,183.0,1,182.65,1,183.13,4,183.13,182.65,182.65,1,182.12,1,182.11,5,,,,,,,,,,,,,,,183.13,4,183.24,5,183.39,3,183.4,2,183.43,2,183.67,3,,,,,,,,
2020-10-29 09:30:51,182.89,183.0,1,182.65,1,183.13,4,183.13,182.65,182.65,1,182.12,1,182.11,5,,,,,,,,,,,,,,,183.13,4,183.24,5,183.39,3,183.4,2,183.43,2,183.67,3,,,,,,,,
2020-10-29 09:30:51,183.05,183.0,1,182.97,2,183.13,4,183.13,182.97,182.97,2,182.65,1,182.12,1,182.11,5,,,,,,,,,,,,,183.13,4,183.24,5,183.39,3,183.4,2,183.43,2,183.67,3,,,,,,,,
2020-10-29 09:30:53,183.05,183.0,1,182.97,2,183.13,4,183.13,182.97,182.97,2,182.65,1,182.12,1,182.11,5,,,,,,,,,,,,,183.13,4,183.24,5,183.39,3,183.4,2,183.43,2,183.67,3,,,,,,,,
2020-10-29 09:30:54,182.965,183.0,3,182.8,2,183.13,4,183.13,182.8,182.8,2,182.65,1,182.12,1,182.11,5,,,,,,,,,,,,,183.13,4,183.24,5,183.39,3,183.4,2,183.43,2,183.67,3,,,,,,,,
2020-10-29 09:30:55,182.965,183.0,3,182.8,2,183.13,4,183.13,182.8,182.8,2,182.65,1,182.12,1,182.11,5,,,,,,,,,,,,,183.13,4,183.24,5,183.39,3,183.4,2,183.43,2,183.67,3,,,,,,,,
2020-10-29 09:30:56,182.965,183.0,1,182.8,2,183.13,4,183.13,182.8,182.8,2,182.65,1,182.12,1,182.11,5,,,,,,,,,,,,,183.13,4,183.24,5,183.39,3,183.4,2,183.43,2,183.67,3,,,,,,,,
2020-10-29 09:30:57,182.965,183.0,1,182.8,3,183.13,4,183.13,182.8,182.8,3,182.65,1,182.12,1,182.11,5,,,,,,,,,,,,,183.13,4,183.24,5,183.39,3,183.4,2,183.43,2,183.67,3,,,,,,,,
2020-10-29 09:30:58,182.965,183.0,1,182.8,3,183.13,4,183.13,182.8,182.8,3,182.65,1,182.12,1,182.11,5,,,,,,,,,,,,,183.13,4,183.24,5,183.39,3,183.4,2,183.43,2,183.67,3,,,,,,,,
2020-10-29 09:30:59,182.965,183.0,1,182.8,3,183.13,4,183.13,182.8,182.8,3,182.65,1,182.12,1,182.11,5,,,,,,,,,,,,,183.13,4,183.24,5,183.39,3,183.4,2,183.43,2,183.67,3,,,,,,,,
2020-10-29 09:31:00,182.965,182.8,1,182.8,3,183.13,4,183.13,182.8,182.8,3,182.65,1,182.12,1,182.11,5,,,,,,,,,,,,,183.13,4,183.24,5,183.39,3,183.4,2,183.43,2,183.67,3,,,,,,,,
2020-10-29 09:31:01,182.965,182.8,1,182.8,3,183.13,4,183.13,182.8,182.8,3,182.65,1,182.12,1,182.11,5,,,,,,,,,,,,,183.13,4,183.24,5,183.39,3,183.4,2,183.43,2,183.67,3,,,,,,,,
2020-10-29 09:31:02,182.965,182.8,1,182.8,3,183.13,4,183.13,182.8,182.8,3,182.65,1,182.12,1,182.11,5,,,,,,,,,,,,,183.13,4,183.24,5,183.39,3,183.4,2,183.43,2,183.67,3,,,,,,,,
2020-10-29 09:31:03,182.965,183.0,1,182.8,3,183.13,4,183.13,182.8,182.8,3,182.65,1,182.12,1,182.11,5,,,,,,,,,,,,,183.13,4,183.24,5,183.39,3,183.4,2,183.43,2,183.67,3,,,,,,,,
2020-10-29 09:31:04,182.965,183.0,1,182.8,3,183.13,4,183.13,182.8,182.8,3,182.65,1,182.12,1,182.11,5,,,,,,,,,,,,,183.13,4,183.24,5,183.39,3,183.4,2,183.43,2,183.67,3,,,,,,,,
2020-10-29 09:31:05,182.965,183.0,1,182.8,3,183.13,4,183.13,182.8,182.8,3,182.65,1,182.12,1,182.11,5,,,,,,,,,,,,,183.13,4,183.24,5,183.39,3,183.4,2,183.43,2,183.67,3,,,,,,,,
2020-10-29 09:31:06,183.02,183.1,1,182.91,3,183.13,4,183.13,182.91,182.91,3,182.8,3,182.65,1,182.12,1,182.11,5,,,,,,,,,,,183.13,4,183.24,5,183.39,3,183.4,2,183.43,2,183.67,3,,,,,,,,
2020-10-29 09:31:08,183.02,183.0,1,182.91,3,183.13,4,183.13,182.91,182.91,3,182.8,3,182.65,1,182.12,1,182.11,5,,,,,,,,,,,183.13,4,183.24,5,183.39,3,183.4,2,183.43,2,183.67,3,,,,,,,,
2020-10-29 09:31:09,183.02,182.97,1,182.91,3,183.13,4,183.13,182.91,182.91,3,182.8,3,182.65,1,182.12,1,182.11,5,,,,,,,,,,,183.13,4,183.24,5,183.39,3,183.4,2,183.43,2,183.67,3,,,,,,,,
2020-10-29 09:31:10,183.02,182.97,1,182.91,3,183.13,4,183.13,182.91,182.91,3,182.8,3,182.65,1,182.12,1,182.11,5,,,,,,,,,,,183.13,4,183.24,5,183.39,3,183.4,2,183.43,2,183.67,3,,,,,,,,
2020-10-29 09:31:11,183.02,183.0,2,182.91,3,183.13,4,183.13,182.91,182.91,3,182.8,3,182.65,1,182.12,1,182.11,5,,,,,,,,,,,183.13,4,183.24,5,183.39,3,183.4,2,183.43,2,183.67,3,,,,,,,,
2020-10-29 09:31:12,183.02,183.0,2,182.91,3,183.13,4,183.13,182.91,182.91,3,182.8,3,182.65,1,182.12,1,182.11,5,,,,,,,,,,,183.13,4,183.24,5,183.39,3,183.4,2,183.43,2,183.67,3,,,,,,,,
2020-10-29 09:31:13,183.02,183.0,2,182.91,3,183.13,4,183.13,182.91,182.91,3,182.8,3,182.65,1,182.12,1,182.11,5,,,,,,,,,,,183.13,4,183.24,5,183.39,3,183.4,2,183.43,2,183.67,3,,,,,,,,
2020-10-29 09:31:14,183.02,183.0,2,182.91,3,183.13,4,183.13,182.91,182.91,3,182.8,3,182.65,1,182.12,1,182.11,5,,,,,,,,,,,183.13,4,183.24,5,183.39,3,183.4,2,183.43,2,183.67,3,,,,,,,,
2020-10-29 09:31:15,183.02,183.0,1,182.91,3,183.13,9,183.13,182.91,182.91,3,182.8,3,182.65,1,182.12,1,182.11,5,,,,,,,,,,,183.13,9,183.24,5,183.39,3,183.4,2,183.43,2,183.67,3,,,,,,,,
2020-10-29 09:31:16,183.02,183.0,1,182.91,3,183.13,9,183.13,182.91,182.91,3,182.8,3,182.65,1,182.12,1,182.11,5,,,,,,,,,,,183.13,9,183.24,5,183.39,3,183.4,2,183.43,2,183.67,3,,,,,,,,
2020-10-29 09:31:17,183.02,183.0,1,182.91,3,183.13,9,183.13,182.91,182.91,3,182.8,3,182.65,1,182.12,1,182.11,5,,,,,,,,,,,183.13,9,183.24,5,183.39,3,183.4,2,183.43,2,183.67,3,,,,,,,,
2020-10-29 09:31:18,183.02,183.0,1,182.91,3,183.13,9,183.13,182.91,182.91,3,182.8,3,182.65,1,182.12,1,182.11,5,,,,,,,,,,,183.13,9,183.24,5,183.39,3,183.4,2,183.43,2,183.67,3,,,,,,,,
2020-10-29 09:31:19,183.02,183.0,1,182.91,3,183.13,9,183.13,182.91,182.91,3,182.8,3,182.65,1,182.12,1,182.11,5,,,,,,,,,,,183.13,9,183.24,5,183.39,3,183.4,2,183.43,2,183.67,3,,,,,,,,
2020-10-29 09:31:20,183.015,183.0,1,182.91,1,183.12,2,183.12,182.91,182.91,1,182.8,1,182.65,1,182.12,1,182.11,5,,,,,,,,,,,183.12,2,183.13,9,183.24,5,183.39,3,183.4,2,183.43,2,183.67,3,,,,,,
2020-10-29 09:31:21,183.015,183.0,1,182.91,2,183.12,2,183.12,182.91,182.91,2,182.8,1,182.65,1,182.12,1,182.11,5,,,,,,,,,,,183.12,2,183.13,9,183.24,5,183.39,3,183.4,2,183.43,2,183.67,3,,,,,,
2020-10-29 09:31:22,183.015,182.91,1,182.91,3,183.12,2,183.12,182.91,182.91,3,182.8,1,182.65,1,182.12,1,182.11,5,,,,,,,,,,,183.12,2,183.13,9,183.24,5,183.39,3,183.4,2,183.43,2,183.67,3,,,,,,
2020-10-29 09:31:23,183.015,182.91,1,182.91,3,183.12,2,183.12,182.91,182.91,3,182.8,1,182.65,1,182.12,1,182.11,5,,,,,,,,,,,183.12,2,183.13,9,183.24,5,183.39,3,183.4,2,183.43,2,183.67,3,,,,,,
2020-10-29 09:31:24,183.015,182.91,1,182.91,3,183.12,2,183.12,182.91,182.91,3,182.8,1,182.65,1,182.12,1,182.11,5,,,,,,,,,,,183.12,2,183.13,9,183.24,5,183.39,3,183.4,2,183.43,2,183.67,3,,,,,,
2020-10-29 09:31:25,183.015,183.02,4,182.92,16,183.11,4,183.11,182.92,182.92,16,182.91,8,182.84,2,182.8,3,182.73,1,182.65,1,182.12,1,182.11,5,,,,,183.11,4,183.12,12,183.13,9,183.24,5,183.39,3,183.4,2,183.43,2,183.67,3,,,,
2020-10-29 09:31:26,182.865,182.63,1,182.62,7,183.11,12,183.11,182.62,182.62,7,182.61,2,182.12,1,182.11,5,,,,,,,,,,,,,183.11,12,183.12,12,183.13,9,183.24,5,183.39,3,183.4,2,183.43,2,183.67,3,,,,
2020-10-29 09:31:27,182.865,182.87,2,182.63,14,183.1,2,183.1,182.63,182.63,14,182.62,7,182.61,2,182.12,1,182.11,5,,,,,,,,,,,183.1,2,183.11,12,183.12,12,183.13,9,183.24,5,183.39,3,183.4,2,183.43,2,183.67,3,,
2020-10-29 09:31:28,182.915,182.78,1,182.77,5,183.06,3,183.06,182.77,182.77,5,182.63,14,182.62,7,182.61,2,182.12,1,182.11,5,,,,,,,,,183.06,3,183.09,7,183.1,8,183.11,12,183.12,12,183.13,9,183.24,5,183.39,3,183.4,2,183.43,2
2020-10-29 09:31:29,182.87,182.9,1,182.77,8,182.97,3,182.97,182.77,182.77,8,182.63,14,182.62,7,182.61,2,182.12,1,182.11,5,,,,,,,,,182.97,3,183.0,3,183.06,3,183.09,7,183.1,8,183.11,12,183.12,12,183.13,9,183.24,5,183.39,3
2020-10-29 09:31:30,182.83,182.77,1,182.77,8,182.89,2,182.89,182.77,182.77,8,182.63,14,182.62,7,182.61,2,182.12,1,182.11,5,,,,,,,,,182.89,2,182.9,5,182.94,3,182.97,3,183.0,3,183.06,3,183.09,7,183.1,8,183.11,12,183.12,12
2020-10-29 09:31:31,182.835,182.84,1,182.77,17,182.9,4,182.9,182.77,182.77,17,182.63,14,182.62,7,182.61,2,182.12,1,182.11,5,,,,,,,,,182.9,4,182.94,3,182.97,3,183.0,3,183.06,3,183.09,7,183.1,8,183.11,12,183.12,12,183.13,9
2020-10-29 09:31:32,183.055,182.99,1,182.99,7,183.12,5,183.12,182.99,182.99,7,182.97,2,182.87,2,182.77,18,182.63,14,182.62,7,182.61,2,182.12,1,182.11,5,,,183.12,5,183.13,9,183.24,5,183.39,3,183.4,2,183.43,2,183.67,3,,,,,,
2020-10-29 09:31:33,183.53,183.12,1,183.44,3,183.62,1,183.62,183.44,183.44,3,183.4,2,183.37,1,183.34,2,183.3,7,183.27,2,183.24,2,183.19,3,183.15,1,183.14,7,183.62,1,183.67,3,,,,,,,,,,,,,,,,
2020-10-29 09:31:34,183.525,183.57,1,183.43,7,183.62,6,183.62,183.43,183.43,7,183.4,2,183.37,1,183.34,2,183.3,7,183.27,2,183.24,2,183.19,3,183.15,1,183.14,7,183.62,6,183.67,3,,,,,,,,,,,,,,,,
2020-10-29 09:31:35,183.71,183.69,1,183.56,12,183.86,6,183.86,183.56,183.56,12,183.55,17,183.54,1,183.48,13,183.43,9,183.4,2,183.37,1,183.34,2,183.3,7,183.27,2,183.86,6,183.9,4,,,,,,,,,,,,,,,,
2020-10-29 09:31:36,183.71,183.61,1,183.56,15,183.86,6,183.86,183.56,183.56,15,183.55,17,183.54,1,183.48,13,183.43,9,183.4,2,183.37,1,183.34,2,183.3,7,183.27,2,183.86,6,183.9,4,,,,,,,,,,,,,,,,
2020-10-29 09:31:37,183.73,183.56,1,183.61,5,183.85,3,183.85,183.61,183.61,5,183.6,23,183.59,25,183.58,23,183.57,9,183.56,15,183.55,17,183.54,1,183.48,13,183.43,9,183.85,3,183.86,6,183.9,4,,,,,,,,,,,,,,
2020-10-29 09:31:38,183.73,183.56,1,183.61,15,183.85,3,183.85,183.61,183.61,15,183.6,23,183.59,25,183.58,23,183.57,9,183.56,15,183.55,17,183.54,1,183.48,13,183.43,9,183.85,3,183.86,6,183.9,4,,,,,,,,,,,,,,
2020-10-29 09:31:39,183.73,183.85,5,183.61,15,183.85,3,183.85,183.61,183.61,15,183.6,23,183.59,25,183.58,23,183.57,9,183.56,15,183.55,17,183.54,1,183.48,13,183.43,9,183.85,3,183.86,6,183.9,4,,,,,,,,,,,,,,
2020-10-29 09:31:40,183.735,183.62,1,183.62,9,183.85,3,183.85,183.62,183.62,9,183.61,12,183.6,23,183.59,25,183.58,23,183.57,9,183.56,15,183.55,17,183.54,1,183.48,13,183.85,3,183.86,6,183.9,4,,,,,,,,,,,,,,
2020-10-29 09:31:41,183.735,183.62,1,183.62,6,183.85,3,183.85,183.62,183.62,6,183.61,14,183.6,23,183.59,25,183.58,23,183.57,9,183.56,15,183.55,17,183.54,1,183.48,13,183.85,3,183.86,6,183.9,4,,,,,,,,,,,,,,
2020-10-29 09:31:42,183.735,183.65,1,183.62,10,183.85,3,183.85,183.62,183.62,10,183.61,14,183.6,23,183.59,25,183.58,23,183.57,9,183.56,15,183.55,17,183.54,1,183.48,13,183.85,3,183.86,6,183.9,4,,,,,,,,,,,,,,
2020-10-29 09:31:43,183.61,183.56,1,183.56,1,183.66,3,183.66,183.56,183.56,1,183.54,2,183.48,13,183.43,9,183.4,2,183.37,1,183.34,2,183.3,7,183.27,2,183.24,2,183.66,3,183.72,1,183.76,4,183.84,2,183.85,3,183.86,6,183.9,4,,,,,,
2020-10-29 09:31:44,183.405,183.3,1,183.3,3,183.51,2,183.51,183.3,183.3,3,183.27,2,183.24,2,183.19,3,183.15,1,183.14,7,183.09,21,183.05,4,183.02,2,182.99,10,183.51,2,183.55,1,183.56,2,183.66,3,183.72,1,183.76,4,183.84,2,183.85,3,183.86,6,183.9,4
2020-10-29 09:31:45,183.425,183.3,1,183.3,5,183.55,3,183.55,183.3,183.3,5,183.27,2,183.24,2,183.19,3,183.15,1,183.14,7,183.09,21,183.05,4,183.02,2,182.99,10,183.55,3,183.56,2,183.66,3,183.72,1,183.76,4,183.84,2,183.85,3,183.86,6,183.9,4,,
2020-10-29 09:31:46,183.425,183.3,1,183.3,5,183.55,6,183.55,183.3,183.3,5,183.27,2,183.24,2,183.19,3,183.15,1,183.14,7,183.09,21,183.05,4,183.02,2,182.99,10,183.55,6,183.56,2,183.66,3,183.72,1,183.76,4,183.84,2,183.85,3,183.86,6,183.9,4,,
2020-10-29 09:31:47,183.425,183.3,1,183.3,5,183.55,6,183.55,183.3,183.3,5,183.27,2,183.24,2,183.19,3,183.15,1,183.14,7,183.09,21,183.05,4,183.02,2,182.99,10,183.55,6,183.56,2,183.66,3,183.72,1,183.76,4,183.84,2,183.85,3,183.86,6,183.9,4,,
2020-10-29 09:31:48,183.425,183.3,1,183.3,5,183.55,6,183.55,183.3,183.3,5,183.27,2,183.24,2,183.19,3,183.15,1,183.14,7,183.09,21,183.05,4,183.02,2,182.99,10,183.55,6,183.56,2,183.66,3,183.72,1,183.76,4,183.84,2,183.85,3,183.86,6,183.9,4,,
2020-10-29 09:31:49,183.425,183.3,1,183.3,5,183.55,6,183.55,183.3,183.3,5,183.27,2,183.24,2,183.19,3,183.15,1,183.14,7,183.09,21,183.05,4,183.02,2,182.99,10,183.55,6,183.56,2,183.66,3,183.72,1,183.76,4,183.84,2,183.85,3,183.86,6,183.9,4,,
2020-10-29 09:31:50,183.425,183.38,1,183.3,9,183.55,6,183.55,183.3,183.3,9,183.27,2,183.24,2,183.19,3,183.15,1,183.14,7,183.09,21,183.05,4,183.02,2,182.99,10,183.55,6,183.56,2,183.66,3,183.72,1,183.76,4,183.84,2,183.85,3,183.86,6,183.9,4,,
2020-10-29 09:31:51,183.43,183.38,1,183.31,1,183.55,9,183.55,183.31,183.31,1,183.3,10,183.27,2,183.24,2,183.19,3,183.15,1,183.14,7,183.09,21,183.05,4,183.02,2,183.55,9,183.56,2,183.66,3,183.72,1,183.76,4,183.84,2,183.85,3,183.86,6,183.9,4,,
2020-10-29 09:31:52,183.43,183.33,1,183.31,2,183.55,9,183.55,183.31,183.31,2,183.3,10,183.27,2,183.24,2,183.19,3,183.15,1,183.14,7,183.09,21,183.05,4,183.02,2,183.55,9,183.56,2,183.66,3,183.72,1,183.76,4,183.84,2,183.85,3,183.86,6,183.9,4,,
2020-10-29 09:31:53,183.43,183.49,5,183.31,4,183.55,9,183.55,183.31,183.31,4,183.3,10,183.27,2,183.24,2,183.19,3,183.15,1,183.14,7,183.09,21,183.05,4,183.02,2,183.55,9,183.56,2,183.66,3,183.72,1,183.76,4,183.84,2,183.85,3,183.86,6,183.9,4,,
2020-10-29 09:31:54,183.575,183.39,1,183.39,9,183.76,7,183.76,183.39,183.39,9,183.38,17,183.37,1,183.32,2,183.31,12,183.3,10,183.27,2,183.24,2,183.19,3,183.15,1,183.76,7,183.84,2,183.85,3,183.86,6,183.9,4,,,,,,,,,,
2020-10-29 09:31:55,183.57,183.39,1,183.39,9,183.75,15,183.75,183.39,183.39,9,183.38,17,183.37,1,183.32,2,183.31,12,183.3,10,183.27,2,183.24,2,183.19,3,183.15,1,183.75,15,183.76,9,183.84,2,183.85,3,183.86,6,183.9,4,,,,,,,,
2020-10-29 09:31:56,183.505,183.49,16,183.39,9,183.62,1,183.62,183.39,183.39,9,183.38,17,183.37,1,183.32,2,183.31,12,183.3,10,183.27,2,183.24,2,183.19,3,183.15,1,183.62,1,183.75,18,183.76,9,183.84,2,183.85,3,183.86,6,183.9,4,,,,,,
2020-10-29 09:31:57,183.53,183.57,1,183.39,11,183.67,1,183.67,183.39,183.39,11,183.38,17,183.37,1,183.32,2,183.31,12,183.3,10,183.27,2,183.24,2,183.19,3,183.15,1,183.67,1,183.75,18,183.76,9,183.84,2,183.85,3,183.86,6,183.9,4,,,,,,
2020-10-29 09:31:58,183.53,183.57,1,183.39,11,183.67,1,183.67,183.39,183.39,11,183.38,17,183.37,1,183.32,2,183.31,12,183.3,10,183.27,2,183.24,2,183.19,3,183.15,1,183.67,1,183.75,18,183.76,9,183.84,2,183.85,3,183.86,6,183.9,4,,,,,,
2020-10-29 09:31:59,183.535,183.57,1,183.4,4,183.67,2,183.67,183.4,183.4,4,183.39,15,183.38,17,183.37,1,183.32,2,183.31,12,183.3,10,183.27,2,183.24,2,183.19,3,183.67,2,183.75,18,183.76,9,183.84,2,183.85,3,183.86,6,183.9,4,,,,,,
2020-10-29 09:32:00,183.54,183.54,3,183.41,13,183.67,2,183.67,183.41,183.41,13,183.4,9,183.39,15,183.38,17,183.37,1,183.32,2,183.31,12,183.3,10,183.27,2,183.24,2,183.67,2,183.75,18,183.76,9,183.84,2,183.85,3,183.86,6,183.9,4,,,,,,
2020-10-29 09:32:01,183.54,183.58,1,183.41,13,183.67,2,183.67,183.41,183.41,13,183.4,9,183.39,15,183.38,17,183.37,1,183.32,2,183.31,12,183.3,10,183.27,2,183.24,2,183.67,2,183.75,18,183.76,9,183.84,2,183.85,3,183.86,6,183.9,4,,,,,,
2020-10-29 09:32:02,183.54,183.54,1,183.41,16,183.67,2,183.67,183.41,183.41,16,183.4,9,183.39,15,183.38,17,183.37,1,183.32,2,183.31,12,183.3,10,183.27,2,183.24,2,183.67,2,183.75,18,183.76,9,183.84,2,183.85,3,183.86,6,183.9,4,,,,,,
2020-10-29 09:32:03,183.545,183.54,1,183.42,4,183.67,4,183.67,183.42,183.42,4,183.41,23,183.4,9,183.39,15,183.38,17,183.37,1,183.32,2,183.31,12,183.3,10,183.27,2,183.67,4,183.75,18,183.76,9,183.84,2,183.85,3,183.86,6,183.9,4,,,,,,
2020-10-29 09:32:04,183.555,183.53,1,183.44,20,183.67,4,183.67,183.44,183.44,20,183.43,8,183.42,8,183.41,23,183.4,9,183.39,15,183.38,17,183.37,1,183.32,2,183.31,12,183.67,4,183.75,18,183.76,9,183.84,2,183.85,3,183.86,6,183.9,4,,,,,,
2020-10-29 09:32:05,183.565,183.56,1,183.46,3,183.67,4,183.67,183.46,183.46,3,183.45,31,183.44,20,183.43,8,183.42,8,183.41,23,183.4,9,183.39,15,183.38,17,183.37,1,183.67,4,183.75,18,183.76,9,183.84,2,183.85,3,183.86,6,183.9,4,,,,,,
2020-10-29 09:32:06,183.57,183.57,1,183.47,3,183.67,4,183.67,183.47,183.47,3,183.46,2,183.45,31,183.44,20,183.43,8,183.42,8,183.41,23,183.4,9,183.39,15,183.38,17,183.67,4,183.75,18,183.76,9,183.84,2,183.85,3,183.86,6,183.9,4,,,,,,
2020-10-29 09:32:07,183.58,183.58,1,183.49,8,183.67,4,183.67,183.49,183.49,8,183.48,13,183.47,3,183.46,2,183.45,31,183.44,20,183.43,8,183.42,8,183.41,23,183.4,9,183.67,4,183.75,18,183.76,9,183.84,2,183.85,3,183.86,6,183.9,4,,,,,,
2020-10-29 09:32:08,183.695,183.66,1,183.64,2,183.75,1,183.75,183.64,183.64,2,183.61,9,183.58,5,183.54,3,183.5,3,183.49,8,183.48,13,183.47,3,183.46,2,183.45,31,183.75,1,183.81,3,183.84,2,183.85,3,183.86,6,183.9,4,,,,,,,,
2020-10-29 09:32:09,183.595,183.5,1,183.48,16,183.71,3,183.71,183.48,183.48,16,183.47,8,183.46,4,183.45,31,183.44,20,183.43,8,183.42,8,183.41,23,183.4,9,183.39,15,183.71,3,183.75,16,183.76,6,183.77,2,183.81,5,183.84,2,183.85,3,183.86,6,183.9,4,,
2020-10-29 09:32:10,183.605,183.58,1,183.51,9,183.7,2,183.7,183.51,183.51,9,183.5,12,183.48,19,183.47,8,183.46,4,183.45,31,183.44,20,183.43,8,183.42,8,183.41,23,183.7,2,183.71,3,183.75,16,183.76,6,183.77,2,183.81,5,183.84,2,183.85,3,183.86,6,183.9,4
2020-10-29 09:32:11,183.61,183.61,2,183.51,8,183.71,5,183.71,183.51,183.51,8,183.5,12,183.48,19,183.47,8,183.46,4,183.45,31,183.44,20,183.43,8,183.42,8,183.41,23,183.71,5,183.75,16,183.76,6,183.77,2,183.81,5,183.84,2,183.85,3,183.86,6,183.9,4,,
2020-10-29 09:32:12,183.61,183.61,4,183.51,11,183.71,5,183.71,183.51,183.51,11,183.5,12,183.48,19,183.47,8,183.46,4,183.45,31,183.44,20,183.43,8,183.42,8,183.41,23,183.71,5,183.75,16,183.76,6,183.77,2,183.81,5,183.84,2,183.85,3,183.86,6,183.9,4,,
2020-10-29 09:32:13,183.615,183.53,1,183.52,6,183.71,5,183.71,183.52,183.52,6,183.51,11,183.5,12,183.48,19,183.47,8,183.46,4,183.45,31,183.44,20,183.43,8,183.42,8,183.71,5,183.75,16,183.76,6,183.77,2,183.81,5,183.84,2,183.85,3,183.86,6,183.9,4,,
2020-10-29 09:32:14,183.54,183.46,2,183.46,1,183.62,4,183.62,183.46,183.46,1,183.42,9,183.41,23,183.4,9,183.39,15,183.38,17,183.37,1,183.32,2,183.31,12,183.3,10,183.62,4,183.64,3,183.7,1,183.71,5,183.75,16,183.76,6,183.77,2,183.81,5,183.84,2,183.85,3
2020-10-29 09:32:15,183.585,183.59,1,183.47,4,183.7,5,183.7,183.47,183.47,4,183.46,7,183.42,9,183.41,23,183.4,9,183.39,15,183.38,17,183.37,1,183.32,2,183.31,12,183.7,5,183.71,18,183.75,16,183.76,6,183.77,2,183.81,5,183.84,2,183.85,3,183.86,6,183.9,4
2020-10-29 09:32:16,183.585,183.59,1,183.47,4,183.7,7,183.7,183.47,183.47,4,183.46,7,183.42,9,183.41,23,183.4,9,183.39,15,183.38,17,183.37,1,183.32,2,183.31,12,183.7,7,183.71,18,183.75,16,183.76,6,183.77,2,183.81,5,183.84,2,183.85,3,183.86,6,183.9,4
2020-10-29 09:32:17,183.585,183.48,1,183.47,5,183.7,7,183.7,183.47,183.47,5,183.46,7,183.42,9,183.41,23,183.4,9,183.39,15,183.38,17,183.37,1,183.32,2,183.31,12,183.7,7,183.71,18,183.75,16,183.76,6,183.77,2,183.81,5,183.84,2,183.85,3,183.86,6,183.9,4
2020-10-29 09:32:18,183.585,183.59,1,183.47,6,183.7,7,183.7,183.47,183.47,6,183.46,7,183.42,9,183.41,23,183.4,9,183.39,15,183.38,17,183.37,1,183.32,2,183.31,12,183.7,7,183.71,18,183.75,16,183.76,6,183.77,2,183.81,5,183.84,2,183.85,3,183.86,6,183.9,4
2020-10-29 09:32:19,183.585,183.59,1,183.47,6,183.7,7,183.7,183.47,183.47,6,183.46,7,183.42,9,183.41,23,183.4,9,183.39,15,183.38,17,183.37,1,183.32,2,183.31,12,183.7,7,183.71,18,183.75,16,183.76,6,183.77,2,183.81,5,183.84,2,183.85,3,183.86,6,183.9,4
2020-10-29 09:32:20,183.595,183.55,1,183.49,3,183.7,7,183.7,183.49,183.49,3,183.48,18,183.47,21,183.46,7,183.42,9,183.41,23,183.4,9,183.39,15,183.38,17,183.37,1,183.7,7,183.71,18,183.75,16,183.76,6,183.77,2,183.81,5,183.84,2,183.85,3,183.86,6,183.9,4
2020-10-29 09:32:21,183.595,183.6,1,183.49,3,183.7,7,183.7,183.49,183.49,3,183.48,18,183.47,21,183.46,7,183.42,9,183.41,23,183.4,9,183.39,15,183.38,17,183.37,1,183.7,7,183.71,18,183.75,16,183.76,6,183.77,2,183.81,5,183.84,2,183.85,3,183.86,6,183.9,4
2020-10-29 09:32:22,183.595,183.6,1,183.49,3,183.7,7,183.7,183.49,183.49,3,183.48,18,183.47,21,183.46,7,183.42,9,183.41,23,183.4,9,183.39,15,183.38,17,183.37,1,183.7,7,183.71,18,183.75,16,183.76,6,183.77,2,183.81,5,183.84,2,183.85,3,183.86,6,183.9,4
2020-10-29 09:32:23,183.6,183.6,1,183.5,7,183.7,7,183.7,183.5,183.5,7,183.49,12,183.48,18,183.47,21,183.46,7,183.42,9,183.41,23,183.4,9,183.39,15,183.38,17,183.7,7,183.71,18,183.75,16,183.76,6,183.77,2,183.81,5,183.84,2,183.85,3,183.86,6,183.9,4
2020-10-29 09:32:24,183.56,183.54,2,183.49,15,183.63,8,183.63,183.49,183.49,15,183.48,18,183.47,21,183.46,7,183.42,9,183.41,23,183.4,9,183.39,15,183.38,17,183.37,1,183.63,8,183.64,6,183.65,4,183.7,7,183.71,18,183.75,16,183.76,6,183.77,2,183.81,5,183.84,2
2020-10-29 09:32:25,183.56,183.56,1,183.49,16,183.63,12,183.63,183.49,183.49,16,183.48,18,183.47,21,183.46,7,183.42,9,183.41,23,183.4,9,183.39,15,183.38,17,183.37,1,183.63,12,183.64,6,183.65,4,183.7,7,183.71,18,183.75,16,183.76,6,183.77,2,183.81,5,183.84,2
2020-10-29 09:32:26,183.57,183.5,1,183.5,2,183.64,6,183.64,183.5,183.5,2,183.49,16,183.48,18,183.47,21,183.46,7,183.42,9,183.41,23,183.4,9,183.39,15,183.38,17,183.64,6,183.65,4,183.7,7,183.71,18,183.75,16,183.76,6,183.77,2,183.81,5,183.84,2,183.85,3
2020-10-29 09:32:27,183.58,183.5,1,183.52,2,183.64,11,183.64,183.52,183.52,2,183.51,2,183.5,2,183.49,16,183.48,18,183.47,21,183.46,7,183.42,9,183.41,23,183.4,9,183.64,11,183.65,4,183.7,7,183.71,18,183.75,16,183.76,6,183.77,2,183.81,5,183.84,2,183.85,3
2020-10-29 09:32:28,183.71,183.81,1,183.61,7,183.81,7,183.81,183.61,183.61,7,183.6,5,183.52,4,183.51,2,183.5,2,183.49,16,183.48,18,183.47,21,183.46,7,183.42,9,183.81,7,183.84,2,183.85,3,183.86,6,183.9,4,,,,,,,,,,
2020-10-29 09:32:29,183.71,183.71,1,183.61,10,183.81,6,183.81,183.61,183.61,10,183.6,5,183.52,4,183.51,2,183.5,2,183.49,16,183.48,18,183.47,21,183.46,7,183.42,9,183.81,6,183.84,2,183.85,3,183.86,6,183.9,4,,,,,,,,,,
2020-10-29 09:32:30,183.71,183.62,1,183.61,22,183.81,7,183.81,183.61,183.61,22,183.6,5,183.52,4,183.51,2,183.5,2,183.49,16,183.48,18,183.47,21,183.46,7,183.42,9,183.81,7,183.84,2,183.85,3,183.86,6,183.9,4,,,,,,,,,,
2020-10-29 09:32:31,183.71,183.75,1,183.61,22,183.81,7,183.81,183.61,183.61,22,183.6,5,183.52,4,183.51,2,183.5,2,183.49,16,183.48,18,183.47,21,183.46,7,183.42,9,183.81,7,183.84,2,183.85,3,183.86,6,183.9,4,,,,,,,,,,
2020-10-29 09:32:32,183.71,183.81,1,183.61,21,183.81,7,183.81,183.61,183.61,21,183.6,5,183.52,4,183.51,2,183.5,2,183.49,16,183.48,18,183.47,21,183.46,7,183.42,9,183.81,7,183.84,2,183.85,3,183.86,6,183.9,4,,,,,,,,,,
2020-10-29 09:32:33,183.71,183.72,1,183.61,17,183.81,7,183.81,183.61,183.61,17,183.6,5,183.52,4,183.51,2,183.5,2,183.49,16,183.48,18,183.47,21,183.46,7,183.42,9,183.81,7,183.84,2,183.85,3,183.86,6,183.9,4,,,,,,,,,,
2020-10-29 09:32:34,183.71,183.71,1,183.61,20,183.81,8,183.81,183.61,183.61,20,183.6,5,183.52,4,183.51,2,183.5,2,183.49,16,183.48,18,183.47,21,183.46,7,183.42,9,183.81,8,183.84,2,183.85,3,183.86,6,183.9,4,,,,,,,,,,
2020-10-29 09:32:35,183.71,183.66,1,183.61,16,183.81,7,183.81,183.61,183.61,16,183.6,5,183.52,4,183.51,2,183.5,2,183.49,16,183.48,18,183.47,21,183.46,7,183.42,9,183.81,7,183.84,2,183.85,3,183.86,6,183.9,4,,,,,,,,,,
2020-10-29 09:32:36,183.71,183.71,1,183.61,16,183.81,7,183.81,183.61,183.61,16,183.6,5,183.52,4,183.51,2,183.5,2,183.49,16,183.48,18,183.47,21,183.46,7,183.42,9,183.81,7,183.84,2,183.85,3,183.86,6,183.9,4,,,,,,,,,,
2020-10-29 09:32:37,183.905,183.97,1,183.83,18,183.98,6,183.98,183.83,183.83,18,183.82,12,183.8,4,183.77,4,183.76,3,183.73,4,183.7,4,183.61,16,183.6,5,183.52,4,183.98,6,,,,,,,,,,,,,,,,,,
2020-10-29 09:32:38,183.91,183.91,3,183.84,2,183.98,5,183.98,183.84,183.84,2,183.83,22,183.82,12,183.8,4,183.77,4,183.76,3,183.73,4,183.7,4,183.61,16,183.6,5,183.98,5,,,,,,,,,,,,,,,,,,
2020-10-29 09:32:39,183.59,183.59,1,183.53,2,183.65,1,183.65,183.53,183.53,2,183.52,4,183.51,2,183.5,2,183.49,16,183.48,18,183.47,21,183.46,7,183.42,9,183.41,23,183.65,1,183.68,1,183.7,1,183.74,1,183.81,3,183.84,1,183.85,2,183.89,9,183.92,9,183.93,6
2020-10-29 09:32:40,183.69,183.65,1,183.56,2,183.82,2,183.82,183.56,183.56,2,183.53,2,183.52,4,183.51,2,183.5,2,183.49,16,183.48,18,183.47,21,183.46,7,183.42,9,183.82,2,183.83,1,183.84,1,183.85,2,183.89,9,183.92,9,183.93,6,183.97,3,183.98,5,,
2020-10-29 09:32:41,183.69,183.61,1,183.56,2,183.82,2,183.82,183.56,183.56,2,183.53,2,183.52,4,183.51,2,183.5,2,183.49,16,183.48,18,183.47,21,183.46,7,183.42,9,183.82,2,183.83,1,183.84,1,183.85,2,183.89,9,183.92,9,183.93,6,183.97,3,183.98,5,,
2020-10-29 09:32:42,183.655,183.66,1,183.56,4,183.75,12,183.75,183.56,183.56,4,183.53,2,183.52,4,183.51,2,183.5,2,183.49,16,183.48,18,183.47,21,183.46,7,183.42,9,183.75,12,183.76,11,183.81,1,183.82,2,183.83,1,183.84,1,183.85,2,183.89,9,183.92,9,183.93,6
2020-10-29 09:32:43,183.655,183.66,1,183.56,7,183.75,16,183.75,183.56,183.56,7,183.53,2,183.52,4,183.51,2,183.5,2,183.49,16,183.48,18,183.47,21,183.46,7,183.42,9,183.75,16,183.76,11,183.81,1,183.82,2,183.83,1,183.84,1,183.85,2,183.89,9,183.92,9,183.93,6
2020-10-29 09:32:44,183.655,183.66,10,183.56,7,183.75,10,183.75,183.56,183.56,7,183.53,2,183.52,4,183.51,2,183.5,2,183.49,16,183.48,18,183.47,21,183.46,7,183.42,9,183.75,10,183.76,14,183.81,1,183.82,2,183.83,1,183.84,1,183.85,2,183.89,9,183.92,9,183.93,6
2020-10-29 09:32:45,183.52,183.52,1,183.46,4,183.58,3,183.58,183.46,183.46,4,183.42,9,183.41,23,183.4,9,183.39,15,183.38,17,183.37,1,183.32,2,183.31,12,183.3,10,183.58,3,183.59,3,183.62,2,183.63,2,183.66,3,183.68,1,183.69,3,183.75,11,183.76,13,183.81,1
2020-10-29 09:32:47,183.515,183.52,1,183.46,5,183.57,10,183.57,183.46,183.46,5,183.42,9,183.41,23,183.4,9,183.39,15,183.38,17,183.37,1,183.32,2,183.31,12,183.3,10,183.57,10,183.58,3,183.59,3,183.62,2,183.63,2,183.66,3,183.68,1,183.69,3,183.75,11,183.76,13
2020-10-29 09:32:47,183.66,183.65,1,183.56,4,183.76,13,183.76,183.56,183.56,4,183.47,1,183.46,5,183.42,9,183.41,23,183.4,9,183.39,15,183.38,17,183.37,1,183.32,2,183.76,13,183.81,1,183.82,2,183.83,1,183.84,1,183.85,2,183.89,9,183.92,9,183.93,6,183.97,3
2020-10-29 09:32:48,183.655,183.57,1,183.57,3,183.74,14,183.74,183.57,183.57,3,183.56,4,183.47,1,183.46,5,183.42,9,183.41,23,183.4,9,183.39,15,183.38,17,183.37,1,183.74,14,183.75,4,183.76,13,183.81,1,183.82,2,183.83,1,183.84,1,183.85,2,183.89,9,183.92,9
2020-10-29 09:32:49,183.67,183.61,1,183.6,2,183.74,14,183.74,183.6,183.6,2,183.57,3,183.56,4,183.47,1,183.46,5,183.42,9,183.41,23,183.4,9,183.39,15,183.38,17,183.74,14,183.75,4,183.76,13,183.81,1,183.82,2,183.83,1,183.84,1,183.85,2,183.89,9,183.92,9
2020-10-29 09:32:50,183.685,183.68,1,183.61,8,183.76,13,183.76,183.61,183.61,8,183.6,2,183.57,3,183.56,4,183.47,1,183.46,5,183.42,9,183.41,23,183.4,9,183.39,15,183.76,13,183.81,1,183.82,2,183.83,1,183.84,1,183.85,2,183.89,9,183.92,9,183.93,6,183.97,3
2020-10-29 09:32:52,183.76,183.81,1,183.7,3,183.82,5,183.82,183.7,183.7,3,183.63,6,183.61,8,183.6,2,183.57,3,183.56,4,183.47,1,183.46,5,183.42,9,183.41,23,183.82,5,183.83,1,183.84,1,183.85,2,183.89,9,183.92,9,183.93,6,183.97,3,183.98,5,,
2020-10-29 09:32:52,183.755,183.76,1,183.7,4,183.81,3,183.81,183.7,183.7,4,183.63,6,183.61,8,183.6,2,183.57,3,183.56,4,183.47,1,183.46,5,183.42,9,183.41,23,183.81,3,183.82,5,183.83,1,183.84,1,183.85,2,183.89,9,183.92,9,183.93,6,183.97,3,183.98,5
2020-10-29 09:32:54,183.75,183.7,1,183.7,4,183.8,8,183.8,183.7,183.7,4,183.63,6,183.61,8,183.6,2,183.57,3,183.56,4,183.47,1,183.46,5,183.42,9,183.41,23,183.8,8,183.81,3,183.82,5,183.83,1,183.84,1,183.85,2,183.89,9,183.92,9,183.93,6,183.97,3
2020-10-29 09:32:54,183.64,183.56,1,183.56,5,183.72,3,183.72,183.56,183.56,5,183.47,1,183.46,5,183.42,9,183.41,23,183.4,9,183.39,15,183.38,17,183.37,1,183.32,2,183.72,3,183.8,8,183.81,3,183.82,5,183.83,1,183.84,1,183.85,2,183.89,9,183.92,9,183.93,6
2020-10-29 09:32:55,183.64,183.56,1,183.56,3,183.72,12,183.72,183.56,183.56,3,183.51,2,183.47,1,183.46,5,183.42,9,183.41,23,183.4,9,183.39,15,183.38,17,183.37,1,183.72,12,183.8,8,183.81,3,183.82,5,183.83,1,183.84,1,183.85,2,183.89,9,183.92,9,183.93,6
2020-10-29 09:32:57,183.665,183.56,1,183.61,2,183.72,11,183.72,183.61,183.61,2,183.56,12,183.51,2,183.47,1,183.46,5,183.42,9,183.41,23,183.4,9,183.39,15,183.38,17,183.72,11,183.8,8,183.81,3,183.82,5,183.83,1,183.84,1,183.85,2,183.89,9,183.92,9,183.93,6
2020-10-29 09:32:57,183.615,183.61,1,183.56,18,183.67,5,183.67,183.56,183.56,18,183.51,2,183.47,1,183.46,5,183.42,9,183.41,23,183.4,9,183.39,15,183.38,17,183.37,1,183.67,5,183.7,1,183.72,9,183.8,8,183.81,3,183.82,5,183.83,1,183.84,1,183.85,2,183.89,9
2020-10-29 09:32:59,183.615,183.57,1,183.56,18,183.67,5,183.67,183.56,183.56,18,183.51,2,183.47,1,183.46,5,183.42,9,183.41,23,183.4,9,183.39,15,183.38,17,183.37,1,183.67,5,183.7,1,183.72,9,183.8,8,183.81,3,183.82,5,183.83,1,183.84,1,183.85,2,183.89,9
2020-10-29 09:33:00,183.63,183.67,1,183.56,17,183.7,3,183.7,183.56,183.56,17,183.51,2,183.47,1,183.46,5,183.42,9,183.41,23,183.4,9,183.39,15,183.38,17,183.37,1,183.7,3,183.72,10,183.8,8,183.81,3,183.82,5,183.83,1,183.84,1,183.85,2,183.89,9,183.92,9
2020-10-29 09:33:01,183.625,183.57,1,183.56,16,183.69,3,183.69,183.56,183.56,16,183.51,2,183.47,1,183.46,5,183.42,9,183.41,23,183.4,9,183.39,15,183.38,17,183.37,1,183.69,3,183.7,6,183.72,10,183.8,8,183.81,3,183.82,5,183.83,1,183.84,1,183.85,2,183.89,9
2020-10-29 09:33:02,183.575,183.55,1,183.54,10,183.61,7,183.61,183.54,183.54,10,183.51,2,183.47,1,183.46,5,183.42,9,183.41,23,183.4,9,183.39,15,183.38,17,183.37,1,183.61,7,183.62,1,183.69,8,183.7,6,183.72,10,183.8,8,183.81,3,183.82,5,183.83,1,183.84,1
2020-10-29 09:33:03,183.535,183.48,1,183.46,4,183.61,7,183.61,183.46,183.46,4,183.42,9,183.41,23,183.4,9,183.39,15,183.38,17,183.37,1,183.32,2,183.31,12,183.3,10,183.61,7,183.62,1,183.69,8,183.7,6,183.72,10,183.8,8,183.81,3,183.82,5,183.83,1,183.84,1
2020-10-29 09:33:04,183.535,183.47,1,183.46,4,183.61,8,183.61,183.46,183.46,4,183.42,9,183.41,23,183.4,9,183.39,15,183.38,17,183.37,1,183.32,2,183.31,12,183.3,10,183.61,8,183.62,1,183.69,8,183.7,6,183.72,10,183.8,8,183.81,3,183.82,5,183.83,1,183.84,1
2020-10-29 09:33:05,183.5,183.5,1,183.42,3,183.58,6,183.58,183.42,183.42,3,183.35,1,183.32,2,183.31,12,183.3,10,183.27,2,183.24,2,183.19,3,183.15,1,183.14,7,183.58,6,183.6,8,183.61,8,183.62,1,183.69,8,183.7,6,183.72,10,183.8,8,183.81,3,183.82,5
2020-10-29 09:33:06,183.405,183.39,1,183.35,9,183.46,5,183.46,183.35,183.35,9,183.32,2,183.31,12,183.3,10,183.27,2,183.24,2,183.19,3,183.15,1,183.14,7,183.09,21,183.46,5,183.56,6,183.58,6,183.6,8,183.61,8,183.62,1,183.69,8,183.7,6,183.72,10,183.8,8
2020-10-29 09:33:07,183.405,183.35,2,183.35,10,183.46,5,183.46,183.35,183.35,10,183.32,2,183.31,12,183.3,10,183.27,2,183.24,2,183.19,3,183.15,1,183.14,7,183.09,21,183.46,5,183.56,6,183.58,6,183.6,8,183.61,8,183.62,1,183.69,8,183.7,6,183.72,10,183.8,8
2020-10-29 09:33:08,183.455,183.45,1,183.37,9,183.54,2,183.54,183.37,183.37,9,183.36,19,183.35,10,183.32,2,183.31,12,183.3,10,183.27,2,183.24,2,183.19,3,183.15,1,183.54,2,183.55,16,183.56,8,183.58,6,183.6,8,183.61,8,183.62,1,183.69,8,183.7,6,183.72,10
2020-10-29 09:33:09,183.455,183.37,1,183.37,11,183.54,18,183.54,183.37,183.37,11,183.36,19,183.35,10,183.32,2,183.31,12,183.3,10,183.27,2,183.24,2,183.19,3,183.15,1,183.54,18,183.55,16,183.56,8,183.58,6,183.6,8,183.61,8,183.62,1,183.69,8,183.7,6,183.72,10
2020-10-29 09:33:10,183.455,183.38,2,183.37,11,183.54,18,183.54,183.37,183.37,11,183.36,19,183.35,10,183.32,2,183.31,12,183.3,10,183.27,2,183.24,2,183.19,3,183.15,1,183.54,18,183.55,16,183.56,8,183.58,6,183.6,8,183.61,8,183.62,1,183.69,8,183.7,6,183.72,10
2020-10-29 09:33:11,183.34,183.26,1,183.21,1,183.47,2,183.47,183.21,183.21,1,183.19,3,183.15,1,183.14,7,183.09,21,183.05,4,183.02,2,182.99,10,182.97,2,182.87,2,183.47,2,183.5,1,183.53,17,183.54,17,183.55,16,183.56,8,183.58,6,183.6,8,183.61,8,183.62,1
2020-10-29 09:33:12,183.34,183.21,1,183.21,1,183.47,5,183.47,183.21,183.21,1,183.19,3,183.15,1,183.14,7,183.09,21,183.05,4,183.02,2,182.99,10,182.97,2,182.87,2,183.47,5,183.5,1,183.53,17,183.54,17,183.55,16,183.56,8,183.58,6,183.6,8,183.61,8,183.62,1
2020-10-29 09:33:13,183.32,183.21,1,183.21,2,183.43,2,183.43,183.21,183.21,2,183.19,3,183.15,1,183.14,7,183.09,21,183.05,4,183.02,2,182.99,10,182.97,2,182.87,2,183.43,2,183.47,6,183.5,1,183.53,17,183.54,17,183.55,16,183.56,8,183.58,6,183.6,8,183.61,8
2020-10-29 09:33:14,183.32,183.21,1,183.21,4,183.43,5,183.43,183.21,183.21,4,183.19,3,183.15,1,183.14,7,183.09,21,183.05,4,183.02,2,182.99,10,182.97,2,182.87,2,183.43,5,183.47,6,183.5,1,183.53,17,183.54,17,183.55,16,183.56,8,183.58,6,183.6,8,183.61,8
2020-10-29 09:33:15,183.32,183.23,1,183.21,4,183.43,5,183.43,183.21,183.21,4,183.19,3,183.15,1,183.14,7,183.09,21,183.05,4,183.02,2,182.99,10,182.97,2,182.87,2,183.43,5,183.47,6,183.5,1,183.53,17,183.54,17,183.55,16,183.56,8,183.58,6,183.6,8,183.61,8
2020-10-29 09:33:16,183.32,183.23,1,183.21,4,183.43,6,183.43,183.21,183.21,4,183.19,3,183.15,1,183.14,7,183.09,21,183.05,4,183.02,2,182.99,10,182.97,2,182.87,2,183.43,6,183.47,6,183.5,1,183.53,17,183.54,17,183.55,16,183.56,8,183.58,6,183.6,8,183.61,8
2020-10-29 09:33:17,183.325,183.23,1,183.23,2,183.42,8,183.42,183.23,183.23,2,183.19,1,183.18,18,183.15,1,183.14,7,183.09,21,183.05,4,183.02,2,182.99,10,182.97,2,183.42,8,183.43,6,183.47,6,183.5,1,183.53,17,183.54,17,183.55,16,183.56,8,183.58,6,183.6,8
2020-10-29 09:33:18,183.295,183.23,1,183.18,17,183.41,14,183.41,183.18,183.18,17,183.15,1,183.14,7,183.09,21,183.05,4,183.02,2,182.99,10,182.97,2,182.87,2,182.77,18,183.41,14,183.42,18,183.43,6,183.47,6,183.5,1,183.53,17,183.54,17,183.55,16,183.56,8,183.58,6
2020-10-29 09:33:18,183.295,183.23,1,183.18,19,183.41,14,183.41,183.18,183.18,19,183.15,1,183.14,7,183.09,21,183.05,4,183.02,2,182.99,10,182.97,2,182.87,2,182.77,18,183.41,14,183.42,18,183.43,6,183.47,6,183.5,1,183.53,17,183.54,17,183.55,16,183.56,8,183.58,6
2020-10-29 09:33:20,183.295,183.23,1,183.18,16,183.41,14,183.41,183.18,183.18,16,183.15,1,183.14,7,183.09,21,183.05,4,183.02,2,182.99,10,182.97,2,182.87,2,182.77,18,183.41,14,183.42,18,183.43,6,183.47,6,183.5,1,183.53,17,183.54,17,183.55,16,183.56,8,183.58,6
2020-10-29 09:33:21,183.295,183.2,1,183.18,17,183.41,24,183.41,183.18,183.18,17,183.15,1,183.14,7,183.09,21,183.05,4,183.02,2,182.99,10,182.97,2,182.87,2,182.77,18,183.41,24,183.42,18,183.43,6,183.47,6,183.5,1,183.53,17,183.54,17,183.55,16,183.56,8,183.58,6
2020-10-29 09:33:22,183.29,183.29,1,183.19,10,183.39,1,183.39,183.19,183.19,10,183.18,17,183.15,1,183.14,7,183.09,21,183.05,4,183.02,2,182.99,10,182.97,2,182.87,2,183.39,1,183.4,12,183.41,23,183.42,18,183.43,6,183.47,6,183.5,1,183.53,17,183.54,17,183.55,16
2020-10-29 09:33:23,183.305,183.29,1,183.21,6,183.4,12,183.4,183.21,183.21,6,183.19,10,183.18,17,183.15,1,183.14,7,183.09,21,183.05,4,183.02,2,182.99,10,182.97,2,183.4,12,183.41,23,183.42,18,183.43,6,183.47,6,183.5,1,183.53,17,183.54,17,183.55,16,183.56,8
2020-10-29 09:33:24,183.305,183.29,1,183.21,11,183.4,17,183.4,183.21,183.21,11,183.19,10,183.18,17,183.15,1,183.14,7,183.09,21,183.05,4,183.02,2,182.99,10,182.97,2,183.4,17,183.41,23,183.42,18,183.43,6,183.47,6,183.5,1,183.53,17,183.54,17,183.55,16,183.56,8
2020-10-29 09:33:25,183.31,183.24,1,183.22,16,183.4,18,183.4,183.22,183.22,16,183.21,11,183.19,10,183.18,17,183.15,1,183.14,7,183.09,21,183.05,4,183.02,2,182.99,10,183.4,18,183.41,23,183.42,18,183.43,6,183.47,6,183.5,1,183.53,17,183.54,17,183.55,16,183.56,8
2020-10-29 09:33:26,183.315,183.33,1,183.23,10,183.4,18,183.4,183.23,183.23,10,183.22,16,183.21,11,183.19,10,183.18,17,183.15,1,183.14,7,183.09,21,183.05,4,183.02,2,183.4,18,183.41,23,183.42,18,183.43,6,183.47,6,183.5,1,183.53,17,183.54,17,183.55,16,183.56,8
2020-10-29 09:33:27,183.315,183.26,1,183.23,11,183.4,16,183.4,183.23,183.23,11,183.22,16,183.21,11,183.19,10,183.18,17,183.15,1,183.14,7,183.09,21,183.05,4,183.02,2,183.4,16,183.41,23,183.42,18,183.43,6,183.47,6,183.5,1,183.53,17,183.54,17,183.55,16,183.56,8
2020-10-29 09:33:28,183.325,183.28,1,183.25,8,183.4,19,183.4,183.25,183.25,8,183.23,11,183.22,16,183.21,11,183.19,10,183.18,17,183.15,1,183.14,7,183.09,21,183.05,4,183.4,19,183.41,23,183.42,18,183.43,6,183.47,6,183.5,1,183.53,17,183.54,17,183.55,16,183.56,8
2020-10-29 09:33:29,183.33,183.33,1,183.26,8,183.4,19,183.4,183.26,183.26,8,183.24,6,183.23,11,183.22,16,183.21,11,183.19,10,183.18,17,183.15,1,183.14,7,183.09,21,183.4,19,183.41,23,183.42,18,183.43,6,183.47,6,183.5,1,183.53,17,183.54,17,183.55,16,183.56,8
2020-10-29 09:33:30,183.33,183.33,1,183.26,8,183.4,20,183.4,183.26,183.26,8,183.24,6,183.23,11,183.22,16,183.21,11,183.19,10,183.18,17,183.15,1,183.14,7,183.09,21,183.4,20,183.41,23,183.42,18,183.43,6,183.47,6,183.5,1,183.53,17,183.54,17,183.55,16,183.56,8
2020-10-29 09:33:31,183.355,183.31,1,183.31,9,183.4,19,183.4,183.31,183.31,9,183.26,8,183.24,6,183.23,11,183.22,16,183.21,11,183.19,10,183.18,17,183.15,1,183.14,7,183.4,19,183.41,23,183.42,18,183.43,6,183.47,6,183.5,1,183.53,17,183.54,17,183.55,16,183.56,8
2020-10-29 09:33:32,183.445,183.45,1,183.43,7,183.46,1,183.46,183.43,183.43,7,183.42,7,183.41,7,183.4,8,183.39,8,183.31,9,183.26,8,183.24,6,183.23,11,183.22,16,183.46,1,183.47,6,183.5,1,183.53,17,183.54,17,183.55,16,183.56,8,183.58,6,183.6,8,183.61,8
2020-10-29 09:33:33,183.48,183.35,1,183.33,3,183.63,14,183.63,183.33,183.33,3,183.32,5,183.31,16,183.26,8,183.24,6,183.23,11,183.22,16,183.21,11,183.19,10,183.18,17,183.63,14,183.64,8,183.7,3,183.72,10,183.8,8,183.81,3,183.82,5,183.83,1,183.84,1,183.85,2
2020-10-29 09:33:34,183.48,183.34,6,183.33,6,183.63,14,183.63,183.33,183.33,6,183.32,5,183.31,16,183.26,8,183.24,6,183.23,11,183.22,16,183.21,11,183.19,10,183.18,17,183.63,14,183.64,8,183.7,3,183.72,10,183.8,8,183.81,3,183.82,5,183.83,1,183.84,1,183.85,2
2020-10-29 09:33:35,183.495,183.48,2,183.36,3,183.63,20,183.63,183.36,183.36,3,183.35,8,183.34,6,183.33,9,183.32,5,183.31,16,183.26,8,183.24,6,183.23,11,183.22,16,183.63,20,183.64,8,183.7,3,183.72,10,183.8,8,183.81,3,183.82,5,183.83,1,183.84,1,183.85,2
2020-10-29 09:33:36,183.495,183.43,1,183.36,5,183.63,20,183.63,183.36,183.36,5,183.35,8,183.34,6,183.33,9,183.32,5,183.31,16,183.26,8,183.24,6,183.23,11,183.22,16,183.63,20,183.64,8,183.7,3,183.72,10,183.8,8,183.81,3,183.82,5,183.83,1,183.84,1,183.85,2
2020-10-29 09:33:37,183.495,183.43,1,183.36,8,183.63,20,183.63,183.36,183.36,8,183.35,8,183.34,6,183.33,9,183.32,5,183.31,16,183.26,8,183.24,6,183.23,11,183.22,16,183.63,20,183.64,8,183.7,3,183.72,10,183.8,8,183.81,3,183.82,5,183.83,1,183.84,1,183.85,2
2020-10-29 09:33:38,183.515,183.43,1,183.4,5,183.63,20,183.63,183.4,183.4,5,183.36,8,183.35,8,183.34,6,183.33,9,183.32,5,183.31,16,183.26,8,183.24,6,183.23,11,183.63,20,183.64,8,183.7,3,183.72,10,183.8,8,183.81,3,183.82,5,183.83,1,183.84,1,183.85,2
2020-10-29 09:33:39,183.51,183.42,1,183.4,5,183.62,12,183.62,183.4,183.4,5,183.36,8,183.35,8,183.34,6,183.33,9,183.32,5,183.31,16,183.26,8,183.24,6,183.23,11,183.62,12,183.63,20,183.64,8,183.7,3,183.72,10,183.8,8,183.81,3,183.82,5,183.83,1,183.84,1
2020-10-29 09:33:40,183.51,183.41,1,183.4,5,183.62,15,183.62,183.4,183.4,5,183.36,8,183.35,8,183.34,6,183.33,9,183.32,5,183.31,16,183.26,8,183.24,6,183.23,11,183.62,15,183.63,20,183.64,8,183.7,3,183.72,10,183.8,8,183.81,3,183.82,5,183.83,1,183.84,1
2020-10-29 09:33:41,183.51,183.53,1,183.4,6,183.62,12,183.62,183.4,183.4,6,183.36,8,183.35,8,183.34,6,183.33,9,183.32,5,183.31,16,183.26,8,183.24,6,183.23,11,183.62,12,183.63,20,183.64,8,183.7,3,183.72,10,183.8,8,183.81,3,183.82,5,183.83,1,183.84,1
2020-10-29 09:33:42,183.51,183.51,1,183.4,6,183.62,12,183.62,183.4,183.4,6,183.36,8,183.35,8,183.34,6,183.33,9,183.32,5,183.31,16,183.26,8,183.24,6,183.23,11,183.62,12,183.63,20,183.64,8,183.7,3,183.72,10,183.8,8,183.81,3,183.82,5,183.83,1,183.84,1
2020-10-29 09:33:43,183.53,183.51,1,183.44,5,183.62,12,183.62,183.44,183.44,5,183.43,5,183.42,5,183.41,8,183.4,6,183.36,8,183.35,8,183.34,6,183.33,9,183.32,5,183.62,12,183.63,20,183.64,8,183.7,3,183.72,10,183.8,8,183.81,3,183.82,5,183.83,1,183.84,1
2020-10-29 09:33:44,183.53,183.51,1,183.44,5,183.62,14,183.62,183.44,183.44,5,183.43,5,183.42,5,183.41,8,183.4,6,183.36,8,183.35,8,183.34,6,183.33,9,183.32,5,183.62,14,183.63,20,183.64,8,183.7,3,183.72,10,183.8,8,183.81,3,183.82,5,183.83,1,183.84,1
2020-10-29 09:33:45,183.535,183.44,1,183.45,15,183.62,11,183.62,183.45,183.45,15,183.44,8,183.43,5,183.42,5,183.41,8,183.4,6,183.36,8,183.35,8,183.34,6,183.33,9,183.62,11,183.63,20,183.64,8,183.7,3,183.72,10,183.8,8,183.81,3,183.82,5,183.83,1,183.84,1
2020-10-29 09:33:46,183.62,183.54,1,183.54,21,183.7,3,183.7,183.54,183.54,21,183.53,7,183.45,14,183.44,8,183.43,5,183.42,5,183.41,8,183.4,6,183.36,8,183.35,8,183.7,3,183.72,10,183.8,8,183.81,3,183.82,5,183.83,1,183.84,1,183.85,2,183.89,9,183.92,9
2020-10-29 09:33:48,183.73,183.7,1,183.65,9,183.81,3,183.81,183.65,183.65,9,183.62,7,183.6,7,183.59,9,183.55,7,183.54,21,183.53,7,183.45,14,183.44,8,183.43,5,183.81,3,183.82,5,183.83,1,183.84,1,183.85,2,183.89,9,183.92,9,183.93,6,183.97,3,183.98,5
2020-10-29 09:33:48,183.74,183.75,2,183.67,6,183.81,11,183.81,183.67,183.67,6,183.66,9,183.65,9,183.62,7,183.6,7,183.59,9,183.55,7,183.54,21,183.53,7,183.45,14,183.81,11,183.82,5,183.83,1,183.84,1,183.85,2,183.89,9,183.92,9,183.93,6,183.97,3,183.98,5
2020-10-29 09:33:49,183.74,183.74,5,183.67,6,183.81,11,183.81,183.67,183.67,6,183.66,9,183.65,9,183.62,7,183.6,7,183.59,9,183.55,7,183.54,21,183.53,7,183.45,14,183.81,11,183.82,5,183.83,1,183.84,1,183.85,2,183.89,9,183.92,9,183.93,6,183.97,3,183.98,5
2020-10-29 09:33:50,183.74,183.7,1,183.67,6,183.81,11,183.81,183.67,183.67,6,183.66,9,183.65,9,183.62,7,183.6,7,183.59,9,183.55,7,183.54,21,183.53,7,183.45,14,183.81,11,183.82,5,183.83,1,183.84,1,183.85,2,183.89,9,183.92,9,183.93,6,183.97,3,183.98,5
2020-10-29 09:33:51,183.715,183.69,5,183.65,8,183.78,8,183.78,183.65,183.65,8,183.64,2,183.62,7,183.6,7,183.59,9,183.55,7,183.54,21,183.53,7,183.45,14,183.44,8,183.78,8,183.81,11,183.82,5,183.83,1,183.84,1,183.85,2,183.89,9,183.92,9,183.93,6,183.97,3
2020-10-29 09:33:52,183.715,183.72,1,183.65,12,183.78,8,183.78,183.65,183.65,12,183.64,2,183.62,7,183.6,7,183.59,9,183.55,7,183.54,21,183.53,7,183.45,14,183.44,8,183.78,8,183.81,11,183.82,5,183.83,1,183.84,1,183.85,2,183.89,9,183.92,9,183.93,6,183.97,3
2020-10-29 09:33:53,183.525,183.52,60,183.46,2,183.59,5,183.59,183.46,183.46,2,183.45,15,183.44,8,183.43,5,183.42,5,183.41,8,183.4,6,183.36,8,183.35,8,183.34,6,183.59,5,183.74,2,183.76,1,183.78,9,183.81,11,183.82,5,183.83,1,183.84,1,183.85,2,183.89,9
2020-10-29 09:33:54,183.505,183.51,1,183.46,3,183.55,3,183.55,183.46,183.46,3,183.45,12,183.44,8,183.43,5,183.42,5,183.41,8,183.4,6,183.36,8,183.35,8,183.34,6,183.55,3,183.59,6,183.74,2,183.76,1,183.78,9,183.81,11,183.82,5,183.83,1,183.84,1,183.85,2
2020-10-29 09:33:55,183.525,183.51,2,183.46,11,183.59,5,183.59,183.46,183.46,11,183.45,12,183.44,8,183.43,5,183.42,5,183.41,8,183.4,6,183.36,8,183.35,8,183.34,6,183.59,5,183.74,2,183.76,1,183.78,9,183.81,11,183.82,5,183.83,1,183.84,1,183.85,2,183.89,9
2020-10-29 09:33:56,183.525,183.53,3,183.46,11,183.59,9,183.59,183.46,183.46,11,183.45,12,183.44,8,183.43,5,183.42,5,183.41,8,183.4,6,183.36,8,183.35,8,183.34,6,183.59,9,183.74,2,183.76,1,183.78,9,183.81,11,183.82,5,183.83,1,183.84,1,183.85,2,183.89,9
2020-10-29 09:33:57,183.505,183.46,2,183.46,12,183.55,2,183.55,183.46,183.46,12,183.45,12,183.44,8,183.43,5,183.42,5,183.41,8,183.4,6,183.36,8,183.35,8,183.34,6,183.55,2,183.58,4,183.59,9,183.74,2,183.76,1,183.78,9,183.81,11,183.82,5,183.83,1,183.84,1
2020-10-29 09:33:58,183.425,183.42,1,183.37,1,183.48,2,183.48,183.37,183.37,1,183.36,8,183.35,8,183.34,6,183.33,9,183.32,5,183.31,16,183.26,8,183.24,6,183.23,11,183.48,2,183.55,5,183.58,4,183.59,9,183.74,2,183.76,1,183.78,9,183.81,11,183.82,5,183.83,1
2020-10-29 09:33:59,183.42,183.38,1,183.37,3,183.47,6,183.47,183.37,183.37,3,183.36,8,183.35,8,183.34,6,183.33,9,183.32,5,183.31,16,183.26,8,183.24,6,183.23,11,183.47,6,183.48,5,183.55,5,183.58,4,183.59,9,183.74,2,183.76,1,183.78,9,183.81,11,183.82,5
2020-10-29 09:34:00,183.37,183.37,1,183.27,8,183.47,7,183.47,183.27,183.27,8,183.26,9,183.24,6,183.23,11,183.22,16,183.21,11,183.19,10,183.18,17,183.15,1,183.14,7,183.47,7,183.48,5,183.55,5,183.58,4,183.59,9,183.74,2,183.76,1,183.78,9,183.81,11,183.82,5
2020-10-29 09:34:01,183.225,183.21,1,183.17,1,183.28,2,183.28,183.17,183.17,1,183.12,1,183.09,21,183.05,4,183.02,2,182.99,10,182.97,2,182.87,2,182.77,18,182.63,14,183.28,2,183.31,9,183.36,1,183.37,3,183.47,7,183.48,5,183.55,5,183.58,4,183.59,9,183.74,2
2020-10-29 09:34:02,183.22,183.22,1,183.17,4,183.27,3,183.27,183.17,183.17,4,183.12,1,183.09,21,183.05,4,183.02,2,182.99,10,182.97,2,182.87,2,182.77,18,182.63,14,183.27,3,183.28,2,183.31,9,183.36,1,183.37,3,183.47,7,183.48,5,183.55,5,183.58,4,183.59,9
2020-10-29 09:34:03,183.225,183.23,1,183.18,3,183.27,3,183.27,183.18,183.18,3,183.17,4,183.12,1,183.09,21,183.05,4,183.02,2,182.99,10,182.97,2,182.87,2,182.77,18,183.27,3,183.28,2,183.31,9,183.36,1,183.37,3,183.47,7,183.48,5,183.55,5,183.58,4,183.59,9
2020-10-29 09:34:05,183.13,183.17,1,183.03,5,183.23,8,183.23,183.03,183.03,5,183.02,2,182.99,10,182.97,2,182.87,2,182.77,18,182.63,14,182.62,7,182.61,2,182.12,1,183.23,8,183.27,14,183.28,2,183.31,9,183.36,1,183.37,3,183.47,7,183.48,5,183.55,5,183.58,4
2020-10-29 09:34:05,183.13,183.06,1,183.05,11,183.21,2,183.21,183.05,183.05,11,183.03,5,183.02,2,182.99,10,182.97,2,182.87,2,182.77,18,182.63,14,182.62,7,182.61,2,183.21,2,183.23,9,183.27,14,183.28,2,183.31,9,183.36,1,183.37,3,183.47,7,183.48,5,183.55,5
2020-10-29 09:34:06,183.13,183.05,1,183.05,13,183.21,2,183.21,183.05,183.05,13,183.03,5,183.02,2,182.99,10,182.97,2,182.87,2,182.77,18,182.63,14,182.62,7,182.61,2,183.21,2,183.23,9,183.27,14,183.28,2,183.31,9,183.36,1,183.37,3,183.47,7,183.48,5,183.55,5
2020-10-29 09:34:07,183.13,183.05,1,183.05,13,183.21,2,183.21,183.05,183.05,13,183.03,5,183.02,2,182.99,10,182.97,2,182.87,2,182.77,18,182.63,14,182.62,7,182.61,2,183.21,2,183.23,9,183.27,14,183.28,2,183.31,9,183.36,1,183.37,3,183.47,7,183.48,5,183.55,5
2020-10-29 09:34:08,183.115,183.06,1,183.05,1,183.18,5,183.18,183.05,183.05,1,183.03,5,183.02,2,182.99,10,182.97,2,182.87,2,182.77,18,182.63,14,182.62,7,182.61,2,183.18,5,183.21,3,183.23,9,183.27,14,183.28,2,183.31,9,183.36,1,183.37,3,183.47,7,183.48,5
2020-10-29 09:34:09,183.11,183.06,1,183.05,1,183.17,3,183.17,183.05,183.05,1,183.03,5,183.02,2,182.99,10,182.97,2,182.87,2,182.77,18,182.63,14,182.62,7,182.61,2,183.17,3,183.18,5,183.21,3,183.23,9,183.27,14,183.28,2,183.31,9,183.36,1,183.37,3,183.47,7
2020-10-29 09:34:10,182.925,182.92,1,182.82,5,183.03,2,183.03,182.82,182.82,5,182.81,9,182.77,18,182.63,14,182.62,7,182.61,2,182.12,1,182.11,5,,,,,183.03,2,183.05,3,183.1,2,183.13,1,183.15,1,183.16,12,183.17,3,183.18,5,183.21,3,183.23,9
2020-10-29 09:34:11,182.92,182.82,2,182.81,13,183.03,2,183.03,182.81,182.81,13,182.77,18,182.63,14,182.62,7,182.61,2,182.12,1,182.11,5,,,,,,,183.03,2,183.05,3,183.1,2,183.13,1,183.15,1,183.16,12,183.17,3,183.18,5,183.21,3,183.23,9
2020-10-29 09:34:12,182.92,182.82,2,182.81,13,183.03,2,183.03,182.81,182.81,13,182.77,18,182.63,14,182.62,7,182.61,2,182.12,1,182.11,5,,,,,,,183.03,2,183.05,3,183.1,2,183.13,1,183.15,1,183.16,12,183.17,3,183.18,5,183.21,3,183.23,9
2020-10-29 09:34:13,182.92,182.83,3,182.81,13,183.03,10,183.03,182.81,182.81,13,182.77,18,182.63,14,182.62,7,182.61,2,182.12,1,182.11,5,,,,,,,183.03,10,183.05,3,183.1,2,183.13,1,183.15,1,183.16,12,183.17,3,183.18,5,183.21,3,183.23,9
2020-10-29 09:34:14,182.92,182.92,1,182.81,13,183.03,13,183.03,182.81,182.81,13,182.77,18,182.63,14,182.62,7,182.61,2,182.12,1,182.11,5,,,,,,,183.03,13,183.05,3,183.1,2,183.13,1,183.15,1,183.16,12,183.17,3,183.18,5,183.21,3,183.23,9
2020-10-29 09:34:15,182.83,182.88,1,182.76,1,182.9,2,182.9,182.76,182.76,1,182.75,6,182.63,14,182.62,7,182.61,2,182.12,1,182.11,5,,,,,,,182.9,2,182.91,1,182.97,4,183.02,7,183.03,13,183.05,3,183.1,2,183.13,1,183.15,1,183.16,12
2020-10-29 09:34:16,182.86,182.82,2,182.75,3,182.97,6,182.97,182.75,182.75,3,182.74,1,182.7,2,182.63,14,182.62,7,182.61,2,182.12,1,182.11,5,,,,,182.97,6,183.02,7,183.03,13,183.05,3,183.1,2,183.13,1,183.15,1,183.16,12,183.17,3,183.18,5
2020-10-29 09:34:17,182.865,182.86,1,182.76,11,182.97,14,182.97,182.76,182.76,11,182.75,7,182.74,1,182.7,2,182.63,14,182.62,7,182.61,2,182.12,1,182.11,5,,,182.97,14,183.02,7,183.03,13,183.05,3,183.1,2,183.13,1,183.15,1,183.16,12,183.17,3,183.18,5
2020-10-29 09:34:18,182.865,182.86,1,182.76,11,182.97,14,182.97,182.76,182.76,11,182.75,7,182.74,1,182.7,2,182.63,14,182.62,7,182.61,2,182.12,1,182.11,5,,,182.97,14,183.02,7,183.03,13,183.05,3,183.1,2,183.13,1,183.15,1,183.16,12,183.17,3,183.18,5
2020-10-29 09:34:19,182.86,182.86,1,182.76,12,182.96,12,182.96,182.76,182.76,12,182.75,7,182.74,1,182.7,2,182.63,14,182.62,7,182.61,2,182.12,1,182.11,5,,,182.96,12,182.97,14,183.02,7,183.03,13,183.05,3,183.1,2,183.13,1,183.15,1,183.16,12,183.17,3
2020-10-29 09:34:20,182.72,182.65,1,182.62,10,182.82,9,182.82,182.62,182.62,10,182.61,2,182.12,1,182.11,5,,,,,,,,,,,,,182.82,9,182.83,5,182.84,4,182.85,16,182.86,2,182.95,12,182.96,9,182.97,14,183.02,7,183.03,13
2020-10-29 09:34:21,182.74,182.74,1,182.67,3,182.81,1,182.81,182.67,182.67,3,182.66,2,182.62,10,182.61,2,182.12,1,182.11,5,,,,,,,,,182.81,1,182.82,9,182.83,5,182.84,4,182.85,16,182.86,2,182.95,12,182.96,9,182.97,14,183.02,7
2020-10-29 09:34:22,182.74,182.74,1,182.67,4,182.81,3,182.81,182.67,182.67,4,182.66,2,182.62,10,182.61,2,182.12,1,182.11,5,,,,,,,,,182.81,3,182.82,9,182.83,5,182.84,4,182.85,16,182.86,2,182.95,12,182.96,9,182.97,14,183.02,7
2020-10-29 09:34:23,182.73,182.74,1,182.66,4,182.8,3,182.8,182.66,182.66,4,182.64,1,182.62,10,182.61,2,182.12,1,182.11,5,,,,,,,,,182.8,3,182.81,7,182.82,9,182.83,5,182.84,4,182.85,16,182.86,2,182.95,12,182.96,9,182.97,14
2020-10-29 09:34:24,182.73,182.73,2,182.66,5,182.8,9,182.8,182.66,182.66,5,182.64,1,182.62,10,182.61,2,182.12,1,182.11,5,,,,,,,,,182.8,9,182.81,7,182.82,9,182.83,5,182.84,4,182.85,16,182.86,2,182.95,12,182.96,9,182.97,14
2020-10-29 09:34:25,182.705,182.71,1,182.62,15,182.79,12,182.79,182.62,182.62,15,182.61,2,182.12,1,182.11,5,,,,,,,,,,,,,182.79,12,182.8,17,182.81,7,182.82,9,182.83,5,182.84,4,182.85,16,182.86,2,182.95,12,182.96,9
2020-10-29 09:34:26,182.7,182.75,1,182.62,13,182.78,4,182.78,182.62,182.62,13,182.61,2,182.12,1,182.11,5,,,,,,,,,,,,,182.78,4,182.79,17,182.8,17,182.81,7,182.82,9,182.83,5,182.84,4,182.85,16,182.86,2,182.95,12
2020-10-29 09:34:27,182.705,182.71,1,182.63,10,182.78,15,182.78,182.63,182.63,10,182.62,13,182.61,2,182.12,1,182.11,5,,,,,,,,,,,182.78,15,182.79,17,182.8,17,182.81,7,182.82,9,182.83,5,182.84,4,182.85,16,182.86,2,182.95,12
2020-10-29 09:34:28,182.625,182.71,4,182.53,2,182.72,4,182.72,182.53,182.53,2,182.52,1,182.12,1,182.11,5,,,,,,,,,,,,,182.72,4,182.73,4,182.74,6,182.76,2,182.78,15,182.79,17,182.8,17,182.81,7,182.82,9,182.83,5
2020-10-29 09:34:29,182.625,182.71,4,182.53,4,182.72,4,182.72,182.53,182.53,4,182.52,1,182.12,1,182.11,5,,,,,,,,,,,,,182.72,4,182.73,4,182.74,6,182.76,2,182.78,15,182.79,17,182.8,17,182.81,7,182.82,9,182.83,5
2020-10-29 09:34:30,182.625,182.71,4,182.53,4,182.72,4,182.72,182.53,182.53,4,182.52,1,182.12,1,182.11,5,,,,,,,,,,,,,182.72,4,182.73,4,182.74,6,182.76,2,182.78,15,182.79,17,182.8,17,182.81,7,182.82,9,182.83,5
2020-10-29 09:34:31,182.62,182.53,1,182.53,6,182.71,5,182.71,182.53,182.53,6,182.52,1,182.12,1,182.11,5,,,,,,,,,,,,,182.71,5,182.72,6,182.73,4,182.74,6,182.76,2,182.78,15,182.79,17,182.8,17,182.81,7,182.82,9
2020-10-29 09:34:33,182.8,182.88,1,182.72,1,182.88,6,182.88,182.72,182.72,1,182.7,1,182.66,2,182.63,1,182.62,2,182.54,8,182.53,12,182.52,1,182.12,1,182.11,5,182.88,6,182.95,12,182.96,9,182.97,14,183.02,7,183.03,13,183.05,3,183.1,2,183.13,1,183.15,1
2020-10-29 09:34:33,182.7,182.72,1,182.62,3,182.78,5,182.78,182.62,182.62,3,182.54,8,182.53,12,182.52,1,182.12,1,182.11,5,,,,,,,,,182.78,5,182.86,4,182.88,6,182.95,12,182.96,9,182.97,14,183.02,7,183.03,13,183.05,3,183.1,2
2020-10-29 09:34:34,182.65,182.64,1,182.62,4,182.68,3,182.68,182.62,182.62,4,182.54,8,182.53,12,182.52,1,182.12,1,182.11,5,,,,,,,,,182.68,3,182.78,5,182.86,4,182.88,6,182.95,12,182.96,9,182.97,14,183.02,7,183.03,13,183.05,3
2020-10-29 09:34:35,182.595,182.6,3,182.51,1,182.68,3,182.68,182.51,182.51,1,182.12,1,182.11,5,,,,,,,,,,,,,,,182.68,3,182.78,5,182.86,4,182.88,6,182.95,12,182.96,9,182.97,14,183.02,7,183.03,13,183.05,3
2020-10-29 09:34:37,182.59,182.56,2,182.51,1,182.67,3,182.67,182.51,182.51,1,182.5,27,182.12,1,182.11,5,,,,,,,,,,,,,182.67,3,182.68,3,182.78,5,182.86,4,182.88,6,182.95,12,182.96,9,182.97,14,183.02,7,183.03,13
2020-10-29 09:34:37,182.565,182.56,2,182.5,27,182.63,3,182.63,182.5,182.5,27,182.12,1,182.11,5,,,,,,,,,,,,,,,182.63,3,182.67,3,182.68,3,182.78,5,182.86,4,182.88,6,182.95,12,182.96,9,182.97,14,183.02,7
2020-10-29 09:34:38,182.55,182.56,2,182.5,27,182.6,3,182.6,182.5,182.5,27,182.12,1,182.11,5,,,,,,,,,,,,,,,182.6,3,182.61,3,182.62,3,182.63,3,182.67,3,182.68,3,182.78,5,182.86,4,182.88,6,182.95,12
2020-10-29 09:34:39,182.405,182.47,1,182.31,1,182.5,4,182.5,182.31,182.31,1,182.3,18,182.12,1,182.11,5,,,,,,,,,,,,,182.5,4,182.55,13,182.56,7,182.6,3,182.61,3,182.62,3,182.63,3,182.67,3,182.68,3,182.78,5
2020-10-29 09:34:40,182.405,182.32,1,182.31,5,182.5,4,182.5,182.31,182.31,5,182.3,18,182.12,1,182.11,5,,,,,,,,,,,,,182.5,4,182.55,13,182.56,7,182.6,3,182.61,3,182.62,3,182.63,3,182.67,3,182.68,3,182.78,5
2020-10-29 09:34:42,182.41,182.49,1,182.32,2,182.5,4,182.5,182.32,182.32,2,182.31,5,182.3,18,182.12,1,182.11,5,,,,,,,,,,,182.5,4,182.55,13,182.56,7,182.6,3,182.61,3,182.62,3,182.63,3,182.67,3,182.68,3,182.78,5
2020-10-29 09:34:42,182.405,182.43,5,182.32,2,182.49,1,182.49,182.32,182.32,2,182.31,5,182.3,18,182.12,1,182.11,5,,,,,,,,,,,182.49,1,182.5,7,182.55,13,182.56,7,182.6,3,182.61,3,182.62,3,182.63,3,182.67,3,182.68,3
2020-10-29 09:34:43,182.59,182.59,1,182.49,9,182.69,11,182.69,182.49,182.49,9,182.48,2,182.41,1,182.32,2,182.31,5,182.3,18,182.12,1,182.11,5,,,,,182.69,11,182.81,1,182.86,4,182.88,6,182.95,12,182.96,9,182.97,14,183.02,7,183.03,13,183.05,3
2020-10-29 09:34:44,182.595,182.53,1,182.5,2,182.69,12,182.69,182.5,182.5,2,182.49,9,182.48,2,182.41,1,182.32,2,182.31,5,182.3,18,182.12,1,182.11,5,,,182.69,12,182.81,1,182.86,4,182.88,6,182.95,12,182.96,9,182.97,14,183.02,7,183.03,13,183.05,3
2020-10-29 09:34:45,182.59,182.53,1,182.5,2,182.68,12,182.68,182.5,182.5,2,182.49,9,182.48,2,182.41,1,182.32,2,182.31,5,182.3,18,182.12,1,182.11,5,,,182.68,12,182.69,12,182.81,1,182.86,4,182.88,6,182.95,12,182.96,9,182.97,14,183.02,7,183.03,13
2020-10-29 09:34:47,182.385,182.33,1,182.32,11,182.45,3,182.45,182.32,182.32,11,182.31,5,182.3,18,182.12,1,182.11,5,,,,,,,,,,,182.45,3,182.5,2,182.51,2,182.64,1,182.68,12,182.69,12,182.81,1,182.86,4,182.88,6,182.95,12
2020-10-29 09:34:48,182.395,182.33,1,182.32,11,182.47,4,182.47,182.32,182.32,11,182.31,5,182.3,18,182.12,1,182.11,5,,,,,,,,,,,182.47,4,182.48,9,182.51,3,182.64,1,182.68,12,182.69,12,182.81,1,182.86,4,182.88,6,182.95,12
2020-10-29 09:34:49,182.395,182.4,1,182.32,11,182.47,8,182.47,182.32,182.32,11,182.31,5,182.3,18,182.12,1,182.11,5,,,,,,,,,,,182.47,8,182.48,9,182.51,3,182.64,1,182.68,12,182.69,12,182.81,1,182.86,4,182.88,6,182.95,12
2020-10-29 09:34:50,182.38,182.3,1,182.3,2,182.46,6,182.46,182.3,182.3,2,182.27,5,182.12,1,182.11,5,,,,,,,,,,,,,182.46,6,182.47,8,182.48,9,182.51,3,182.64,1,182.68,12,182.69,12,182.81,1,182.86,4,182.88,6
2020-10-29 09:34:51,182.35,182.4,1,182.3,2,182.4,3,182.4,182.3,182.3,2,182.27,5,182.12,1,182.11,5,,,,,,,,,,,,,182.4,3,182.45,1,182.46,6,182.47,8,182.48,9,182.51,3,182.64,1,182.68,12,182.69,12,182.81,1
2020-10-29 09:34:52,182.315,182.29,1,182.29,4,182.34,2,182.34,182.29,182.29,4,182.27,5,182.12,1,182.11,5,,,,,,,,,,,,,182.34,2,182.35,13,182.39,9,182.4,6,182.45,1,182.46,6,182.47,8,182.48,9,182.51,3,182.64,1
2020-10-29 09:34:53,182.2,182.14,1,182.13,2,182.27,3,182.27,182.13,182.13,2,182.12,1,182.11,5,,,,,,,,,,,,,,,182.27,3,182.28,3,182.3,3,182.32,7,182.34,11,182.35,13,182.39,9,182.4,6,182.45,1,182.46,6
2020-10-29 09:34:54,182.195,182.15,1,182.13,5,182.26,4,182.26,182.13,182.13,5,182.12,1,182.11,5,,,,,,,,,,,,,,,182.26,4,182.27,10,182.28,3,182.3,3,182.32,7,182.34,11,182.35,13,182.39,9,182.4,6,182.45,1
2020-10-29 09:34:55,182.195,182.2,3,182.13,5,182.26,22,182.26,182.13,182.13,5,182.12,1,182.11,5,,,,,,,,,,,,,,,182.26,22,182.27,10,182.28,3,182.3,3,182.32,7,182.34,11,182.35,13,182.39,9,182.4,6,182.45,1
2020-10-29 09:34:55,182.195,182.2,1,182.13,5,182.26,12,182.26,182.13,182.13,5,182.12,1,182.11,5,,,,,,,,,,,,,,,182.26,12,182.27,10,182.28,3,182.3,3,182.32,7,182.34,11,182.35,13,182.39,9,182.4,6,182.45,1
2020-10-29 09:34:57,182.19,182.13,2,182.13,6,182.25,8,182.25,182.13,182.13,6,182.12,1,182.11,5,,,,,,,,,,,,,,,182.25,8,182.26,17,182.27,10,182.28,3,182.3,3,182.32,7,182.34,11,182.35,13,182.39,9,182.4,6
2020-10-29 09:34:58,182.185,182.13,2,182.13,4,182.24,12,182.24,182.13,182.13,4,182.12,1,182.11,5,,,,,,,,,,,,,,,182.24,12,182.25,9,182.26,17,182.27,10,182.28,3,182.3,3,182.32,7,182.34,11,182.35,13,182.39,9
2020-10-29 09:34:59,182.05,182.01,1,182.0,39,182.1,1,182.1,182.0,182.0,39,,,,,,,,,,,,,,,,,,,182.1,1,182.11,1,182.12,2,182.13,1,182.14,4,182.16,8,182.23,16,182.24,17,182.25,9,182.26,17
2020-10-29 09:35:00,182.04,182.03,1,182.0,39,182.08,3,182.08,182.0,182.0,39,,,,,,,,,,,,,,,,,,,182.08,3,182.09,4,182.1,1,182.11,1,182.12,2,182.13,1,182.14,4,182.16,8,182.23,16,182.24,17
2020-10-29 09:35:01,182.31,182.25,1,182.25,3,182.37,3,182.37,182.25,182.25,3,182.19,6,182.18,1,182.07,3,182.06,6,182.0,3,181.96,3,181.95,3,,,,,182.37,3,182.44,1,182.46,3,182.47,8,182.48,9,182.51,3,182.64,1,182.68,12,182.69,12,182.81,1
2020-10-29 09:35:02,182.245,182.25,1,182.14,20,182.35,3,182.35,182.14,182.14,20,182.13,8,182.07,3,182.06,6,182.0,3,181.96,3,181.95,3,,,,,,,182.35,3,182.39,2,182.4,1,182.44,1,182.46,3,182.47,8,182.48,9,182.51,3,182.64,1,182.68,12
2020-10-29 09:35:03,182.275,182.25,1,182.2,2,182.35,4,182.35,182.2,182.2,2,182.18,2,182.14,20,182.13,8,182.07,3,182.06,6,182.0,3,181.96,3,181.95,3,,,182.35,4,182.39,2,182.4,1,182.44,1,182.46,3,182.47,8,182.48,9,182.51,3,182.64,1,182.68,12
2020-10-29 09:35:04,182.275,182.21,1,182.2,6,182.35,3,182.35,182.2,182.2,6,182.18,2,182.14,20,182.13,8,182.07,3,182.06,6,182.0,3,181.96,3,181.95,3,,,182.35,3,182.39,2,182.4,1,182.44,1,182.46,3,182.47,8,182.48,9,182.51,3,182.64,1,182.68,12
2020-10-29 09:35:05,182.39,182.3,1,182.29,1,182.49,2,182.49,182.29,182.29,1,182.28,16,182.21,9,182.2,6,182.18,2,182.14,20,182.13,8,182.07,3,182.06,6,182.0,3,182.49,2,182.5,3,182.51,3,182.64,1,182.68,12,182.69,12,182.81,1,182.86,4,182.88,6,182.95,12
2020-10-29 09:35:06,182.385,182.39,1,182.29,3,182.48,8,182.48,182.29,182.29,3,182.28,16,182.21,9,182.2,6,182.18,2,182.14,20,182.13,8,182.07,3,182.06,6,182.0,3,182.48,8,182.49,10,182.5,3,182.51,3,182.64,1,182.68,12,182.69,12,182.81,1,182.86,4,182.88,6
2020-10-29 09:35:07,182.285,182.29,1,182.2,8,182.37,16,182.37,182.2,182.2,8,182.18,2,182.14,20,182.13,8,182.07,3,182.06,6,182.0,3,181.96,3,181.95,3,,,182.37,16,182.38,9,182.39,2,182.45,1,182.48,7,182.49,10,182.5,3,182.51,3,182.64,1,182.68,12
2020-10-29 09:35:08,182.285,182.3,1,182.2,8,182.37,1,182.37,182.2,182.2,8,182.18,2,182.14,20,182.13,8,182.07,3,182.06,6,182.0,3,181.96,3,181.95,3,,,182.37,1,182.38,14,182.39,2,182.45,1,182.48,7,182.49,10,182.5,3,182.51,3,182.64,1,182.68,12
2020-10-29 09:35:09,182.2,182.15,1,182.15,8,182.25,2,182.25,182.15,182.15,8,182.14,20,182.13,8,182.07,3,182.06,6,182.0,3,181.96,3,181.95,3,,,,,182.25,2,182.28,1,182.35,3,182.36,6,182.37,3,182.38,14,182.39,2,182.45,1,182.48,7,182.49,10
2020-10-29 09:35:10,182.19,182.15,2,182.13,10,182.25,2,182.25,182.13,182.13,10,182.07,3,182.06,6,182.0,3,181.96,3,181.95,3,,,,,,,,,182.25,2,182.28,1,182.35,3,182.36,6,182.37,3,182.38,14,182.39,2,182.45,1,182.48,7,182.49,10
2020-10-29 09:35:11,182.18,182.19,1,182.13,10,182.23,3,182.23,182.13,182.13,10,182.07,3,182.06,6,182.0,3,181.96,3,181.95,3,,,,,,,,,182.23,3,182.24,3,182.25,2,182.28,1,182.35,3,182.36,6,182.37,3,182.38,14,182.39,2,182.45,1
2020-10-29 09:35:12,182.135,182.11,1,182.1,1,182.17,2,182.17,182.1,182.1,1,182.07,3,182.06,6,182.0,3,181.96,3,181.95,3,,,,,,,,,182.17,2,182.18,3,182.22,21,182.23,6,182.24,3,182.25,2,182.28,1,182.35,3,182.36,6,182.37,3
2020-10-29 09:35:13,182.075,182.1,1,182.01,2,182.14,3,182.14,182.01,182.01,2,182.0,2,181.96,3,181.95,3,,,,,,,,,,,,,182.14,3,182.15,3,182.16,3,182.17,2,182.18,3,182.22,21,182.23,6,182.24,3,182.25,2,182.28,1
2020-10-29 09:35:14,182.045,182.09,2,182.01,5,182.08,1,182.08,182.01,182.01,5,182.0,2,181.96,3,181.95,3,,,,,,,,,,,,,182.08,1,182.14,4,182.15,3,182.16,3,182.17,2,182.18,3,182.22,21,182.23,6,182.24,3,182.25,2
2020-10-29 09:35:15,182.07,182.02,2,182.01,5,182.13,3,182.13,182.01,182.01,5,182.0,2,181.96,3,181.95,3,,,,,,,,,,,,,182.13,3,182.14,4,182.15,3,182.16,3,182.17,2,182.18,3,182.22,21,182.23,6,182.24,3,182.25,2
2020-10-29 09:35:16,181.985,182.0,7,181.92,2,182.05,3,182.05,181.92,181.92,2,181.9,4,181.87,5,,,,,,,,,,,,,,,182.05,3,182.06,3,182.12,9,182.13,8,182.14,4,182.15,3,182.16,3,182.17,2,182.18,3,182.22,21
2020-10-29 09:35:17,182.07,182.05,1,182.01,4,182.13,13,182.13,182.01,182.01,4,181.99,2,181.97,2,181.92,2,181.9,4,181.87,5,,,,,,,,,182.13,13,182.14,4,182.15,3,182.16,3,182.17,2,182.18,3,182.22,21,182.23,6,182.24,3,182.25,2
2020-10-29 09:35:18,182.07,182.05,1,182.01,4,182.13,10,182.13,182.01,182.01,4,181.99,2,181.97,2,181.92,2,181.9,4,181.87,5,,,,,,,,,182.13,10,182.14,4,182.15,3,182.16,3,182.17,2,182.18,3,182.22,21,182.23,6,182.24,3,182.25,2
2020-10-29 09:35:19,182.07,182.07,1,182.01,4,182.13,11,182.13,182.01,182.01,4,181.99,2,181.97,2,181.92,2,181.9,4,181.87,5,,,,,,,,,182.13,11,182.14,4,182.15,3,182.16,3,182.17,2,182.18,3,182.22,21,182.23,6,182.24,3,182.25,2
2020-10-29 09:35:20,182.075,182.03,1,182.02,2,182.13,11,182.13,182.02,182.02,2,182.01,4,181.99,2,181.97,2,181.92,2,181.9,4,181.87,5,,,,,,,182.13,11,182.14,4,182.15,3,182.16,3,182.17,2,182.18,3,182.22,21,182.23,6,182.24,3,182.25,2
2020-10-29 09:35:21,182.31,182.31,1,182.22,5,182.4,2,182.4,182.22,182.22,5,182.21,2,182.2,5,182.12,5,182.1,3,182.08,9,182.07,5,182.04,4,182.02,2,182.01,4,182.4,2,182.46,5,182.48,7,182.49,10,182.5,3,182.51,3,182.64,1,182.68,12,182.69,12,182.81,1
2020-10-29 09:35:22,182.315,182.31,1,182.23,3,182.4,5,182.4,182.23,182.23,3,182.22,4,182.21,2,182.2,5,182.12,5,182.1,3,182.08,9,182.07,5,182.04,4,182.02,2,182.4,5,182.46,5,182.48,7,182.49,10,182.5,3,182.51,3,182.64,1,182.68,12,182.69,12,182.81,1
2020-10-29 09:35:23,182.31,182.31,1,182.23,3,182.39,7,182.39,182.23,182.23,3,182.22,4,182.21,2,182.2,5,182.12,5,182.1,3,182.08,9,182.07,5,182.04,4,182.02,2,182.39,7,182.4,5,182.46,5,182.48,7,182.49,10,182.5,3,182.51,3,182.64,1,182.68,12,182.69,12
2020-10-29 09:35:24,182.155,182.16,1,182.1,12,182.21,3,182.21,182.1,182.1,12,182.08,9,182.07,5,182.04,4,182.02,2,182.01,4,181.99,2,181.97,2,181.92,2,181.9,4,182.21,3,182.31,3,182.35,2,182.39,7,182.4,5,182.46,5,182.48,7,182.49,10,182.5,3,182.51,3
2020-10-29 09:35:25,182.155,182.16,1,182.1,12,182.21,3,182.21,182.1,182.1,12,182.08,9,182.07,5,182.04,4,182.02,2,182.01,4,181.99,2,181.97,2,181.92,2,181.9,4,182.21,3,182.31,3,182.35,2,182.39,7,182.4,5,182.46,5,182.48,7,182.49,10,182.5,3,182.51,3
2020-10-29 09:35:26,182.155,182.16,1,182.1,12,182.21,3,182.21,182.1,182.1,12,182.08,9,182.07,5,182.04,4,182.02,2,182.01,4,181.99,2,181.97,2,181.92,2,181.9,4,182.21,3,182.31,3,182.35,2,182.39,7,182.4,5,182.46,5,182.48,7,182.49,10,182.5,3,182.51,3
2020-10-29 09:35:27,182.155,182.16,1,182.1,12,182.21,3,182.21,182.1,182.1,12,182.08,9,182.07,5,182.04,4,182.02,2,182.01,4,181.99,2,181.97,2,181.92,2,181.9,4,182.21,3,182.31,3,182.35,2,182.39,7,182.4,5,182.46,5,182.48,7,182.49,10,182.5,3,182.51,3
2020-10-29 09:35:28,182.155,182.16,1,182.1,12,182.21,5,182.21,182.1,182.1,12,182.08,9,182.07,5,182.04,4,182.02,2,182.01,4,181.99,2,181.97,2,181.92,2,181.9,4,182.21,5,182.31,3,182.35,2,182.39,7,182.4,5,182.46,5,182.48,7,182.49,10,182.5,3,182.51,3
2020-10-29 09:35:29,182.065,182.05,1,182.01,5,182.12,3,182.12,182.01,182.01,5,181.99,2,181.97,2,181.92,2,181.9,4,181.87,5,,,,,,,,,182.12,3,182.13,3,182.15,2,182.16,7,182.21,5,182.31,3,182.35,2,182.39,7,182.4,5,182.46,5
2020-10-29 09:35:30,181.99,181.96,1,181.94,5,182.04,6,182.04,181.94,181.94,5,181.92,2,181.9,4,181.87,5,,,,,,,,,,,,,182.04,6,182.05,2,182.08,3,182.12,6,182.13,3,182.15,2,182.16,7,182.21,5,182.31,3,182.35,2
2020-10-29 09:35:31,181.98,181.96,1,181.94,2,182.02,2,182.02,181.94,181.94,2,181.89,5,181.88,2,181.87,5,,,,,,,,,,,,,182.02,2,182.03,11,182.04,6,182.05,2,182.08,3,182.12,6,182.13,3,182.15,2,182.16,7,182.21,5
2020-10-29 09:35:32,181.905,181.92,1,181.87,5,181.94,1,181.94,181.87,181.87,5,,,,,,,,,,,,,,,,,,,181.94,1,181.95,1,181.96,1,181.98,3,182.02,2,182.03,11,182.04,6,182.05,2,182.08,3,182.12,6
2020-10-29 09:35:33,181.86,181.87,1,181.81,1,181.91,3,181.91,181.81,181.81,1,,,,,,,,,,,,,,,,,,,181.91,3,181.94,4,181.95,1,181.96,1,181.98,3,182.02,2,182.03,11,182.04,6,182.05,2,182.08,3
2020-10-29 09:35:34,181.85,181.85,1,181.81,3,181.89,3,181.89,181.81,181.81,3,,,,,,,,,,,,,,,,,,,181.89,3,181.9,4,181.91,3,181.94,4,181.95,1,181.96,1,181.98,3,182.02,2,182.03,11,182.04,6
2020-10-29 09:35:35,181.85,181.81,1,181.81,4,181.89,3,181.89,181.81,181.81,4,,,,,,,,,,,,,,,,,,,181.89,3,181.9,4,181.91,3,181.94,4,181.95,1,181.96,1,181.98,3,182.02,2,182.03,11,182.04,6
2020-10-29 09:35:36,181.85,181.85,1,181.81,6,181.89,5,181.89,181.81,181.81,6,181.8,3,,,,,,,,,,,,,,,,,181.89,5,181.9,4,181.91,3,181.94,4,181.95,1,181.96,1,181.98,3,182.02,2,182.03,11,182.04,6
2020-10-29 09:35:37,181.85,181.85,1,181.81,6,181.89,5,181.89,181.81,181.81,6,181.8,3,,,,,,,,,,,,,,,,,181.89,5,181.9,4,181.91,3,181.94,4,181.95,1,181.96,1,181.98,3,182.02,2,182.03,11,182.04,6
2020-10-29 09:35:38,181.85,181.85,1,181.81,6,181.89,5,181.89,181.81,181.81,6,181.8,3,,,,,,,,,,,,,,,,,181.89,5,181.9,4,181.91,3,181.94,4,181.95,1,181.96,1,181.98,3,182.02,2,182.03,11,182.04,6
2020-10-29 09:35:39,181.955,181.96,1,181.89,18,182.02,12,182.02,181.89,181.89,18,181.88,2,181.81,6,181.8,3,,,,,,,,,,,,,182.02,12,182.03,11,182.04,6,182.05,2,182.08,3,182.12,6,182.13,3,182.15,2,182.16,7,182.21,5
2020-10-29 09:35:40,181.955,181.96,1,181.89,18,182.02,12,182.02,181.89,181.89,18,181.88,2,181.81,6,181.8,3,,,,,,,,,,,,,182.02,12,182.03,11,182.04,6,182.05,2,182.08,3,182.12,6,182.13,3,182.15,2,182.16,7,182.21,5
2020-10-29 09:35:41,181.905,181.85,1,181.84,2,181.97,3,181.97,181.84,181.84,2,181.81,6,181.8,3,,,,,,,,,,,,,,,181.97,3,182.02,12,182.03,11,182.04,6,182.05,2,182.08,3,182.12,6,182.13,3,182.15,2,182.16,7
2020-10-29 09:35:42,181.885,181.85,1,181.85,2,181.92,2,181.92,181.85,181.85,2,181.84,2,181.81,6,181.8,3,,,,,,,,,,,,,181.92,2,181.97,3,182.02,12,182.03,11,182.04,6,182.05,2,182.08,3,182.12,6,182.13,3,182.15,2
2020-10-29 09:35:43,181.77,181.82,3,181.7,10,181.84,2,181.84,181.7,181.7,10,,,,,,,,,,,,,,,,,,,181.84,2,181.89,1,181.9,6,181.91,6,181.92,2,181.97,3,182.02,12,182.03,11,182.04,6,182.05,2
2020-10-29 09:35:44,181.77,181.78,2,181.7,14,181.84,2,181.84,181.7,181.7,14,,,,,,,,,,,,,,,,,,,181.84,2,181.89,1,181.9,6,181.91,6,181.92,2,181.97,3,182.02,12,182.03,11,182.04,6,182.05,2
2020-10-29 09:35:45,181.77,181.77,1,181.7,14,181.84,2,181.84,181.7,181.7,14,,,,,,,,,,,,,,,,,,,181.84,2,181.89,1,181.9,6,181.91,6,181.92,2,181.97,3,182.02,12,182.03,11,182.04,6,182.05,2
2020-10-29 09:35:46,181.71,181.71,1,181.65,3,181.77,1,181.77,181.65,181.65,3,181.6,7,181.59,1,,,,,,,,,,,,,,,181.77,1,181.83,14,181.84,12,181.89,1,181.9,6,181.91,6,181.92,2,181.97,3,182.02,12,182.03,11
2020-10-29 09:35:47,181.71,181.71,1,181.65,3,181.77,4,181.77,181.65,181.65,3,181.6,7,181.59,1,,,,,,,,,,,,,,,181.77,4,181.83,14,181.84,12,181.89,1,181.9,6,181.91,6,181.92,2,181.97,3,182.02,12,182.03,11
2020-10-29 09:35:48,181.905,181.84,1,181.82,2,181.99,4,181.99,181.82,181.82,2,181.79,5,181.77,2,181.76,2,181.66,2,181.65,3,181.6,7,181.59,1,,,,,181.99,4,182.02,12,182.03,11,182.04,6,182.05,2,182.08,3,182.12,6,182.13,3,182.15,2,182.16,7
2020-10-29 09:35:49,181.795,181.79,1,181.77,3,181.82,2,181.82,181.77,181.77,3,181.76,2,181.66,2,181.65,3,181.6,7,181.59,1,,,,,,,,,181.82,2,181.83,3,181.93,3,181.99,4,182.02,12,182.03,11,182.04,6,182.05,2,182.08,3,182.12,6
2020-10-29 09:35:50,181.76,181.76,1,181.7,3,181.82,2,181.82,181.7,181.7,3,181.66,2,181.65,3,181.6,7,181.59,1,,,,,,,,,,,181.82,2,181.83,3,181.93,3,181.99,4,182.02,12,182.03,11,182.04,6,182.05,2,182.08,3,182.12,6
2020-10-29 09:35:51,181.76,181.76,1,181.7,6,181.82,4,181.82,181.7,181.7,6,181.66,2,181.65,3,181.6,7,181.59,1,,,,,,,,,,,181.82,4,181.83,3,181.93,3,181.99,4,182.02,12,182.03,11,182.04,6,182.05,2,182.08,3,182.12,6
2020-10-29 09:35:52,181.65,181.66,3,181.6,12,181.7,2,181.7,181.6,181.6,12,181.59,1,,,,,,,,,,,,,,,,,181.7,2,181.73,1,181.75,3,181.77,2,181.81,8,181.82,11,181.83,3,181.93,3,181.99,4,182.02,12
2020-10-29 09:35:53,181.65,181.66,3,181.6,13,181.7,2,181.7,181.6,181.6,13,181.59,1,,,,,,,,,,,,,,,,,181.7,2,181.73,1,181.75,3,181.77,2,181.81,8,181.82,11,181.83,3,181.93,3,181.99,4,182.02,12
2020-10-29 09:35:54,181.735,181.67,1,181.66,4,181.81,10,181.81,181.66,181.66,4,181.65,1,181.6,13,181.59,1,,,,,,,,,,,,,181.81,10,181.82,11,181.83,3,181.93,3,181.99,4,182.02,12,182.03,11,182.04,6,182.05,2,182.08,3
2020-10-29 09:35:55,181.72,181.7,1,181.66,4,181.78,6,181.78,181.66,181.66,4,181.65,1,181.6,13,181.59,1,,,,,,,,,,,,,181.78,6,181.81,14,181.82,11,181.83,3,181.93,3,181.99,4,182.02,12,182.03,11,182.04,6,182.05,2
2020-10-29 09:35:56,181.7,181.69,1,181.66,5,181.74,2,181.74,181.66,181.66,5,181.65,1,181.6,13,181.59,1,,,,,,,,,,,,,181.74,2,181.77,11,181.78,9,181.81,14,181.82,11,181.83,3,181.93,3,181.99,4,182.02,12,182.03,11
2020-10-29 09:35:57,181.705,181.66,1,181.66,7,181.75,1,181.75,181.66,181.66,7,181.65,1,181.6,13,181.59,1,,,,,,,,,,,,,181.75,1,181.76,1,181.77,12,181.78,9,181.81,14,181.82,11,181.83,3,181.93,3,181.99,4,182.02,12
2020-10-29 09:35:58,181.67,181.67,1,181.6,13,181.74,2,181.74,181.6,181.6,13,181.59,1,,,,,,,,,,,,,,,,,181.74,2,181.75,3,181.77,12,181.78,9,181.81,14,181.82,11,181.83,3,181.93,3,181.99,4,182.02,12
2020-10-29 09:35:59,181.675,181.67,1,181.61,4,181.74,4,181.74,181.61,181.61,4,181.6,15,181.59,1,,,,,,,,,,,,,,,181.74,4,181.75,3,181.77,12,181.78,9,181.81,14,181.82,11,181.83,3,181.93,3,181.99,4,182.02,12
2020-10-29 09:36:00,181.67,181.67,1,181.6,19,181.74,7,181.74,181.6,181.6,19,181.59,1,,,,,,,,,,,,,,,,,181.74,7,181.75,3,181.77,12,181.78,9,181.81,14,181.82,11,181.83,3,181.93,3,181.99,4,182.02,12
2020-10-29 09:36:01,181.805,181.81,1,181.76,5,181.85,5,181.85,181.76,181.76,5,181.72,7,181.71,3,181.68,19,181.62,8,181.61,9,181.6,19,181.59,1,,,,,181.85,5,181.89,4,181.9,1,181.93,3,181.99,4,182.02,12,182.03,11,182.04,6,182.05,2,182.08,3
2020-10-29 09:36:02,181.795,181.76,1,181.74,2,181.85,5,181.85,181.74,181.74,2,181.72,7,181.71,3,181.68,19,181.62,8,181.61,9,181.6,19,181.59,1,,,,,181.85,5,181.89,4,181.9,1,181.93,3,181.99,4,182.02,12,182.03,11,182.04,6,182.05,2,182.08,3
2020-10-29 09:36:03,181.78,181.76,1,181.72,8,181.84,4,181.84,181.72,181.72,8,181.71,3,181.68,19,181.62,8,181.61,9,181.6,19,181.59,1,,,,,,,181.84,4,181.85,5,181.89,4,181.9,1,181.93,3,181.99,4,182.02,12,182.03,11,182.04,6,182.05,2
2020-10-29 09:36:04,181.78,181.72,15,181.72,10,181.84,4,181.84,181.72,181.72,10,181.71,3,181.68,19,181.62,8,181.61,9,181.6,19,181.59,1,,,,,,,181.84,4,181.85,5,181.89,4,181.9,1,181.93,3,181.99,4,182.02,12,182.03,11,182.04,6,182.05,2
2020-10-29 09:36:05,181.78,181.72,1,181.72,15,181.84,4,181.84,181.72,181.72,15,181.71,3,181.68,19,181.62,8,181.61,9,181.6,19,181.59,1,,,,,,,181.84,4,181.85,5,181.89,4,181.9,1,181.93,3,181.99,4,182.02,12,182.03,11,182.04,6,182.05,2
2020-10-29 09:36:06,181.755,181.77,1,181.71,7,181.8,5,181.8,181.71,181.71,7,181.68,19,181.62,8,181.61,9,181.6,19,181.59,1,,,,,,,,,181.8,5,181.82,4,181.85,5,181.89,4,181.9,1,181.93,3,181.99,4,182.02,12,182.03,11,182.04,6
2020-10-29 09:36:07,181.735,181.75,1,181.71,11,181.76,2,181.76,181.71,181.71,11,181.68,19,181.62,8,181.61,9,181.6,19,181.59,1,,,,,,,,,181.76,2,181.79,3,181.8,10,181.82,4,181.85,5,181.89,4,181.9,1,181.93,3,181.99,4,182.02,12
2020-10-29 09:36:08,181.74,181.75,1,181.71,12,181.77,2,181.77,181.71,181.71,12,181.68,19,181.62,8,181.61,9,181.6,19,181.59,1,,,,,,,,,181.77,2,181.78,3,181.79,5,181.8,10,181.82,4,181.85,5,181.89,4,181.9,1,181.93,3,181.99,4
2020-10-29 09:36:09,181.695,181.67,2,181.66,2,181.73,3,181.73,181.66,181.66,2,181.62,8,181.61,9,181.6,19,181.59,1,,,,,,,,,,,181.73,3,181.75,2,181.78,2,181.79,11,181.8,11,181.82,4,181.85,5,181.89,4,181.9,1,181.93,3
2020-10-29 09:36:10,181.675,181.68,1,181.62,9,181.73,6,181.73,181.62,181.62,9,181.61,9,181.6,19,181.59,1,,,,,,,,,,,,,181.73,6,181.75,2,181.78,2,181.79,11,181.8,11,181.82,4,181.85,5,181.89,4,181.9,1,181.93,3
2020-10-29 09:36:11,181.61,181.61,1,181.51,4,181.71,5,181.71,181.51,181.51,4,181.5,12,,,,,,,,,,,,,,,,,181.71,5,181.72,3,181.73,6,181.75,2,181.78,2,181.79,11,181.8,11,181.82,4,181.85,5,181.89,4
2020-10-29 09:36:12,181.605,181.61,1,181.51,5,181.7,5,181.7,181.51,181.51,5,181.5,12,,,,,,,,,,,,,,,,,181.7,5,181.71,8,181.72,3,181.73,6,181.75,2,181.78,2,181.79,11,181.8,11,181.82,4,181.85,5
2020-10-29 09:36:13,181.595,181.61,1,181.51,5,181.68,1,181.68,181.51,181.51,5,181.5,12,,,,,,,,,,,,,,,,,181.68,1,181.69,1,181.7,5,181.71,8,181.72,3,181.73,6,181.75,2,181.78,2,181.79,11,181.8,11
2020-10-29 09:36:14,181.595,181.61,1,181.51,5,181.68,5,181.68,181.51,181.51,5,181.5,12,,,,,,,,,,,,,,,,,181.68,5,181.69,1,181.7,5,181.71,8,181.72,3,181.73,6,181.75,2,181.78,2,181.79,11,181.8,11
2020-10-29 09:36:15,181.595,181.61,1,181.51,5,181.68,4,181.68,181.51,181.51,5,181.5,12,,,,,,,,,,,,,,,,,181.68,4,181.69,1,181.7,5,181.71,8,181.72,3,181.73,6,181.75,2,181.78,2,181.79,11,181.8,11
2020-10-29 09:36:16,181.59,181.61,1,181.51,5,181.67,1,181.67,181.51,181.51,5,181.5,12,,,,,,,,,,,,,,,,,181.67,1,181.68,4,181.69,1,181.7,5,181.71,8,181.72,3,181.73,6,181.75,2,181.78,2,181.79,11
2020-10-29 09:36:17,181.58,181.6,1,181.52,3,181.64,3,181.64,181.52,181.52,3,181.51,19,181.5,12,,,,,,,,,,,,,,,181.64,3,181.65,4,181.66,6,181.67,1,181.68,4,181.69,1,181.7,5,181.71,8,181.72,3,181.73,6
2020-10-29 09:36:18,181.575,181.64,2,181.52,3,181.63,3,181.63,181.52,181.52,3,181.51,19,181.5,12,,,,,,,,,,,,,,,181.63,3,181.64,3,181.65,4,181.66,6,181.67,1,181.68,4,181.69,1,181.7,5,181.71,8,181.72,3
2020-10-29 09:36:19,181.51,181.49,4,181.48,8,181.54,2,181.54,181.48,181.48,8,181.47,8,,,,,,,,,,,,,,,,,181.54,2,181.6,2,181.63,3,181.64,3,181.65,4,181.66,6,181.67,1,181.68,4,181.69,1,181.7,5
2020-10-29 09:36:20,181.505,181.49,4,181.47,12,181.54,1,181.54,181.47,181.47,12,,,,,,,,,,,,,,,,,,,181.54,1,181.6,2,181.63,3,181.64,3,181.65,4,181.66,6,181.67,1,181.68,4,181.69,1,181.7,5
2020-10-29 09:36:21,181.46,181.47,1,181.4,2,181.52,2,181.52,181.4,181.4,2,,,,,,,,,,,,,,,,,,,181.52,2,181.55,2,181.6,3,181.63,3,181.64,3,181.65,4,181.66,6,181.67,1,181.68,4,181.69,1
2020-10-29 09:36:22,181.34,181.34,1,181.31,4,181.37,2,181.37,181.31,181.31,4,,,,,,,,,,,,,,,,,,,181.37,2,181.4,4,181.45,3,181.46,2,181.47,3,181.51,1,181.52,5,181.55,2,181.6,3,181.63,3
2020-10-29 09:36:23,181.3,181.3,2,181.24,4,181.36,2,181.36,181.24,181.24,4,,,,,,,,,,,,,,,,,,,181.36,2,181.4,4,181.45,3,181.46,2,181.47,3,181.51,1,181.52,5,181.55,2,181.6,3,181.63,3
2020-10-29 09:36:24,181.305,181.28,4,181.24,4,181.37,5,181.37,181.24,181.24,4,,,,,,,,,,,,,,,,,,,181.37,5,181.38,1,181.4,4,181.45,3,181.46,2,181.47,3,181.51,1,181.52,5,181.55,2,181.6,3
2020-10-29 09:36:25,181.29,182.99,1,181.24,11,181.34,4,181.34,181.24,181.24,11,,,,,,,,,,,,,,,,,,,181.34,4,181.35,3,181.36,1,181.37,5,181.38,1,181.4,4,181.45,3,181.46,2,181.47,3,181.51,1
2020-10-29 09:36:26,181.2,181.21,1,181.15,1,181.25,2,181.25,181.15,181.15,1,,,,,,,,,,,,,,,,,,,181.25,2,181.3,1,181.33,4,181.34,4,181.35,3,181.36,1,181.37,5,181.38,1,181.4,4,181.45,3
2020-10-29 09:36:27,181.185,181.17,1,181.12,4,181.25,8,181.25,181.12,181.12,4,181.11,4,,,,,,,,,,,,,,,,,181.25,8,181.3,1,181.33,4,181.34,4,181.35,3,181.36,1,181.37,5,181.38,1,181.4,4,181.45,3
2020-10-29 09:36:28,181.175,181.24,1,181.12,7,181.23,2,181.23,181.12,181.12,7,181.11,8,,,,,,,,,,,,,,,,,181.23,2,181.24,6,181.25,8,181.3,1,181.33,4,181.34,4,181.35,3,181.36,1,181.37,5,181.38,1
2020-10-29 09:36:29,181.19,181.21,1,181.16,3,181.22,3,181.22,181.16,181.16,3,181.12,8,181.11,10,,,,,,,,,,,,,,,181.22,3,181.23,2,181.24,9,181.25,8,181.3,1,181.33,4,181.34,4,181.35,3,181.36,1,181.37,5
2020-10-29 09:36:30,181.165,181.15,1,181.12,11,181.21,3,181.21,181.12,181.12,11,181.11,11,,,,,,,,,,,,,,,,,181.21,3,181.22,5,181.23,2,181.24,9,181.25,8,181.3,1,181.33,4,181.34,4,181.35,3,181.36,1
2020-10-29 09:36:31,181.165,181.21,1,181.12,8,181.21,3,181.21,181.12,181.12,8,181.11,11,,,,,,,,,,,,,,,,,181.21,3,181.22,8,181.23,2,181.24,9,181.25,8,181.3,1,181.33,4,181.34,4,181.35,3,181.36,1
2020-10-29 09:36:32,181.275,181.28,2,181.2,21,181.35,9,181.35,181.2,181.2,21,181.19,9,181.17,12,181.12,8,181.11,11,,,,,,,,,,,181.35,9,181.36,1,181.37,5,181.38,1,181.4,4,181.45,3,181.46,2,181.47,3,181.51,1,181.52,5
2020-10-29 09:36:33,181.275,181.32,1,181.2,21,181.35,9,181.35,181.2,181.2,21,181.19,9,181.17,12,181.12,8,181.11,11,,,,,,,,,,,181.35,9,181.36,1,181.37,5,181.38,1,181.4,4,181.45,3,181.46,2,181.47,3,181.51,1,181.52,5
2020-10-29 09:36:34,181.155,181.17,1,181.09,2,181.22,4,181.22,181.09,181.09,2,181.08,16,181.07,7,181.06,5,181.04,3,,,,,,,,,,,181.22,4,181.28,7,181.29,2,181.34,2,181.35,9,181.36,1,181.37,5,181.38,1,181.4,4,181.45,3
2020-10-29 09:36:35,181.11,181.08,1,181.07,10,181.15,2,181.15,181.07,181.07,10,181.06,5,181.04,3,,,,,,,,,,,,,,,181.15,2,181.18,2,181.22,5,181.28,7,181.29,2,181.34,2,181.35,9,181.36,1,181.37,5,181.38,1
2020-10-29 09:36:36,181.13,181.15,1,181.05,7,181.21,3,181.21,181.05,181.05,7,181.04,8,,,,,,,,,,,,,,,,,181.21,3,181.22,5,181.28,7,181.29,2,181.34,2,181.35,9,181.36,1,181.37,5,181.38,1,181.4,4
2020-10-29 09:36:37,181.12,181.14,1,181.04,8,181.2,4,181.2,181.04,181.04,8,,,,,,,,,,,,,,,,,,,181.2,4,181.21,3,181.22,5,181.28,7,181.29,2,181.34,2,181.35,9,181.36,1,181.37,5,181.38,1
2020-10-29 09:36:38,181.05,181.04,1,181.03,1,181.07,2,181.07,181.03,181.03,1,181.0,37,,,,,,,,,,,,,,,,,181.07,2,181.2,4,181.21,3,181.22,5,181.28,7,181.29,2,181.34,2,181.35,9,181.36,1,181.37,5
2020-10-29 09:36:39,181.105,181.12,1,181.03,11,181.18,8,181.18,181.03,181.03,11,181.0,37,,,,,,,,,,,,,,,,,181.18,8,181.2,4,181.21,3,181.22,5,181.28,7,181.29,2,181.34,2,181.35,9,181.36,1,181.37,5
2020-10-29 09:36:40,181.055,181.07,1,180.99,16,181.12,5,181.12,180.99,180.99,16,,,,,,,,,,,,,,,,,,,181.12,5,181.17,7,181.18,8,181.2,4,181.21,3,181.22,5,181.28,7,181.29,2,181.34,2,181.35,9
2020-10-29 09:36:41,181.055,181.1,1,180.99,18,181.12,5,181.12,180.99,180.99,18,,,,,,,,,,,,,,,,,,,181.12,5,181.17,7,181.18,8,181.2,4,181.21,3,181.22,5,181.28,7,181.29,2,181.34,2,181.35,9
