sim_time,mid_price,last_price,last_size,best_bid_price,best_bid_size,best_ask_price,best_ask_size,close_price_buy,close_price_sell,bid1_price,bid1_size,bid2_price,bid2_size,bid3_price,bid3_size,bid4_price,bid4_size,bid5_price,bid5_size,bid6_price,bid6_size,bid7_price,bid7_size,bid8_price,bid8_size,bid9_price,bid9_size,bid10_price,bid10_size,ask1_price,ask1_size,ask2_price,ask2_size,ask3_price,ask3_size,ask4_price,ask4_size,ask5_price,ask5_size,ask6_price,ask6_size,ask7_price,ask7_size,ask8_price,ask8_size,ask9_price,ask9_size,ask10_price,ask10_size
2026-02-05 09:30:17,,0.0,0,0.0,0,0.0,0,0.0,0.0,,,,,,,,,,,,,,,,,,,,,,,,,,,,,,,,,,,,,,,,
2026-02-05 09:30:18,,0.0,0,0.0,0,0.0,0,0.0,0.0,,,,,,,,,,,,,,,,,,,,,,,,,,,,,,,,,,,,,,,,
2026-02-05 09:30:20,,0.0,0,0.0,0,0.0,0,0.0,0.0,,,,,,,,,,,,,,,,,,,,,,,,,,,,,,,,,,,,,,,,
2026-02-05 09:30:21,,0.0,0,0.0,0,0.0,0,0.0,0.0,,,,,,,,,,,,,,,,,,,,,,,,,,,,,,,,,,,,,,,,
2026-02-05 09:30:22,,0.0,0,0.0,0,0.0,0,0.0,0.0,,,,,,,,,,,,,,,,,,,,,,,,,,,,,,,,,,,,,,,,
2026-02-05 09:30:22,,0.0,0,0.0,0,0.0,0,0.0,0.0,,,,,,,,,,,,,,,,,,,,,,,,,,,,,,,,,,,,,,,,
2026-02-05 09:30:24,335.675,335.68,1,335.37,360,335.98,440,335.98,335.37,335.37,360,335.24,640,335.2,360,335.08,920,335.05,40,334.89,80,334.57,360,334.38,80,333.15,40,331.0,200,335.98,440,335.99,320,336.0,360,336.13,280,336.33,80,336.35,320,,,,,,,,
2026-02-05 09:30:25,335.675,335.68,1,335.37,360,335.98,440,335.98,335.37,335.37,360,335.24,640,335.2,360,335.08,920,335.05,40,334.89,80,334.57,360,334.38,80,333.15,40,331.0,200,335.98,440,335.99,320,336.0,360,336.13,280,336.33,80,336.35,320,,,,,,,,
2026-02-05 09:30:26,335.675,335.68,1,335.37,320,335.98,440,335.98,335.37,335.37,320,335.24,640,335.2,360,335.08,920,335.05,40,334.89,80,334.57,360,334.38,80,333.15,40,331.0,200,335.98,440,335.99,320,336.0,360,336.13,280,336.33,80,336.35,320,,,,,,,,
2026-02-05 09:30:27,335.675,335.68,1,335.37,320,335.98,400,335.98,335.37,335.37,320,335.24,640,335.2,360,335.08,920,335.05,40,334.89,80,334.57,360,334.38,80,333.15,40,331.0,200,335.98,400,335.99,320,336.0,360,336.13,280,336.33,80,336.35,320,,,,,,,,
2026-02-05 09:30:28,335.675,335.68,1,335.37,320,335.98,400,335.98,335.37,335.37,320,335.24,640,335.2,360,335.08,920,335.05,40,334.89,80,334.57,360,334.38,80,333.15,40,331.0,200,335.98,400,335.99,320,336.0,360,336.13,280,336.33,80,336.35,320,,,,,,,,
2026-02-05 09:30:29,335.845,335.82,1,335.66,320,336.03,80,336.03,335.66,335.66,320,335.37,320,335.24,640,335.2,360,335.08,920,335.05,40,334.89,80,334.57,360,334.38,80,333.15,40,336.03,80,336.13,280,336.33,80,336.35,320,,,,,,,,,,,,
2026-02-05 09:30:30,336.015,336.02,1,335.74,280,336.29,40,336.29,335.74,335.74,280,335.66,320,335.37,320,335.24,640,335.2,360,335.08,920,335.05,40,334.89,80,334.57,360,334.38,80,336.29,40,336.35,360,,,,,,,,,,,,,,,,
2026-02-05 09:30:31,336.015,336.02,1,335.74,280,336.29,40,336.29,335.74,335.74,280,335.66,320,335.37,320,335.24,640,335.2,360,335.08,920,335.05,40,334.89,80,334.57,360,334.38,80,336.29,40,336.35,360,,,,,,,,,,,,,,,,
2026-02-05 09:30:32,336.145,335.94,1,335.94,120,336.35,40,336.35,335.94,335.94,120,335.74,280,335.66,320,335.37,320,335.24,640,335.2,360,335.08,920,335.05,40,334.89,80,334.57,360,336.35,40,336.36,80,,,,,,,,,,,,,,,,
2026-02-05 09:30:33,336.145,335.94,1,335.94,120,336.35,40,336.35,335.94,335.94,120,335.74,280,335.66,320,335.37,320,335.24,640,335.2,360,335.08,920,335.05,40,334.89,80,334.57,360,336.35,40,336.36,80,,,,,,,,,,,,,,,,
2026-02-05 09:30:34,336.145,336.15,1,335.94,240,336.35,40,336.35,335.94,335.94,240,335.74,280,335.66,320,335.37,320,335.24,640,335.2,360,335.08,920,335.05,40,334.89,80,334.57,360,336.35,40,336.36,80,,,,,,,,,,,,,,,,
2026-02-05 09:30:35,335.785,335.77,3,335.37,40,336.2,80,336.2,335.37,335.37,40,335.33,160,335.28,120,335.24,760,335.2,360,335.08,920,335.05,40,334.89,80,334.57,360,334.38,80,336.2,80,336.22,80,336.35,320,336.36,80,,,,,,,,,,,,
2026-02-05 09:30:36,335.785,335.79,2,335.37,280,336.2,200,336.2,335.37,335.37,280,335.33,160,335.28,120,335.24,760,335.2,360,335.08,920,335.05,40,334.89,80,334.57,360,334.38,80,336.2,200,336.22,80,336.35,320,336.36,80,,,,,,,,,,,,
2026-02-05 09:30:37,335.785,335.79,2,335.37,280,336.2,280,336.2,335.37,335.37,280,335.33,160,335.28,120,335.24,760,335.2,360,335.08,920,335.05,40,334.89,80,334.57,360,334.38,80,336.2,280,336.22,80,336.35,320,336.36,80,,,,,,,,,,,,
2026-02-05 09:30:38,335.785,335.79,2,335.37,280,336.2,280,336.2,335.37,335.37,280,335.33,160,335.28,120,335.24,760,335.2,360,335.08,920,335.05,40,334.89,80,334.57,360,334.38,80,336.2,280,336.22,80,336.35,320,336.36,80,,,,,,,,,,,,
2026-02-05 09:30:39,336.195,336.18,1,336.0,80,336.39,40,336.39,336.0,336.0,80,335.62,40,335.37,280,335.33,160,335.28,120,335.24,760,335.2,360,335.08,920,335.05,40,334.89,80,336.39,40,,,,,,,,,,,,,,,,,,
2026-02-05 09:30:40,336.2,336.2,1,336.0,240,336.4,40,336.4,336.0,336.0,240,335.62,40,335.37,280,335.33,160,335.28,120,335.24,760,335.2,360,335.08,920,335.05,40,334.89,80,336.4,40,,,,,,,,,,,,,,,,,,
2026-02-05 09:30:41,336.2,336.2,1,336.0,240,336.4,40,336.4,336.0,336.0,240,335.62,40,335.37,280,335.33,160,335.28,120,335.24,760,335.2,360,335.08,920,335.05,40,334.89,80,336.4,40,,,,,,,,,,,,,,,,,,
2026-02-05 09:30:41,336.2,336.2,1,336.0,240,336.4,80,336.4,336.0,336.0,240,335.62,40,335.37,280,335.33,160,335.28,120,335.24,760,335.2,360,335.08,920,335.05,40,334.89,80,336.4,80,,,,,,,,,,,,,,,,,,
2026-02-05 09:30:43,336.225,336.2,1,336.0,200,336.45,120,336.45,336.0,336.0,200,335.62,40,335.37,280,335.33,160,335.28,120,335.24,760,335.2,360,335.08,920,335.05,40,334.89,80,336.45,120,,,,,,,,,,,,,,,,,,
2026-02-05 09:30:44,336.225,336.2,1,336.0,200,336.45,200,336.45,336.0,336.0,200,335.62,40,335.37,280,335.33,160,335.28,120,335.24,760,335.2,360,335.08,920,335.05,40,334.89,80,336.45,200,,,,,,,,,,,,,,,,,,
2026-02-05 09:30:45,336.225,336.23,1,336.0,520,336.45,400,336.45,336.0,336.0,520,335.62,40,335.37,280,335.33,160,335.28,120,335.24,760,335.2,360,335.08,920,335.05,40,334.89,80,336.45,400,,,,,,,,,,,,,,,,,,
2026-02-05 09:30:46,336.27,336.23,1,336.09,320,336.45,400,336.45,336.09,336.09,320,336.0,520,335.62,40,335.37,280,335.33,160,335.28,120,335.24,760,335.2,360,335.08,920,335.05,40,336.45,400,,,,,,,,,,,,,,,,,,
2026-02-05 09:30:47,336.17,336.17,1,335.98,160,336.36,240,336.36,335.98,335.98,160,335.62,40,335.37,280,335.33,160,335.28,120,335.24,760,335.2,360,335.08,920,335.05,40,334.89,80,336.36,240,336.45,440,,,,,,,,,,,,,,,,
2026-02-05 09:30:48,336.17,336.17,1,335.98,160,336.36,200,336.36,335.98,335.98,160,335.62,40,335.37,280,335.33,160,335.28,120,335.24,760,335.2,360,335.08,920,335.05,40,334.89,80,336.36,200,336.45,440,,,,,,,,,,,,,,,,
2026-02-05 09:30:48,336.17,336.17,1,335.98,160,336.36,200,336.36,335.98,335.98,160,335.62,40,335.37,280,335.33,160,335.28,120,335.24,760,335.2,360,335.08,920,335.05,40,334.89,80,336.36,200,336.45,440,,,,,,,,,,,,,,,,
2026-02-05 09:30:50,336.17,336.17,1,335.98,160,336.36,200,336.36,335.98,335.98,160,335.62,40,335.37,280,335.33,160,335.28,120,335.24,760,335.2,360,335.08,920,335.05,40,334.89,80,336.36,200,336.45,440,,,,,,,,,,,,,,,,
2026-02-05 09:30:51,336.17,336.17,1,335.98,160,336.36,200,336.36,335.98,335.98,160,335.62,40,335.37,280,335.33,160,335.28,120,335.24,760,335.2,360,335.08,920,335.05,40,334.89,80,336.36,200,336.45,440,,,,,,,,,,,,,,,,
2026-02-05 09:30:52,336.17,336.26,1,335.98,240,336.36,520,336.36,335.98,335.98,240,335.62,40,335.37,280,335.33,160,335.28,120,335.24,760,335.2,360,335.08,920,335.05,40,334.89,80,336.36,520,336.45,440,,,,,,,,,,,,,,,,
2026-02-05 09:30:53,336.17,336.26,1,335.98,240,336.36,560,336.36,335.98,335.98,240,335.62,40,335.37,280,335.33,160,335.28,120,335.24,760,335.2,360,335.08,920,335.05,40,334.89,80,336.36,560,336.45,440,,,,,,,,,,,,,,,,
2026-02-05 09:30:54,336.17,336.21,1,335.98,400,336.36,560,336.36,335.98,335.98,400,335.62,40,335.37,280,335.33,160,335.28,120,335.24,760,335.2,360,335.08,920,335.05,40,334.89,80,336.36,560,336.45,440,,,,,,,,,,,,,,,,
2026-02-05 09:30:55,336.29,336.33,1,336.17,560,336.41,40,336.41,336.17,336.17,560,335.98,400,335.62,40,335.37,280,335.33,160,335.28,120,335.24,760,335.2,360,335.08,920,335.05,40,336.41,40,336.45,440,,,,,,,,,,,,,,,,
2026-02-05 09:30:56,336.335,336.44,1,336.17,520,336.5,240,336.5,336.17,336.17,520,335.98,400,335.62,40,335.37,280,335.33,160,335.28,120,335.24,760,335.2,360,335.08,920,335.05,40,336.5,240,,,,,,,,,,,,,,,,,,
2026-02-05 09:30:57,336.335,336.44,1,336.17,520,336.5,240,336.5,336.17,336.17,520,335.98,400,335.62,40,335.37,280,335.33,160,335.28,120,335.24,760,335.2,360,335.08,920,335.05,40,336.5,240,,,,,,,,,,,,,,,,,,
2026-02-05 09:30:58,336.74,336.6,2,336.59,400,336.89,120,336.89,336.59,336.59,400,336.54,40,336.41,120,336.17,560,335.98,400,335.62,40,335.37,280,335.33,160,335.28,120,335.24,760,336.89,120,,,,,,,,,,,,,,,,,,
2026-02-05 09:30:59,336.795,336.68,1,336.6,280,336.99,80,336.99,336.6,336.6,280,336.58,120,336.54,40,336.41,120,336.17,560,335.98,400,335.62,40,335.37,280,335.33,160,335.28,120,336.99,80,337.0,720,,,,,,,,,,,,,,,,
2026-02-05 09:31:00,336.795,336.68,1,336.6,480,336.99,120,336.99,336.6,336.6,480,336.58,120,336.54,40,336.41,120,336.17,560,335.98,400,335.62,40,335.37,280,335.33,160,335.28,120,336.99,120,337.0,720,,,,,,,,,,,,,,,,
2026-02-05 09:31:01,336.795,336.79,1,336.6,440,336.99,320,336.99,336.6,336.6,440,336.58,120,336.54,40,336.41,120,336.17,560,335.98,400,335.62,40,335.37,280,335.33,160,335.28,120,336.99,320,337.0,720,,,,,,,,,,,,,,,,
2026-02-05 09:31:02,336.795,336.79,1,336.6,440,336.99,320,336.99,336.6,336.6,440,336.58,120,336.54,40,336.41,120,336.17,560,335.98,400,335.62,40,335.37,280,335.33,160,335.28,120,336.99,320,337.0,720,,,,,,,,,,,,,,,,
2026-02-05 09:31:03,336.9,337.0,2,336.78,440,337.02,80,337.02,336.78,336.78,440,336.6,440,336.58,120,336.54,40,336.41,120,336.17,560,335.98,400,335.62,40,335.37,280,335.33,160,337.02,80,,,,,,,,,,,,,,,,,,
2026-02-05 09:31:04,337.125,337.13,1,336.93,480,337.32,40,337.32,336.93,336.93,480,336.82,280,336.78,440,336.6,440,336.58,120,336.54,40,336.41,120,336.17,560,335.98,400,335.62,40,337.32,40,,,,,,,,,,,,,,,,,,
2026-02-05 09:31:05,337.2,337.17,1,337.01,320,337.39,80,337.39,337.01,337.01,320,336.93,480,336.82,280,336.78,440,336.6,440,336.58,120,336.54,40,336.41,120,336.17,560,335.98,400,337.39,80,,,,,,,,,,,,,,,,,,
2026-02-05 09:31:06,337.485,337.41,1,337.28,360,337.69,1080,337.69,337.28,337.28,360,337.27,400,337.16,40,337.01,320,336.93,480,336.82,280,336.78,440,336.6,440,336.58,120,336.54,40,337.69,1080,,,,,,,,,,,,,,,,,,
2026-02-05 09:31:07,337.275,337.33,1,336.96,200,337.59,80,337.59,336.96,336.96,200,336.93,480,336.82,280,336.78,440,336.6,440,336.58,120,336.54,40,336.41,120,336.17,560,335.98,400,337.59,80,337.69,1120,,,,,,,,,,,,,,,,
2026-02-05 09:31:08,337.275,337.37,1,336.96,280,337.59,160,337.59,336.96,336.96,280,336.93,480,336.82,280,336.78,440,336.6,440,336.58,120,336.54,40,336.41,120,336.17,560,335.98,400,337.59,160,337.69,1120,,,,,,,,,,,,,,,,
2026-02-05 09:31:09,337.035,337.03,2,336.58,360,337.49,200,337.49,336.58,336.58,360,336.54,40,336.41,120,336.17,560,335.98,400,335.62,40,335.37,280,335.33,160,335.28,120,335.24,760,337.49,200,337.59,280,337.69,1120,,,,,,,,,,,,,,
2026-02-05 09:31:10,337.035,337.03,2,336.58,360,337.49,200,337.49,336.58,336.58,360,336.54,40,336.41,120,336.17,560,335.98,400,335.62,40,335.37,280,335.33,160,335.28,120,335.24,760,337.49,200,337.59,280,337.69,1120,,,,,,,,,,,,,,
2026-02-05 09:31:11,337.035,337.03,2,336.58,360,337.49,320,337.49,336.58,336.58,360,336.54,40,336.41,120,336.17,560,335.98,400,335.62,40,335.37,280,335.33,160,335.28,120,335.24,760,337.49,320,337.59,280,337.69,1120,,,,,,,,,,,,,,
2026-02-05 09:31:12,337.035,337.03,2,336.58,480,337.49,320,337.49,336.58,336.58,480,336.54,40,336.41,120,336.17,560,335.98,400,335.62,40,335.37,280,335.33,160,335.28,120,335.24,760,337.49,320,337.59,280,337.69,1120,,,,,,,,,,,,,,
2026-02-05 09:31:13,337.035,337.04,1,336.58,480,337.49,320,337.49,336.58,336.58,480,336.54,40,336.41,120,336.17,560,335.98,400,335.62,40,335.37,280,335.33,160,335.28,120,335.24,760,337.49,320,337.59,280,337.69,1120,,,,,,,,,,,,,,
2026-02-05 09:31:14,337.035,337.04,1,336.58,480,337.49,360,337.49,336.58,336.58,480,336.54,40,336.41,120,336.17,560,335.98,400,335.62,40,335.37,280,335.33,160,335.28,120,335.24,760,337.49,360,337.59,280,337.69,1120,,,,,,,,,,,,,,
2026-02-05 09:31:15,337.035,337.04,1,336.58,480,337.49,360,337.49,336.58,336.58,480,336.54,40,336.41,120,336.17,560,335.98,400,335.62,40,335.37,280,335.33,160,335.28,120,335.24,760,337.49,360,337.59,280,337.69,1120,,,,,,,,,,,,,,
2026-02-05 09:31:16,337.035,337.04,1,336.58,480,337.49,360,337.49,336.58,336.58,480,336.54,40,336.41,120,336.17,560,335.98,400,335.62,40,335.37,280,335.33,160,335.28,120,335.24,760,337.49,360,337.59,280,337.69,1120,,,,,,,,,,,,,,
2026-02-05 09:31:17,336.95,337.04,1,336.58,480,337.32,160,337.32,336.58,336.58,480,336.54,40,336.41,120,336.17,560,335.98,400,335.62,40,335.37,280,335.33,160,335.28,120,335.24,760,337.32,160,337.33,200,337.49,360,337.59,280,337.69,1120,,,,,,,,,,
2026-02-05 09:31:18,336.945,337.04,1,336.58,480,337.31,200,337.31,336.58,336.58,480,336.54,40,336.41,120,336.17,560,335.98,400,335.62,40,335.37,280,335.33,160,335.28,120,335.24,760,337.31,200,337.32,160,337.33,200,337.49,360,337.59,280,337.69,1120,,,,,,,,
2026-02-05 09:31:19,336.835,336.89,1,336.58,480,337.09,320,337.09,336.58,336.58,480,336.54,40,336.41,120,336.17,560,335.98,400,335.62,40,335.37,280,335.33,160,335.28,120,335.24,760,337.09,320,337.31,200,337.32,160,337.33,200,337.49,360,337.59,280,337.69,1120,,,,,,
2026-02-05 09:31:20,336.835,336.89,1,336.58,480,337.09,320,337.09,336.58,336.58,480,336.54,40,336.41,120,336.17,560,335.98,400,335.62,40,335.37,280,335.33,160,335.28,120,335.24,760,337.09,320,337.31,200,337.32,160,337.33,200,337.49,360,337.59,280,337.69,1120,,,,,,
2026-02-05 09:31:21,336.835,336.84,1,336.58,480,337.09,320,337.09,336.58,336.58,480,336.54,40,336.41,120,336.17,560,335.98,400,335.62,40,335.37,280,335.33,160,335.28,120,335.24,760,337.09,320,337.31,200,337.32,160,337.33,200,337.49,360,337.59,280,337.69,1120,,,,,,
2026-02-05 09:31:22,336.245,336.25,1,335.9,400,336.59,280,336.59,335.9,335.9,400,335.62,40,335.37,280,335.33,160,335.28,120,335.24,760,335.2,360,335.08,920,335.05,40,334.89,80,336.59,280,336.74,400,336.84,240,336.98,120,337.09,320,337.31,200,337.32,160,337.33,200,337.49,360,337.59,280
2026-02-05 09:31:23,336.245,336.25,2,335.9,840,336.59,560,336.59,335.9,335.9,840,335.62,40,335.37,280,335.33,160,335.28,120,335.24,760,335.2,360,335.08,920,335.05,40,334.89,80,336.59,560,336.74,400,336.84,240,336.98,120,337.09,320,337.31,200,337.32,160,337.33,200,337.49,360,337.59,280
2026-02-05 09:31:24,336.2,336.2,2,335.9,840,336.5,520,336.5,335.9,335.9,840,335.62,40,335.37,280,335.33,160,335.28,120,335.24,760,335.2,360,335.08,920,335.05,40,334.89,80,336.5,520,336.59,560,336.74,400,336.84,240,336.98,120,337.09,320,337.31,200,337.32,160,337.33,200,337.49,360
2026-02-05 09:31:25,336.2,336.2,2,335.9,840,336.5,600,336.5,335.9,335.9,840,335.62,40,335.37,280,335.33,160,335.28,120,335.24,760,335.2,360,335.08,920,335.05,40,334.89,80,336.5,600,336.59,560,336.74,400,336.84,240,336.98,120,337.09,320,337.31,200,337.32,160,337.33,200,337.49,360
2026-02-05 09:31:26,336.2,336.2,1,335.9,840,336.5,600,336.5,335.9,335.9,840,335.62,40,335.37,280,335.33,160,335.28,120,335.24,760,335.2,360,335.08,920,335.05,40,334.89,80,336.5,600,336.59,560,336.74,400,336.84,240,336.98,120,337.09,320,337.31,200,337.32,160,337.33,200,337.49,360
2026-02-05 09:31:27,336.2,336.2,2,335.9,840,336.5,600,336.5,335.9,335.9,840,335.62,40,335.37,280,335.33,160,335.28,120,335.24,760,335.2,360,335.08,920,335.05,40,334.89,80,336.5,600,336.59,560,336.74,400,336.84,240,336.98,120,337.09,320,337.31,200,337.32,160,337.33,200,337.49,360
2026-02-05 09:31:28,336.2,336.2,2,335.9,840,336.5,520,336.5,335.9,335.9,840,335.62,40,335.37,280,335.33,160,335.28,120,335.24,760,335.2,360,335.08,920,335.05,40,334.89,80,336.5,520,336.59,560,336.74,400,336.84,240,336.98,120,337.09,320,337.31,200,337.32,160,337.33,200,337.49,360
2026-02-05 09:31:29,336.2,336.2,2,335.9,840,336.5,480,336.5,335.9,335.9,840,335.62,40,335.37,280,335.33,160,335.28,120,335.24,760,335.2,360,335.08,920,335.05,40,334.89,80,336.5,480,336.59,560,336.74,400,336.84,240,336.98,120,337.09,320,337.31,200,337.32,160,337.33,200,337.49,360
2026-02-05 09:31:30,336.2,336.2,1,335.9,840,336.5,480,336.5,335.9,335.9,840,335.62,40,335.37,280,335.33,160,335.28,120,335.24,760,335.2,360,335.08,920,335.05,40,334.89,80,336.5,480,336.59,560,336.74,400,336.84,240,336.98,120,337.09,320,337.31,200,337.32,160,337.33,200,337.49,360
2026-02-05 09:31:31,336.2,336.2,1,335.9,840,336.5,480,336.5,335.9,335.9,840,335.62,40,335.37,280,335.33,160,335.28,120,335.24,760,335.2,360,335.08,920,335.05,40,334.89,80,336.5,480,336.59,560,336.74,400,336.84,240,336.98,120,337.09,320,337.31,200,337.32,160,337.33,200,337.49,360
2026-02-05 09:31:32,336.2,336.2,1,335.9,840,336.5,480,336.5,335.9,335.9,840,335.62,40,335.37,280,335.33,160,335.28,120,335.24,760,335.2,360,335.08,920,335.05,40,334.89,80,336.5,480,336.59,560,336.74,400,336.84,240,336.98,120,337.09,320,337.31,200,337.32,160,337.33,200,337.49,360
2026-02-05 09:31:33,336.2,336.12,1,335.9,840,336.5,560,336.5,335.9,335.9,840,335.62,40,335.37,280,335.33,160,335.28,120,335.24,760,335.2,360,335.08,920,335.05,40,334.89,80,336.5,560,336.59,560,336.74,400,336.84,240,336.98,120,337.09,320,337.31,200,337.32,160,337.33,200,337.49,360
2026-02-05 09:31:34,336.2,336.2,2,335.9,840,336.5,560,336.5,335.9,335.9,840,335.62,40,335.37,280,335.33,160,335.28,120,335.24,760,335.2,360,335.08,920,335.05,40,334.89,80,336.5,560,336.59,560,336.74,400,336.84,240,336.98,120,337.09,320,337.31,200,337.32,160,337.33,200,337.49,360
2026-02-05 09:31:35,336.2,336.2,2,335.9,840,336.5,480,336.5,335.9,335.9,840,335.62,40,335.37,280,335.33,160,335.28,120,335.24,760,335.2,360,335.08,920,335.05,40,334.89,80,336.5,480,336.59,560,336.74,400,336.84,240,336.98,120,337.09,320,337.31,200,337.32,160,337.33,200,337.49,360
2026-02-05 09:31:36,336.2,336.2,2,335.9,840,336.5,480,336.5,335.9,335.9,840,335.62,40,335.37,280,335.33,160,335.28,120,335.24,760,335.2,360,335.08,920,335.05,40,334.89,80,336.5,480,336.59,560,336.74,400,336.84,240,336.98,120,337.09,320,337.31,200,337.32,160,337.33,200,337.49,360
2026-02-05 09:31:37,336.3,335.93,1,336.1,200,336.5,320,336.5,336.1,336.1,200,336.07,160,336.06,360,335.98,200,335.93,280,335.92,120,335.9,160,335.68,40,335.62,40,335.37,280,336.5,320,336.59,560,336.74,400,336.84,240,336.98,120,337.09,320,337.31,200,337.32,160,337.33,200,337.49,360
2026-02-05 09:31:38,336.3,335.93,1,336.1,200,336.5,320,336.5,336.1,336.1,200,336.07,160,336.06,360,335.98,200,335.93,280,335.92,120,335.9,160,335.68,40,335.62,40,335.37,280,336.5,320,336.59,560,336.74,400,336.84,240,336.98,120,337.09,320,337.31,200,337.32,160,337.33,200,337.49,360
2026-02-05 09:31:39,336.08,336.11,1,335.9,280,336.26,160,336.26,335.9,335.9,280,335.68,40,335.62,40,335.37,280,335.33,160,335.28,120,335.24,760,335.2,360,335.08,920,335.05,40,336.26,160,336.42,40,336.5,360,336.59,560,336.74,400,336.84,240,336.98,120,337.09,320,337.31,200,337.32,160
2026-02-05 09:31:40,336.08,336.08,3,335.9,200,336.26,160,336.26,335.9,335.9,200,335.68,40,335.62,40,335.37,280,335.33,160,335.28,120,335.24,760,335.2,360,335.08,920,335.05,40,336.26,160,336.42,40,336.5,360,336.59,560,336.74,400,336.84,240,336.98,120,337.09,320,337.31,200,337.32,160
2026-02-05 09:31:41,335.97,336.08,2,335.68,240,336.26,280,336.26,335.68,335.68,240,335.67,40,335.62,40,335.37,280,335.33,160,335.28,120,335.24,760,335.2,360,335.08,920,335.05,40,336.26,280,336.42,40,336.5,360,336.59,560,336.74,400,336.84,240,336.98,120,337.09,320,337.31,200,337.32,160
2026-02-05 09:31:42,335.97,336.08,2,335.68,240,336.26,280,336.26,335.68,335.68,240,335.67,40,335.62,40,335.37,280,335.33,160,335.28,120,335.24,760,335.2,360,335.08,920,335.05,40,336.26,280,336.42,40,336.5,360,336.59,560,336.74,400,336.84,240,336.98,120,337.09,320,337.31,200,337.32,160
2026-02-05 09:31:43,336.07,336.16,1,335.88,120,336.26,240,336.26,335.88,335.88,120,335.68,240,335.67,40,335.62,40,335.37,280,335.33,160,335.28,120,335.24,760,335.2,360,335.08,920,336.26,240,336.42,40,336.5,360,336.59,560,336.74,400,336.84,240,336.98,120,337.09,320,337.31,200,337.32,160
2026-02-05 09:31:44,336.07,336.16,1,335.88,160,336.26,240,336.26,335.88,335.88,160,335.68,240,335.67,40,335.62,40,335.37,280,335.33,160,335.28,120,335.24,760,335.2,360,335.08,920,336.26,240,336.42,40,336.5,360,336.59,560,336.74,400,336.84,240,336.98,120,337.09,320,337.31,200,337.32,160
2026-02-05 09:31:45,336.07,336.16,1,335.88,160,336.26,240,336.26,335.88,335.88,160,335.68,240,335.67,40,335.62,40,335.37,280,335.33,160,335.28,120,335.24,760,335.2,360,335.08,920,336.26,240,336.42,40,336.5,360,336.59,560,336.74,400,336.84,240,336.98,120,337.09,320,337.31,200,337.32,160
2026-02-05 09:31:46,335.97,335.88,1,335.68,200,336.26,280,336.26,335.68,335.68,200,335.67,40,335.62,40,335.37,280,335.33,160,335.28,120,335.24,760,335.2,360,335.08,920,335.05,40,336.26,280,336.42,40,336.5,360,336.59,560,336.74,400,336.84,240,336.98,120,337.09,320,337.31,200,337.32,160
2026-02-05 09:31:47,335.97,335.97,1,335.68,200,336.26,280,336.26,335.68,335.68,200,335.67,40,335.62,40,335.37,280,335.33,160,335.28,120,335.24,760,335.2,360,335.08,920,335.05,40,336.26,280,336.42,40,336.5,360,336.59,560,336.74,400,336.84,240,336.98,120,337.09,320,337.31,200,337.32,160
2026-02-05 09:31:48,335.97,335.97,1,335.68,200,336.26,280,336.26,335.68,335.68,200,335.67,40,335.62,40,335.37,280,335.33,160,335.28,120,335.24,760,335.2,360,335.08,920,335.05,40,336.26,280,336.42,40,336.5,360,336.59,560,336.74,400,336.84,240,336.98,120,337.09,320,337.31,200,337.32,160
2026-02-05 09:31:49,335.97,336.2,2,335.68,200,336.26,280,336.26,335.68,335.68,200,335.67,40,335.62,40,335.37,280,335.33,160,335.28,120,335.24,760,335.2,360,335.08,920,335.05,40,336.26,280,336.42,40,336.5,360,336.59,560,336.74,400,336.84,240,336.98,120,337.09,320,337.31,200,337.32,160
2026-02-05 09:31:50,335.58,335.39,1,335.24,840,335.92,240,335.92,335.24,335.24,840,335.2,360,335.08,920,335.05,40,334.89,80,334.57,360,334.38,80,333.15,40,331.0,200,,,335.92,240,335.99,40,336.0,240,336.14,80,336.26,240,336.42,40,336.5,360,336.59,560,336.74,400,336.84,240
2026-02-05 09:31:51,335.58,335.58,2,335.24,760,335.92,280,335.92,335.24,335.24,760,335.2,360,335.08,920,335.05,40,334.89,80,334.57,360,334.38,80,333.15,40,331.0,200,,,335.92,280,335.99,40,336.0,240,336.14,80,336.26,240,336.42,40,336.5,360,336.59,560,336.74,400,336.84,240
2026-02-05 09:31:52,335.58,335.58,2,335.24,760,335.92,320,335.92,335.24,335.24,760,335.2,360,335.08,920,335.05,40,334.89,80,334.57,360,334.38,80,333.15,40,331.0,200,,,335.92,320,335.99,40,336.0,240,336.14,80,336.26,240,336.42,40,336.5,360,336.59,560,336.74,400,336.84,240
2026-02-05 09:31:53,335.58,335.58,2,335.24,760,335.92,320,335.92,335.24,335.24,760,335.2,360,335.08,920,335.05,40,334.89,80,334.57,360,334.38,80,333.15,40,331.0,200,,,335.92,320,335.99,40,336.0,240,336.14,80,336.26,240,336.42,40,336.5,360,336.59,560,336.74,400,336.84,240
2026-02-05 09:31:54,335.58,335.58,2,335.24,760,335.92,320,335.92,335.24,335.24,760,335.2,360,335.08,920,335.05,40,334.89,80,334.57,360,334.38,80,333.15,40,331.0,200,,,335.92,320,335.99,40,336.0,240,336.14,80,336.26,240,336.42,40,336.5,360,336.59,560,336.74,400,336.84,240
2026-02-05 09:31:55,335.58,335.58,2,335.24,760,335.92,320,335.92,335.24,335.24,760,335.2,360,335.08,920,335.05,40,334.89,80,334.57,360,334.38,80,333.15,40,331.0,200,,,335.92,320,335.99,40,336.0,240,336.14,80,336.26,240,336.42,40,336.5,360,336.59,560,336.74,400,336.84,240
2026-02-05 09:31:56,335.58,335.58,2,335.24,760,335.92,320,335.92,335.24,335.24,760,335.2,360,335.08,920,335.05,40,334.89,80,334.57,360,334.38,80,333.15,40,331.0,200,,,335.92,320,335.99,40,336.0,240,336.14,80,336.26,240,336.42,40,336.5,360,336.59,560,336.74,400,336.84,240
2026-02-05 09:31:57,335.58,335.58,1,335.24,840,335.92,600,335.92,335.24,335.24,840,335.2,360,335.08,920,335.05,40,334.89,80,334.57,360,334.38,80,333.15,40,331.0,200,,,335.92,600,335.99,40,336.0,240,336.14,80,336.26,240,336.42,40,336.5,360,336.59,560,336.74,400,336.84,240
2026-02-05 09:31:58,335.585,335.58,1,335.25,240,335.92,520,335.92,335.25,335.25,240,335.24,840,335.2,360,335.08,920,335.05,40,334.89,80,334.57,360,334.38,80,333.15,40,331.0,200,335.92,520,335.99,40,336.0,240,336.14,80,336.26,240,336.42,40,336.5,360,336.59,560,336.74,400,336.84,240
2026-02-05 09:31:59,335.585,335.58,1,335.25,240,335.92,520,335.92,335.25,335.25,240,335.24,840,335.2,360,335.08,920,335.05,40,334.89,80,334.57,360,334.38,80,333.15,40,331.0,200,335.92,520,335.99,40,336.0,240,336.14,80,336.26,240,336.42,40,336.5,360,336.59,560,336.74,400,336.84,240
2026-02-05 09:32:00,335.635,335.58,1,335.35,120,335.92,520,335.92,335.35,335.35,120,335.25,240,335.24,840,335.2,360,335.08,920,335.05,40,334.89,80,334.57,360,334.38,80,333.15,40,335.92,520,335.99,40,336.0,240,336.14,80,336.26,240,336.42,40,336.5,360,336.59,560,336.74,400,336.84,240
2026-02-05 09:32:01,335.7,335.69,1,335.48,120,335.92,520,335.92,335.48,335.48,120,335.35,120,335.25,240,335.24,840,335.2,360,335.08,920,335.05,40,334.89,80,334.57,360,334.38,80,335.92,520,335.99,40,336.0,240,336.14,80,336.26,240,336.42,40,336.5,360,336.59,560,336.74,400,336.84,240
2026-02-05 09:32:02,335.535,335.46,1,335.24,800,335.83,320,335.83,335.24,335.24,800,335.2,360,335.08,920,335.05,40,334.89,80,334.57,360,334.38,80,333.15,40,331.0,200,,,335.83,320,335.92,680,335.99,40,336.0,240,336.14,80,336.26,240,336.42,40,336.5,360,336.59,560,336.74,400
2026-02-05 09:32:03,335.235,335.23,1,335.0,200,335.47,200,335.47,335.0,335.0,200,334.89,80,334.57,360,334.38,80,333.15,40,331.0,200,,,,,,,,,335.47,200,335.83,400,335.92,680,335.99,40,336.0,240,336.14,80,336.26,240,336.42,40,336.5,360,336.59,560
2026-02-05 09:32:04,335.235,335.24,2,335.0,200,335.47,200,335.47,335.0,335.0,200,334.89,80,334.57,360,334.38,80,333.15,40,331.0,200,,,,,,,,,335.47,200,335.83,400,335.92,680,335.99,40,336.0,240,336.14,80,336.26,240,336.42,40,336.5,360,336.59,560
2026-02-05 09:32:05,335.235,335.24,2,335.0,200,335.47,200,335.47,335.0,335.0,200,334.89,80,334.57,360,334.38,80,333.15,40,331.0,200,,,,,,,,,335.47,200,335.83,400,335.92,680,335.99,40,336.0,240,336.14,80,336.26,240,336.42,40,336.5,360,336.59,560
2026-02-05 09:32:06,335.055,334.89,1,334.76,280,335.35,80,335.35,334.76,334.76,280,334.54,160,334.46,160,334.38,80,333.15,40,331.0,200,,,,,,,,,335.35,80,335.37,80,335.47,280,335.83,400,335.92,680,335.99,40,336.0,240,336.14,80,336.26,240,336.42,40
2026-02-05 09:32:07,335.055,335.06,1,334.76,280,335.35,120,335.35,334.76,334.76,280,334.54,160,334.46,160,334.38,80,333.15,40,331.0,200,,,,,,,,,335.35,120,335.37,80,335.47,280,335.83,400,335.92,680,335.99,40,336.0,240,336.14,80,336.26,240,336.42,40
2026-02-05 09:32:08,335.055,335.06,1,334.76,360,335.35,120,335.35,334.76,334.76,360,334.54,160,334.46,160,334.38,80,333.15,40,331.0,200,,,,,,,,,335.35,120,335.37,80,335.47,280,335.83,400,335.92,680,335.99,40,336.0,240,336.14,80,336.26,240,336.42,40
2026-02-05 09:32:09,335.055,335.14,1,334.76,360,335.35,200,335.35,334.76,334.76,360,334.54,160,334.46,160,334.38,80,333.15,40,331.0,200,,,,,,,,,335.35,200,335.37,80,335.47,280,335.83,400,335.92,680,335.99,40,336.0,240,336.14,80,336.26,240,336.42,40
2026-02-05 09:32:10,335.055,335.14,1,334.76,360,335.35,200,335.35,334.76,334.76,360,334.54,160,334.46,160,334.38,80,333.15,40,331.0,200,,,,,,,,,335.35,200,335.37,80,335.47,280,335.83,400,335.92,680,335.99,40,336.0,240,336.14,80,336.26,240,336.42,40
2026-02-05 09:32:11,335.055,335.18,1,334.76,360,335.35,200,335.35,334.76,334.76,360,334.54,160,334.46,160,334.38,80,333.15,40,331.0,200,,,,,,,,,335.35,200,335.37,80,335.47,280,335.83,400,335.92,680,335.99,40,336.0,240,336.14,80,336.26,240,336.42,40
2026-02-05 09:32:12,335.675,335.36,1,335.35,520,336.0,200,336.0,335.35,335.35,520,335.34,80,335.17,40,334.76,400,334.54,160,334.46,160,334.38,80,333.15,40,331.0,200,,,336.0,200,336.14,80,336.26,240,336.42,40,336.5,360,336.59,560,336.74,400,336.84,240,336.98,120,337.09,320
2026-02-05 09:32:13,335.675,335.36,1,335.35,480,336.0,200,336.0,335.35,335.35,480,335.34,80,335.17,40,334.76,400,334.54,160,334.46,160,334.38,80,333.15,40,331.0,200,,,336.0,200,336.14,80,336.26,240,336.42,40,336.5,360,336.59,560,336.74,400,336.84,240,336.98,120,337.09,320
2026-02-05 09:32:14,335.685,335.69,2,335.37,560,336.0,200,336.0,335.37,335.37,560,335.35,480,335.34,80,335.17,40,334.76,400,334.54,160,334.46,160,334.38,80,333.15,40,331.0,200,336.0,200,336.14,80,336.26,240,336.42,40,336.5,360,336.59,560,336.74,400,336.84,240,336.98,120,337.09,320
2026-02-05 09:32:15,335.685,335.69,2,335.37,840,336.0,240,336.0,335.37,335.37,840,335.35,480,335.34,80,335.17,40,334.76,400,334.54,160,334.46,160,334.38,80,333.15,40,331.0,200,336.0,240,336.14,80,336.26,240,336.42,40,336.5,360,336.59,560,336.74,400,336.84,240,336.98,120,337.09,320
2026-02-05 09:32:16,335.5,335.52,1,335.01,200,335.99,160,335.99,335.01,335.01,200,334.8,200,334.76,400,334.54,160,334.46,160,334.38,80,333.15,40,331.0,200,,,,,335.99,160,336.0,240,336.14,80,336.26,240,336.42,40,336.5,360,336.59,560,336.74,400,336.84,240,336.98,120
2026-02-05 09:32:17,335.5,335.52,1,335.01,360,335.99,160,335.99,335.01,335.01,360,334.8,200,334.76,400,334.54,160,334.46,160,334.38,80,333.15,40,331.0,200,,,,,335.99,160,336.0,240,336.14,80,336.26,240,336.42,40,336.5,360,336.59,560,336.74,400,336.84,240,336.98,120
2026-02-05 09:32:18,335.5,335.52,1,335.01,360,335.99,160,335.99,335.01,335.01,360,334.8,200,334.76,400,334.54,160,334.46,160,334.38,80,333.15,40,331.0,200,,,,,335.99,160,336.0,240,336.14,80,336.26,240,336.42,40,336.5,360,336.59,560,336.74,400,336.84,240,336.98,120
2026-02-05 09:32:19,335.5,335.5,1,335.01,360,335.99,120,335.99,335.01,335.01,360,334.8,200,334.76,400,334.54,160,334.46,160,334.38,80,333.15,40,331.0,200,,,,,335.99,120,336.0,240,336.14,80,336.26,240,336.42,40,336.5,360,336.59,560,336.74,400,336.84,240,336.98,120
2026-02-05 09:32:20,335.5,335.5,1,335.01,360,335.99,120,335.99,335.01,335.01,360,334.8,200,334.76,400,334.54,160,334.46,160,334.38,80,333.15,40,331.0,200,,,,,335.99,120,336.0,240,336.14,80,336.26,240,336.42,40,336.5,360,336.59,560,336.74,400,336.84,240,336.98,120
2026-02-05 09:32:21,335.5,335.49,2,335.01,360,335.99,80,335.99,335.01,335.01,360,334.8,200,334.76,400,334.54,160,334.46,160,334.38,80,333.15,40,331.0,200,,,,,335.99,80,336.0,240,336.14,80,336.26,240,336.42,40,336.5,360,336.59,560,336.74,400,336.84,240,336.98,120
2026-02-05 09:32:22,335.525,335.53,1,335.1,240,335.95,120,335.95,335.1,335.1,240,335.02,80,335.01,360,334.8,200,334.76,400,334.54,160,334.46,160,334.38,80,333.15,40,331.0,200,335.95,120,335.99,120,336.0,200,336.14,80,336.26,240,336.42,40,336.5,360,336.59,560,336.74,400,336.84,240
2026-02-05 09:32:23,335.525,335.5,1,335.1,480,335.95,120,335.95,335.1,335.1,480,335.02,80,335.01,360,334.8,200,334.76,400,334.54,160,334.46,160,334.38,80,333.15,40,331.0,200,335.95,120,335.99,120,336.0,200,336.14,80,336.26,240,336.42,40,336.5,360,336.59,560,336.74,400,336.84,240
2026-02-05 09:32:24,335.41,335.5,1,335.1,480,335.72,80,335.72,335.1,335.1,480,335.02,80,335.01,360,334.8,200,334.76,400,334.54,160,334.46,160,334.38,80,333.15,40,331.0,200,335.72,80,335.73,80,335.95,120,335.99,120,336.0,200,336.14,80,336.26,240,336.42,40,336.5,360,336.59,560
2026-02-05 09:32:25,335.525,335.63,1,335.1,480,335.95,120,335.95,335.1,335.1,480,335.02,80,335.01,360,334.8,200,334.76,400,334.54,160,334.46,160,334.38,80,333.15,40,331.0,200,335.95,120,335.99,120,336.0,200,336.14,80,336.26,240,336.42,40,336.5,360,336.59,560,336.74,400,336.84,240
2026-02-05 09:32:26,335.525,335.63,1,335.1,480,335.95,120,335.95,335.1,335.1,480,335.02,80,335.01,360,334.8,200,334.76,400,334.54,160,334.46,160,334.38,80,333.15,40,331.0,200,335.95,120,335.99,120,336.0,200,336.14,80,336.26,240,336.42,40,336.5,360,336.59,560,336.74,400,336.84,240
2026-02-05 09:32:27,335.525,335.63,1,335.1,480,335.95,120,335.95,335.1,335.1,480,335.02,80,335.01,360,334.8,200,334.76,400,334.54,160,334.46,160,334.38,80,333.15,40,331.0,200,335.95,120,335.99,120,336.0,200,336.14,80,336.26,240,336.42,40,336.5,360,336.59,560,336.74,400,336.84,240
2026-02-05 09:32:28,335.525,335.51,2,335.1,480,335.95,160,335.95,335.1,335.1,480,335.02,80,335.01,360,334.8,200,334.76,400,334.54,160,334.46,160,334.38,80,333.15,40,331.0,200,335.95,160,335.99,120,336.0,200,336.14,80,336.26,240,336.42,40,336.5,360,336.59,560,336.74,400,336.84,240
2026-02-05 09:32:29,335.525,335.58,1,335.1,480,335.95,160,335.95,335.1,335.1,480,335.02,80,335.01,360,334.8,200,334.76,400,334.54,160,334.46,160,334.38,80,333.15,40,331.0,200,335.95,160,335.99,120,336.0,200,336.14,80,336.26,240,336.42,40,336.5,360,336.59,560,336.74,400,336.84,240
2026-02-05 09:32:30,335.525,335.58,1,335.1,480,335.95,160,335.95,335.1,335.1,480,335.02,80,335.01,360,334.8,200,334.76,400,334.54,160,334.46,160,334.38,80,333.15,40,331.0,200,335.95,160,335.99,120,336.0,200,336.14,80,336.26,240,336.42,40,336.5,360,336.59,560,336.74,400,336.84,240
2026-02-05 09:32:31,335.525,335.49,2,335.1,480,335.95,160,335.95,335.1,335.1,480,335.02,80,335.01,360,334.8,200,334.76,400,334.54,160,334.46,160,334.38,80,333.15,40,331.0,200,335.95,160,335.99,120,336.0,200,336.14,80,336.26,240,336.42,40,336.5,360,336.59,560,336.74,400,336.84,240
2026-02-05 09:32:32,334.93,334.93,1,334.76,440,335.1,200,335.1,334.76,334.76,440,334.54,160,334.46,160,334.38,80,333.15,40,331.0,200,,,,,,,,,335.1,200,335.15,80,335.21,80,335.42,40,335.61,40,335.73,40,335.75,40,335.95,200,335.99,120,336.0,200
2026-02-05 09:32:33,334.93,334.93,1,334.76,1080,335.1,320,335.1,334.76,334.76,1080,334.54,160,334.46,160,334.38,80,333.15,40,331.0,200,,,,,,,,,335.1,320,335.15,80,335.21,80,335.42,40,335.61,40,335.73,40,335.75,40,335.95,200,335.99,120,336.0,200
2026-02-05 09:32:34,334.93,334.93,1,334.76,1080,335.1,320,335.1,334.76,334.76,1080,334.54,160,334.46,160,334.38,80,333.15,40,331.0,200,,,,,,,,,335.1,320,335.15,80,335.21,80,335.42,40,335.61,40,335.73,40,335.75,40,335.95,200,335.99,120,336.0,200
2026-02-05 09:32:35,334.93,334.93,3,334.76,1080,335.1,760,335.1,334.76,334.76,1080,334.54,160,334.46,160,334.38,80,333.15,40,331.0,200,,,,,,,,,335.1,760,335.15,80,335.21,80,335.42,40,335.61,40,335.73,40,335.75,40,335.95,200,335.99,120,336.0,200
2026-02-05 09:32:36,334.93,334.93,3,334.76,1080,335.1,760,335.1,334.76,334.76,1080,334.54,160,334.46,160,334.38,80,333.15,40,331.0,200,,,,,,,,,335.1,760,335.15,80,335.21,80,335.42,40,335.61,40,335.73,40,335.75,40,335.95,200,335.99,120,336.0,200
2026-02-05 09:32:37,334.93,334.93,3,334.76,1040,335.1,760,335.1,334.76,334.76,1040,334.54,160,334.46,160,334.38,80,333.15,40,331.0,200,,,,,,,,,335.1,760,335.15,80,335.21,80,335.42,40,335.61,40,335.73,40,335.75,40,335.95,200,335.99,120,336.0,200
2026-02-05 09:32:38,334.93,334.93,1,334.76,1040,335.1,760,335.1,334.76,334.76,1040,334.54,160,334.46,160,334.38,80,333.15,40,331.0,200,,,,,,,,,335.1,760,335.15,80,335.21,80,335.42,40,335.61,40,335.73,40,335.75,40,335.95,200,335.99,120,336.0,200
2026-02-05 09:32:39,335.1,334.93,1,334.77,560,335.43,240,335.43,334.77,334.77,560,334.76,1040,334.54,160,334.46,160,334.38,80,333.15,40,331.0,200,,,,,,,335.43,240,335.5,40,335.52,200,335.61,40,335.73,40,335.75,40,335.95,200,335.99,120,336.0,200,336.14,80
2026-02-05 09:32:40,334.835,334.68,1,334.37,240,335.3,80,335.3,334.37,334.37,240,334.36,40,334.27,40,334.26,360,334.15,200,333.15,40,331.0,200,,,,,,,335.3,80,335.48,80,335.5,40,335.52,200,335.61,40,335.73,40,335.75,40,335.95,200,335.99,120,336.0,200
2026-02-05 09:32:41,334.84,334.68,1,334.38,400,335.3,80,335.3,334.38,334.38,400,334.37,240,334.36,40,334.27,40,334.26,360,334.15,200,333.15,40,331.0,200,,,,,335.3,80,335.48,80,335.5,40,335.52,200,335.61,40,335.73,40,335.75,40,335.95,200,335.99,120,336.0,200
2026-02-05 09:32:42,334.84,334.68,1,334.38,400,335.3,80,335.3,334.38,334.38,400,334.37,240,334.36,40,334.27,40,334.26,360,334.15,200,333.15,40,331.0,200,,,,,335.3,80,335.48,80,335.5,40,335.52,200,335.61,40,335.73,40,335.75,40,335.95,200,335.99,120,336.0,200
2026-02-05 09:32:43,334.845,334.68,1,334.39,280,335.3,80,335.3,334.39,334.39,280,334.38,400,334.37,240,334.36,40,334.27,40,334.26,360,334.15,200,333.15,40,331.0,200,,,335.3,80,335.48,80,335.5,40,335.52,200,335.61,40,335.73,40,335.75,40,335.95,200,335.99,120,336.0,200
2026-02-05 09:32:44,334.855,334.85,1,334.41,80,335.3,80,335.3,334.41,334.41,80,334.4,440,334.39,280,334.38,400,334.37,240,334.36,40,334.27,40,334.26,360,334.15,200,333.15,40,335.3,80,335.48,80,335.5,40,335.52,200,335.61,40,335.73,40,335.75,40,335.95,200,335.99,120,336.0,200
2026-02-05 09:32:45,334.86,334.85,1,334.42,200,335.3,80,335.3,334.42,334.42,200,334.41,240,334.4,440,334.39,280,334.38,400,334.37,240,334.36,40,334.27,40,334.26,360,334.15,200,335.3,80,335.48,80,335.5,40,335.52,200,335.61,40,335.73,40,335.75,40,335.95,200,335.99,120,336.0,200
2026-02-05 09:32:46,334.865,334.85,1,334.43,240,335.3,80,335.3,334.43,334.43,240,334.42,200,334.41,240,334.4,440,334.39,280,334.38,400,334.37,240,334.36,40,334.27,40,334.26,360,335.3,80,335.48,80,335.5,40,335.52,200,335.61,40,335.73,40,335.75,40,335.95,200,335.99,120,336.0,200
2026-02-05 09:32:47,334.86,334.85,1,334.44,200,335.28,120,335.28,334.44,334.44,200,334.43,240,334.42,200,334.41,240,334.4,440,334.39,280,334.38,400,334.37,240,334.36,40,334.27,40,335.28,120,335.3,80,335.48,80,335.5,40,335.52,200,335.61,40,335.73,40,335.75,40,335.95,200,335.99,120
2026-02-05 09:32:48,334.865,334.64,1,334.45,200,335.28,240,335.28,334.45,334.45,200,334.44,200,334.43,240,334.42,200,334.41,240,334.4,440,334.39,280,334.38,400,334.37,240,334.36,40,335.28,240,335.3,80,335.48,80,335.5,40,335.52,200,335.61,40,335.73,40,335.75,40,335.95,200,335.99,120
2026-02-05 09:32:49,334.87,334.87,4,334.46,160,335.28,240,335.28,334.46,334.46,160,334.45,200,334.44,200,334.43,240,334.42,200,334.41,240,334.4,440,334.39,280,334.38,400,334.37,240,335.28,240,335.3,80,335.48,80,335.5,40,335.52,200,335.61,40,335.73,40,335.75,40,335.95,200,335.99,120
2026-02-05 09:32:50,334.875,334.84,1,334.47,680,335.28,240,335.28,334.47,334.47,680,334.46,120,334.45,200,334.44,200,334.43,240,334.42,200,334.41,240,334.4,440,334.39,280,334.38,400,335.28,240,335.3,80,335.48,80,335.5,40,335.52,200,335.61,40,335.73,40,335.75,40,335.95,200,335.99,120
2026-02-05 09:32:51,334.88,334.88,1,334.48,400,335.28,360,335.28,334.48,334.48,400,334.47,680,334.46,120,334.45,200,334.44,200,334.43,240,334.42,200,334.41,240,334.4,440,334.39,280,335.28,360,335.3,80,335.48,80,335.5,40,335.52,200,335.61,40,335.73,40,335.75,40,335.95,200,335.99,120
2026-02-05 09:32:52,334.88,334.88,2,334.48,400,335.28,400,335.28,334.48,334.48,400,334.47,680,334.46,120,334.45,200,334.44,200,334.43,240,334.42,200,334.41,240,334.4,440,334.39,280,335.28,400,335.3,80,335.48,80,335.5,40,335.52,200,335.61,40,335.73,40,335.75,40,335.95,200,335.99,120
2026-02-05 09:32:53,334.88,334.88,2,334.48,400,335.28,400,335.28,334.48,334.48,400,334.47,680,334.46,120,334.45,200,334.44,200,334.43,240,334.42,200,334.41,240,334.4,440,334.39,280,335.28,400,335.3,80,335.48,80,335.5,40,335.52,200,335.61,40,335.73,40,335.75,40,335.95,200,335.99,120
2026-02-05 09:32:54,334.88,334.88,2,334.48,400,335.28,400,335.28,334.48,334.48,400,334.47,680,334.46,120,334.45,200,334.44,200,334.43,240,334.42,200,334.41,240,334.4,440,334.39,280,335.28,400,335.3,80,335.48,80,335.5,40,335.52,200,335.61,40,335.73,40,335.75,40,335.95,200,335.99,120
2026-02-05 09:32:55,334.88,334.88,1,334.48,400,335.28,400,335.28,334.48,334.48,400,334.47,680,334.46,120,334.45,200,334.44,200,334.43,240,334.42,200,334.41,240,334.4,440,334.39,280,335.28,400,335.3,80,335.48,80,335.5,40,335.52,200,335.61,40,335.73,40,335.75,40,335.95,200,335.99,120
2026-02-05 09:32:56,334.885,334.88,1,334.49,320,335.28,400,335.28,334.49,334.49,320,334.48,400,334.47,680,334.46,120,334.45,200,334.44,200,334.43,240,334.42,200,334.41,240,334.4,440,335.28,400,335.3,80,335.48,80,335.5,40,335.52,200,335.61,40,335.73,40,335.75,40,335.95,200,335.99,120
2026-02-05 09:32:57,335.01,335.01,1,334.74,440,335.28,440,335.28,334.74,334.74,440,334.61,80,334.49,320,334.48,400,334.47,680,334.46,120,334.45,200,334.44,200,334.43,240,334.42,200,335.28,440,335.3,80,335.48,80,335.5,40,335.52,200,335.61,40,335.73,40,335.75,40,335.95,200,335.99,120
2026-02-05 09:32:58,335.01,335.01,1,334.74,920,335.28,400,335.28,334.74,334.74,920,334.61,80,334.49,320,334.48,400,334.47,680,334.46,120,334.45,200,334.44,200,334.43,240,334.42,200,335.28,400,335.3,80,335.48,80,335.5,40,335.52,200,335.61,40,335.73,40,335.75,40,335.95,200,335.99,120
2026-02-05 09:32:59,335.01,335.28,2,334.74,920,335.28,360,335.28,334.74,334.74,920,334.61,80,334.49,320,334.48,400,334.47,680,334.46,120,334.45,200,334.44,200,334.43,240,334.42,200,335.28,360,335.3,80,335.48,80,335.5,40,335.52,200,335.61,40,335.73,40,335.75,40,335.95,200,335.99,120
2026-02-05 09:33:00,336.045,336.04,1,335.59,840,336.5,360,336.5,335.59,335.59,840,335.3,800,335.28,80,335.27,920,334.74,920,334.61,80,334.49,320,334.48,400,334.47,680,334.46,120,336.5,360,336.59,560,336.74,400,336.84,240,336.98,120,337.09,320,337.31,200,337.32,160,337.33,200,337.49,360
2026-02-05 09:33:01,335.95,335.95,2,335.59,840,336.31,80,336.31,335.59,335.59,840,335.3,800,335.28,80,335.27,920,334.74,920,334.61,80,334.49,320,334.48,400,334.47,680,334.46,120,336.31,80,336.33,80,336.5,360,336.59,560,336.74,400,336.84,240,336.98,120,337.09,320,337.31,200,337.32,160
2026-02-05 09:33:02,336.035,336.05,1,335.8,800,336.27,200,336.27,335.8,335.8,800,335.68,80,335.6,920,335.59,840,335.3,800,335.28,80,335.27,920,334.74,920,334.61,80,334.49,320,336.27,200,336.33,80,336.5,320,336.59,560,336.74,400,336.84,240,336.98,120,337.09,320,337.31,200,337.32,160
2026-02-05 09:33:03,336.045,336.3,1,335.81,840,336.28,200,336.28,335.81,335.81,840,335.8,800,335.68,80,335.6,920,335.59,840,335.3,800,335.28,80,335.27,920,334.74,920,334.61,80,336.28,200,336.5,320,336.59,560,336.74,400,336.84,240,336.98,120,337.09,320,337.31,200,337.32,160,337.33,200
2026-02-05 09:33:04,336.195,336.02,1,335.89,800,336.5,320,336.5,335.89,335.89,800,335.87,480,335.81,800,335.8,800,335.68,80,335.6,920,335.59,840,335.3,800,335.28,80,335.27,920,336.5,320,336.59,560,336.74,400,336.84,240,336.98,120,337.09,320,337.31,200,337.32,160,337.33,200,337.49,360
2026-02-05 09:33:05,336.2,336.19,1,335.9,880,336.5,320,336.5,335.9,335.9,880,335.89,800,335.87,480,335.81,800,335.8,800,335.68,80,335.6,920,335.59,840,335.3,800,335.28,80,336.5,320,336.59,560,336.74,400,336.84,240,336.98,120,337.09,320,337.31,200,337.32,160,337.33,200,337.49,360
2026-02-05 09:33:06,336.25,336.25,1,336.0,560,336.5,440,336.5,336.0,336.0,560,335.9,880,335.89,800,335.87,480,335.81,800,335.8,800,335.68,80,335.6,920,335.59,840,335.3,800,336.5,440,336.59,560,336.74,400,336.84,240,336.98,120,337.09,320,337.31,200,337.32,160,337.33,200,337.49,360
2026-02-05 09:33:07,336.25,336.25,1,336.0,560,336.5,440,336.5,336.0,336.0,560,335.9,880,335.89,800,335.87,480,335.81,800,335.8,800,335.68,80,335.6,920,335.59,840,335.3,800,336.5,440,336.59,560,336.74,400,336.84,240,336.98,120,337.09,320,337.31,200,337.32,160,337.33,200,337.49,360
2026-02-05 09:33:08,336.25,336.25,1,336.0,560,336.5,440,336.5,336.0,336.0,560,335.9,880,335.89,800,335.87,480,335.81,800,335.8,800,335.68,80,335.6,920,335.59,840,335.3,800,336.5,440,336.59,560,336.74,400,336.84,240,336.98,120,337.09,320,337.31,200,337.32,160,337.33,200,337.49,360
2026-02-05 09:33:09,336.25,336.25,1,336.0,560,336.5,440,336.5,336.0,336.0,560,335.9,880,335.89,800,335.87,480,335.81,800,335.8,800,335.68,80,335.6,920,335.59,840,335.3,800,336.5,440,336.59,560,336.74,400,336.84,240,336.98,120,337.09,320,337.31,200,337.32,160,337.33,200,337.49,360
2026-02-05 09:33:10,336.25,336.25,1,336.0,560,336.5,440,336.5,336.0,336.0,560,335.9,880,335.89,800,335.87,480,335.81,800,335.8,800,335.68,80,335.6,920,335.59,840,335.3,800,336.5,440,336.59,560,336.74,400,336.84,240,336.98,120,337.09,320,337.31,200,337.32,160,337.33,200,337.49,360
2026-02-05 09:33:11,336.25,336.25,1,336.0,560,336.5,440,336.5,336.0,336.0,560,335.9,880,335.89,800,335.87,480,335.81,800,335.8,800,335.68,80,335.6,920,335.59,840,335.3,800,336.5,440,336.59,560,336.74,400,336.84,240,336.98,120,337.09,320,337.31,200,337.32,160,337.33,200,337.49,360
2026-02-05 09:33:12,336.25,336.25,2,336.0,560,336.5,440,336.5,336.0,336.0,560,335.9,880,335.89,800,335.87,480,335.81,800,335.8,800,335.68,80,335.6,920,335.59,840,335.3,800,336.5,440,336.59,560,336.74,400,336.84,240,336.98,120,337.09,320,337.31,200,337.32,160,337.33,200,337.49,360
2026-02-05 09:33:13,336.25,336.25,2,336.0,560,336.5,440,336.5,336.0,336.0,560,335.9,880,335.89,800,335.87,480,335.81,800,335.8,800,335.68,80,335.6,920,335.59,840,335.3,800,336.5,440,336.59,560,336.74,400,336.84,240,336.98,120,337.09,320,337.31,200,337.32,160,337.33,200,337.49,360
2026-02-05 09:33:14,336.25,336.25,2,336.0,560,336.5,440,336.5,336.0,336.0,560,335.9,880,335.89,800,335.87,480,335.81,800,335.8,800,335.68,80,335.6,920,335.59,840,335.3,800,336.5,440,336.59,560,336.74,400,336.84,240,336.98,120,337.09,320,337.31,200,337.32,160,337.33,200,337.49,360
2026-02-05 09:33:15,336.25,336.25,2,336.0,560,336.5,440,336.5,336.0,336.0,560,335.9,880,335.89,800,335.87,480,335.81,800,335.8,800,335.68,80,335.6,920,335.59,840,335.3,800,336.5,440,336.59,560,336.74,400,336.84,240,336.98,120,337.09,320,337.31,200,337.32,160,337.33,200,337.49,360
2026-02-05 09:33:16,336.25,336.25,2,336.0,560,336.5,440,336.5,336.0,336.0,560,335.9,880,335.89,800,335.87,480,335.81,800,335.8,800,335.68,80,335.6,920,335.59,840,335.3,800,336.5,440,336.59,560,336.74,400,336.84,240,336.98,120,337.09,320,337.31,200,337.32,160,337.33,200,337.49,360
2026-02-05 09:33:17,336.25,336.36,1,336.0,560,336.5,520,336.5,336.0,336.0,560,335.9,880,335.89,800,335.87,480,335.81,800,335.8,800,335.68,80,335.6,920,335.59,840,335.3,800,336.5,520,336.59,560,336.74,400,336.84,240,336.98,120,337.09,320,337.31,200,337.32,160,337.33,200,337.49,360
2026-02-05 09:33:18,336.36,336.32,1,336.22,520,336.5,600,336.5,336.22,336.22,520,336.02,80,336.0,560,335.9,880,335.89,800,335.87,480,335.81,800,335.8,800,335.68,80,335.6,920,336.5,600,336.59,560,336.74,400,336.84,240,336.98,120,337.09,320,337.31,200,337.32,160,337.33,200,337.49,360
2026-02-05 09:33:19,336.36,336.32,1,336.22,520,336.5,600,336.5,336.22,336.22,520,336.02,80,336.0,560,335.9,880,335.89,800,335.87,480,335.81,800,335.8,800,335.68,80,335.6,920,336.5,600,336.59,560,336.74,400,336.84,240,336.98,120,337.09,320,337.31,200,337.32,160,337.33,200,337.49,360
2026-02-05 09:33:20,336.595,336.54,1,336.39,760,336.8,40,336.8,336.39,336.39,760,336.25,520,336.22,520,336.02,80,336.0,560,335.9,880,335.89,800,335.87,480,335.81,800,335.8,800,336.8,40,336.84,240,336.98,120,337.09,320,337.31,200,337.32,160,337.33,200,337.49,360,337.59,280,337.69,1120
2026-02-05 09:33:21,336.6,336.54,1,336.4,760,336.8,40,336.8,336.4,336.4,760,336.39,760,336.25,520,336.22,520,336.02,80,336.0,560,335.9,880,335.89,800,335.87,480,335.81,800,336.8,40,336.84,240,336.98,120,337.09,320,337.31,200,337.32,160,337.33,200,337.49,360,337.59,280,337.69,1120
2026-02-05 09:33:22,336.605,336.54,1,336.41,720,336.8,40,336.8,336.41,336.41,720,336.4,720,336.39,760,336.25,520,336.22,520,336.02,80,336.0,560,335.9,880,335.89,800,335.87,480,336.8,40,336.84,240,336.98,120,337.09,320,337.31,200,337.32,160,337.33,200,337.49,360,337.59,280,337.69,1120
2026-02-05 09:33:23,336.53,336.66,2,336.26,40,336.8,160,336.8,336.26,336.26,40,336.03,40,336.02,80,336.0,560,335.9,880,335.89,800,335.87,480,335.81,800,335.8,800,335.68,80,336.8,160,336.84,240,336.98,120,337.09,320,337.31,200,337.32,160,337.33,200,337.49,360,337.59,280,337.69,1120
2026-02-05 09:33:24,336.585,336.56,1,336.37,120,336.8,440,336.8,336.37,336.37,120,336.36,80,336.26,80,336.03,40,336.02,80,336.0,560,335.9,880,335.89,800,335.87,480,335.81,800,336.8,440,336.84,240,336.98,120,337.09,320,337.31,200,337.32,160,337.33,200,337.49,360,337.59,280,337.69,1120
2026-02-05 09:33:25,336.59,336.56,1,336.38,40,336.8,440,336.8,336.38,336.38,40,336.37,120,336.36,80,336.26,80,336.03,40,336.02,80,336.0,560,335.9,880,335.89,800,335.87,480,336.8,440,336.84,240,336.98,120,337.09,320,337.31,200,337.32,160,337.33,200,337.49,360,337.59,280,337.69,1120
2026-02-05 09:33:26,336.595,336.56,1,336.39,40,336.8,480,336.8,336.39,336.39,40,336.38,80,336.37,120,336.36,80,336.26,80,336.03,40,336.02,80,336.0,560,335.9,880,335.89,800,336.8,480,336.84,240,336.98,120,337.09,320,337.31,200,337.32,160,337.33,200,337.49,360,337.59,280,337.69,1120
2026-02-05 09:33:27,336.27,336.44,1,336.04,80,336.5,240,336.5,336.04,336.04,80,336.0,600,335.9,880,335.89,800,335.87,480,335.81,800,335.8,800,335.68,80,335.6,920,335.59,840,336.5,240,336.6,40,336.79,920,336.8,440,336.84,240,336.98,120,337.09,320,337.31,200,337.32,160,337.33,200
2026-02-05 09:33:28,336.34,336.44,1,336.18,80,336.5,240,336.5,336.18,336.18,80,336.05,40,336.04,80,336.0,600,335.9,880,335.89,800,335.87,480,335.81,800,335.8,800,335.68,80,336.5,240,336.6,40,336.79,920,336.8,440,336.84,240,336.98,120,337.09,320,337.31,200,337.32,160,337.33,200
2026-02-05 09:33:29,335.77,336.28,3,335.4,120,336.14,120,336.14,335.4,335.4,120,335.3,800,335.28,80,335.27,920,334.74,920,334.61,80,334.49,320,334.48,400,334.47,680,334.46,120,336.14,120,336.24,120,336.28,40,336.5,400,336.6,40,336.79,920,336.8,440,336.84,240,336.98,120,337.09,320
2026-02-05 09:33:30,335.765,336.05,1,335.4,200,336.13,80,336.13,335.4,335.4,200,335.3,800,335.28,80,335.27,920,334.74,920,334.61,80,334.49,320,334.48,400,334.47,680,334.46,120,336.13,80,336.14,120,336.24,120,336.28,40,336.5,400,336.6,40,336.79,920,336.8,440,336.84,240,336.98,120
2026-02-05 09:33:31,335.765,336.05,1,335.4,360,336.13,160,336.13,335.4,335.4,360,335.3,800,335.28,80,335.27,920,334.74,920,334.61,80,334.49,320,334.48,400,334.47,680,334.46,120,336.13,160,336.14,120,336.24,120,336.28,40,336.5,400,336.6,40,336.79,920,336.8,440,336.84,240,336.98,120
2026-02-05 09:33:32,335.765,336.05,1,335.4,360,336.13,160,336.13,335.4,335.4,360,335.3,800,335.28,80,335.27,920,334.74,920,334.61,80,334.49,320,334.48,400,334.47,680,334.46,120,336.13,160,336.14,120,336.24,120,336.28,40,336.5,400,336.6,40,336.79,920,336.8,440,336.84,240,336.98,120
2026-02-05 09:33:33,335.765,336.05,1,335.4,360,336.13,280,336.13,335.4,335.4,360,335.3,800,335.28,80,335.27,920,334.74,920,334.61,80,334.49,320,334.48,400,334.47,680,334.46,120,336.13,280,336.14,120,336.24,120,336.28,40,336.5,400,336.6,40,336.79,920,336.8,440,336.84,240,336.98,120
2026-02-05 09:33:34,335.765,336.05,1,335.4,360,336.13,280,336.13,335.4,335.4,360,335.3,800,335.28,80,335.27,920,334.74,920,334.61,80,334.49,320,334.48,400,334.47,680,334.46,120,336.13,280,336.14,120,336.24,120,336.28,40,336.5,400,336.6,40,336.79,920,336.8,440,336.84,240,336.98,120
2026-02-05 09:33:35,335.76,335.76,1,335.4,400,336.12,120,336.12,335.4,335.4,400,335.3,800,335.28,80,335.27,920,334.74,920,334.61,80,334.49,320,334.48,400,334.47,680,334.46,120,336.12,120,336.13,280,336.14,120,336.24,120,336.28,40,336.5,400,336.6,40,336.79,920,336.8,440,336.84,240
2026-02-05 09:33:36,335.76,335.76,1,335.4,400,336.12,120,336.12,335.4,335.4,400,335.3,800,335.28,80,335.27,920,334.74,920,334.61,80,334.49,320,334.48,400,334.47,680,334.46,120,336.12,120,336.13,280,336.14,120,336.24,120,336.28,40,336.5,400,336.6,40,336.79,920,336.8,440,336.84,240
2026-02-05 09:33:37,335.76,335.76,1,335.4,400,336.12,160,336.12,335.4,335.4,400,335.3,800,335.28,80,335.27,920,334.74,920,334.61,80,334.49,320,334.48,400,334.47,680,334.46,120,336.12,160,336.13,280,336.14,120,336.24,120,336.28,40,336.5,400,336.6,40,336.79,920,336.8,440,336.84,240
2026-02-05 09:33:38,335.93,335.97,1,335.74,80,336.12,120,336.12,335.74,335.74,80,335.4,480,335.3,800,335.28,80,335.27,920,334.74,920,334.61,80,334.49,320,334.48,400,334.47,680,336.12,120,336.13,280,336.14,120,336.24,120,336.28,40,336.5,400,336.6,40,336.79,920,336.8,440,336.84,240
2026-02-05 09:33:39,335.93,335.97,1,335.74,280,336.12,120,336.12,335.74,335.74,280,335.4,480,335.3,800,335.28,80,335.27,920,334.74,920,334.61,80,334.49,320,334.48,400,334.47,680,336.12,120,336.13,280,336.14,120,336.24,120,336.28,40,336.5,400,336.6,40,336.79,920,336.8,440,336.84,240
2026-02-05 09:33:40,335.93,335.97,1,335.74,280,336.12,120,336.12,335.74,335.74,280,335.4,480,335.3,800,335.28,80,335.27,920,334.74,920,334.61,80,334.49,320,334.48,400,334.47,680,336.12,120,336.13,280,336.14,120,336.24,120,336.28,40,336.5,400,336.6,40,336.79,920,336.8,440,336.84,240
2026-02-05 09:33:41,336.215,336.03,1,335.93,40,336.5,440,336.5,335.93,335.93,40,335.82,40,335.81,40,335.74,400,335.4,480,335.3,800,335.28,80,335.27,920,334.74,920,334.61,80,336.5,440,336.6,40,336.79,920,336.8,440,336.84,240,336.98,120,337.09,320,337.31,200,337.32,160,337.33,200
2026-02-05 09:33:42,336.215,336.03,1,335.93,40,336.5,440,336.5,335.93,335.93,40,335.82,40,335.81,40,335.74,400,335.4,480,335.3,800,335.28,80,335.27,920,334.74,920,334.61,80,336.5,440,336.6,40,336.79,920,336.8,440,336.84,240,336.98,120,337.09,320,337.31,200,337.32,160,337.33,200
2026-02-05 09:33:43,336.215,336.03,1,335.93,40,336.5,440,336.5,335.93,335.93,40,335.82,40,335.81,40,335.74,400,335.4,480,335.3,800,335.28,80,335.27,920,334.74,920,334.61,80,336.5,440,336.6,40,336.79,920,336.8,440,336.84,240,336.98,120,337.09,320,337.31,200,337.32,160,337.33,200
2026-02-05 09:33:44,336.215,336.15,2,335.93,200,336.5,440,336.5,335.93,335.93,200,335.82,40,335.81,40,335.74,400,335.4,480,335.3,800,335.28,80,335.27,920,334.74,920,334.61,80,336.5,440,336.6,40,336.79,920,336.8,440,336.84,240,336.98,120,337.09,320,337.31,200,337.32,160,337.33,200
2026-02-05 09:33:45,336.21,336.15,2,335.93,200,336.49,120,336.49,335.93,335.93,200,335.82,40,335.81,40,335.74,400,335.4,480,335.3,800,335.28,80,335.27,920,334.74,920,334.61,80,336.49,120,336.5,440,336.6,40,336.79,920,336.8,440,336.84,240,336.98,120,337.09,320,337.31,200,337.32,160
2026-02-05 09:33:46,336.21,336.15,2,335.93,200,336.49,120,336.49,335.93,335.93,200,335.82,40,335.81,40,335.74,400,335.4,480,335.3,800,335.28,80,335.27,920,334.74,920,334.61,80,336.49,120,336.5,440,336.6,40,336.79,920,336.8,440,336.84,240,336.98,120,337.09,320,337.31,200,337.32,160
2026-02-05 09:33:47,336.21,336.15,2,335.93,280,336.49,120,336.49,335.93,335.93,280,335.82,40,335.81,40,335.74,400,335.4,480,335.3,800,335.28,80,335.27,920,334.74,920,334.61,80,336.49,120,336.5,440,336.6,40,336.79,920,336.8,440,336.84,240,336.98,120,337.09,320,337.31,200,337.32,160
2026-02-05 09:33:48,335.95,335.89,4,335.41,160,336.49,120,336.49,335.41,335.41,160,335.4,120,335.23,160,334.74,920,334.61,80,334.49,320,334.48,400,334.47,680,334.46,120,334.45,200,336.49,120,336.5,440,336.6,40,336.79,920,336.8,440,336.84,240,336.98,120,337.09,320,337.31,200,337.32,160
2026-02-05 09:33:49,335.95,335.89,4,335.41,160,336.49,120,336.49,335.41,335.41,160,335.4,120,335.23,160,334.74,920,334.61,80,334.49,320,334.48,400,334.47,680,334.46,120,334.45,200,336.49,120,336.5,440,336.6,40,336.79,920,336.8,440,336.84,240,336.98,120,337.09,320,337.31,200,337.32,160
2026-02-05 09:33:50,335.95,335.95,1,335.41,160,336.49,280,336.49,335.41,335.41,160,335.4,120,335.23,160,334.74,920,334.61,80,334.49,320,334.48,400,334.47,680,334.46,120,334.45,200,336.49,280,336.5,440,336.6,40,336.79,920,336.8,440,336.84,240,336.98,120,337.09,320,337.31,200,337.32,160
2026-02-05 09:33:51,335.95,335.95,1,335.41,160,336.49,280,336.49,335.41,335.41,160,335.4,120,335.23,160,334.74,920,334.61,80,334.49,320,334.48,400,334.47,680,334.46,120,334.45,200,336.49,280,336.5,440,336.6,40,336.79,920,336.8,440,336.84,240,336.98,120,337.09,320,337.31,200,337.32,160
2026-02-05 09:33:52,335.95,335.95,1,335.41,160,336.49,280,336.49,335.41,335.41,160,335.4,120,335.23,160,334.74,920,334.61,80,334.49,320,334.48,400,334.47,680,334.46,120,334.45,200,336.49,280,336.5,440,336.6,40,336.79,920,336.8,440,336.84,240,336.98,120,337.09,320,337.31,200,337.32,160
2026-02-05 09:33:53,335.95,335.95,1,335.41,160,336.49,280,336.49,335.41,335.41,160,335.4,120,335.23,160,334.74,920,334.61,80,334.49,320,334.48,400,334.47,680,334.46,120,334.45,200,336.49,280,336.5,440,336.6,40,336.79,920,336.8,440,336.84,240,336.98,120,337.09,320,337.31,200,337.32,160
2026-02-05 09:33:54,335.95,335.95,1,335.41,160,336.49,280,336.49,335.41,335.41,160,335.4,120,335.23,160,334.74,920,334.61,80,334.49,320,334.48,400,334.47,680,334.46,120,334.45,200,336.49,280,336.5,440,336.6,40,336.79,920,336.8,440,336.84,240,336.98,120,337.09,320,337.31,200,337.32,160
2026-02-05 09:33:55,335.805,335.93,1,335.41,160,336.2,840,336.2,335.41,335.41,160,335.4,120,335.23,160,334.74,920,334.61,80,334.49,320,334.48,400,334.47,680,334.46,120,334.45,200,336.2,840,336.49,280,336.5,440,336.6,40,336.79,920,336.8,440,336.84,240,336.98,120,337.09,320,337.31,200
2026-02-05 09:33:56,335.805,335.93,1,335.41,160,336.2,800,336.2,335.41,335.41,160,335.4,120,335.23,160,334.74,920,334.61,80,334.49,320,334.48,400,334.47,680,334.46,120,334.45,200,336.2,800,336.49,280,336.5,440,336.6,40,336.79,920,336.8,440,336.84,240,336.98,120,337.09,320,337.31,200
2026-02-05 09:33:57,335.915,335.93,1,335.63,160,336.2,800,336.2,335.63,335.63,160,335.41,160,335.4,120,335.23,160,334.74,920,334.61,80,334.49,320,334.48,400,334.47,680,334.46,120,336.2,800,336.49,280,336.5,440,336.6,40,336.79,920,336.8,440,336.84,240,336.98,120,337.09,320,337.31,200
2026-02-05 09:33:58,335.915,335.91,1,335.63,160,336.2,800,336.2,335.63,335.63,160,335.41,160,335.4,120,335.23,160,334.74,920,334.61,80,334.49,320,334.48,400,334.47,680,334.46,120,336.2,800,336.49,280,336.5,440,336.6,40,336.79,920,336.8,440,336.84,240,336.98,120,337.09,320,337.31,200
2026-02-05 09:33:59,335.915,335.91,1,335.63,160,336.2,800,336.2,335.63,335.63,160,335.41,160,335.4,120,335.23,160,334.74,920,334.61,80,334.49,320,334.48,400,334.47,680,334.46,120,336.2,800,336.49,280,336.5,440,336.6,40,336.79,920,336.8,440,336.84,240,336.98,120,337.09,320,337.31,200
2026-02-05 09:34:00,335.915,335.91,1,335.63,160,336.2,800,336.2,335.63,335.63,160,335.41,160,335.4,120,335.23,160,334.74,920,334.61,80,334.49,320,334.48,400,334.47,680,334.46,120,336.2,800,336.49,280,336.5,440,336.6,40,336.79,920,336.8,440,336.84,240,336.98,120,337.09,320,337.31,200
2026-02-05 09:34:01,335.915,335.63,1,335.63,160,336.2,800,336.2,335.63,335.63,160,335.41,160,335.4,120,335.23,160,334.74,920,334.61,80,334.49,320,334.48,400,334.47,680,334.46,120,336.2,800,336.49,280,336.5,440,336.6,40,336.79,920,336.8,440,336.84,240,336.98,120,337.09,320,337.31,200
2026-02-05 09:34:02,335.915,335.63,1,335.63,160,336.2,840,336.2,335.63,335.63,160,335.41,160,335.4,120,335.23,160,334.74,920,334.61,80,334.49,320,334.48,400,334.47,680,334.46,120,336.2,840,336.49,280,336.5,440,336.6,40,336.79,920,336.8,440,336.84,240,336.98,120,337.09,320,337.31,200
2026-02-05 09:34:03,335.46,335.46,1,335.0,120,335.92,440,335.92,335.0,335.0,120,334.74,920,334.61,80,334.49,320,334.48,400,334.47,680,334.46,120,334.45,200,334.44,200,334.43,240,335.92,440,336.08,40,336.19,560,336.2,840,336.49,280,336.5,440,336.6,40,336.79,920,336.8,440,336.84,240
2026-02-05 09:34:04,335.55,335.46,1,335.28,80,335.82,520,335.82,335.28,335.28,80,335.0,160,334.74,920,334.61,80,334.49,320,334.48,400,334.47,680,334.46,120,334.45,200,334.44,200,335.82,520,335.92,480,336.08,40,336.19,560,336.2,840,336.49,280,336.5,440,336.6,40,336.79,920,336.8,440
2026-02-05 09:34:05,335.55,335.46,1,335.28,80,335.82,520,335.82,335.28,335.28,80,335.0,160,334.74,920,334.61,80,334.49,320,334.48,400,334.47,680,334.46,120,334.45,200,334.44,200,335.82,520,335.92,480,336.08,40,336.19,560,336.2,840,336.49,280,336.5,440,336.6,40,336.79,920,336.8,440
2026-02-05 09:34:06,335.55,335.55,4,335.28,80,335.82,520,335.82,335.28,335.28,80,335.0,160,334.74,920,334.61,80,334.49,320,334.48,400,334.47,680,334.46,120,334.45,200,334.44,200,335.82,520,335.92,480,336.08,40,336.19,560,336.2,840,336.49,280,336.5,440,336.6,40,336.79,920,336.8,440
2026-02-05 09:34:07,335.55,335.55,2,335.28,80,335.82,520,335.82,335.28,335.28,80,335.0,160,334.74,920,334.61,80,334.49,320,334.48,400,334.47,680,334.46,120,334.45,200,334.44,200,335.82,520,335.92,480,336.08,40,336.19,560,336.2,840,336.49,280,336.5,440,336.6,40,336.79,920,336.8,440
2026-02-05 09:34:08,335.55,335.55,2,335.28,280,335.82,520,335.82,335.28,335.28,280,335.0,160,334.74,920,334.61,80,334.49,320,334.48,400,334.47,680,334.46,120,334.45,200,334.44,200,335.82,520,335.92,480,336.08,40,336.19,560,336.2,840,336.49,280,336.5,440,336.6,40,336.79,920,336.8,440
2026-02-05 09:34:09,335.55,335.55,2,335.28,280,335.82,520,335.82,335.28,335.28,280,335.0,160,334.74,920,334.61,80,334.49,320,334.48,400,334.47,680,334.46,120,334.45,200,334.44,200,335.82,520,335.92,480,336.08,40,336.19,560,336.2,840,336.49,280,336.5,440,336.6,40,336.79,920,336.8,440
2026-02-05 09:34:10,335.555,335.55,1,335.29,120,335.82,520,335.82,335.29,335.29,120,335.28,280,335.0,160,334.74,920,334.61,80,334.49,320,334.48,400,334.47,680,334.46,120,334.45,200,335.82,520,335.92,480,336.08,40,336.19,560,336.2,840,336.49,280,336.5,440,336.6,40,336.79,920,336.8,440
2026-02-05 09:34:11,335.555,335.77,1,335.29,520,335.82,520,335.82,335.29,335.29,520,335.28,280,335.0,160,334.74,920,334.61,80,334.49,320,334.48,400,334.47,680,334.46,120,334.45,200,335.82,520,335.92,480,336.08,40,336.19,560,336.2,840,336.49,280,336.5,440,336.6,40,336.79,920,336.8,440
2026-02-05 09:34:12,335.74,335.74,1,335.56,400,335.92,600,335.92,335.56,335.56,400,335.46,640,335.42,600,335.4,40,335.39,600,335.29,400,335.28,280,335.0,160,334.74,920,334.61,80,335.92,600,336.08,40,336.19,560,336.2,840,336.49,280,336.5,440,336.6,40,336.79,920,336.8,440,336.84,240
2026-02-05 09:34:13,335.74,335.74,1,335.57,400,335.91,40,335.91,335.57,335.57,400,335.56,400,335.46,640,335.42,600,335.4,40,335.39,600,335.29,400,335.28,280,335.0,160,334.74,920,335.91,40,335.92,600,336.08,40,336.19,560,336.2,840,336.49,280,336.5,440,336.6,40,336.79,920,336.8,440
2026-02-05 09:34:14,335.74,335.74,1,335.57,400,335.91,40,335.91,335.57,335.57,400,335.56,400,335.46,640,335.42,600,335.4,40,335.39,600,335.29,400,335.28,280,335.0,160,334.74,920,335.91,40,335.92,600,336.08,40,336.19,560,336.2,840,336.49,280,336.5,440,336.6,40,336.79,920,336.8,440
2026-02-05 09:34:15,335.745,335.8,1,335.58,640,335.91,120,335.91,335.58,335.58,640,335.57,400,335.56,400,335.46,640,335.42,600,335.4,40,335.39,600,335.29,400,335.28,280,335.0,160,335.91,120,335.92,600,336.08,40,336.19,560,336.2,840,336.49,280,336.5,440,336.6,40,336.79,920,336.8,440
2026-02-05 09:34:16,335.71,335.75,3,335.6,200,335.82,200,335.82,335.6,335.6,200,335.59,120,335.57,200,335.47,80,335.36,80,335.29,400,335.28,280,335.0,160,334.74,920,334.61,80,335.82,200,335.91,80,335.92,600,336.08,40,336.19,560,336.2,840,336.49,280,336.5,440,336.6,40,336.79,920
2026-02-05 09:34:17,335.77,335.81,1,335.63,120,335.91,80,335.91,335.63,335.63,120,335.6,280,335.59,120,335.57,200,335.47,80,335.36,80,335.29,400,335.28,280,335.0,160,334.74,920,335.91,80,335.92,600,336.08,40,336.19,560,336.2,840,336.49,280,336.5,440,336.6,40,336.79,920,336.8,440
2026-02-05 09:34:18,335.775,335.77,1,335.63,280,335.92,600,335.92,335.63,335.63,280,335.6,280,335.59,120,335.57,200,335.47,80,335.36,80,335.29,400,335.28,280,335.0,160,334.74,920,335.92,600,336.08,40,336.19,560,336.2,840,336.49,280,336.5,440,336.6,40,336.79,920,336.8,440,336.84,240
2026-02-05 09:34:19,335.775,335.77,1,335.63,280,335.92,600,335.92,335.63,335.63,280,335.6,280,335.59,120,335.57,200,335.47,80,335.36,80,335.29,400,335.28,280,335.0,160,334.74,920,335.92,600,336.08,40,336.19,560,336.2,840,336.49,280,336.5,440,336.6,40,336.79,920,336.8,440,336.84,240
2026-02-05 09:34:20,335.775,335.77,1,335.63,320,335.92,600,335.92,335.63,335.63,320,335.6,280,335.59,120,335.57,200,335.47,80,335.36,80,335.29,400,335.28,280,335.0,160,334.74,920,335.92,600,336.08,40,336.19,560,336.2,840,336.49,280,336.5,440,336.6,40,336.79,920,336.8,440,336.84,240
2026-02-05 09:34:21,335.51,335.51,1,335.3,80,335.72,80,335.72,335.3,335.3,80,335.28,40,335.06,40,335.0,160,334.74,920,334.61,80,334.49,320,334.48,400,334.47,680,334.46,120,335.72,80,335.79,40,335.84,80,335.88,40,335.92,120,336.1,520,336.19,560,336.2,840,336.49,280,336.5,440
2026-02-05 09:34:22,335.51,335.51,1,335.3,80,335.72,80,335.72,335.3,335.3,80,335.28,40,335.06,40,335.0,160,334.74,920,334.61,80,334.49,320,334.48,400,334.47,680,334.46,120,335.72,80,335.79,40,335.84,80,335.88,40,335.92,120,336.1,520,336.19,560,336.2,840,336.49,280,336.5,440
2026-02-05 09:34:23,335.51,335.51,2,335.3,80,335.72,80,335.72,335.3,335.3,80,335.28,40,335.06,40,335.0,160,334.74,920,334.61,80,334.49,320,334.48,400,334.47,680,334.46,120,335.72,80,335.79,40,335.84,80,335.88,40,335.92,120,336.1,520,336.19,560,336.2,840,336.49,280,336.5,440
2026-02-05 09:34:24,335.51,335.51,2,335.3,80,335.72,80,335.72,335.3,335.3,80,335.28,40,335.06,40,335.0,160,334.74,920,334.61,80,334.49,320,334.48,400,334.47,680,334.46,120,335.72,80,335.79,40,335.84,80,335.88,40,335.92,120,336.1,520,336.19,560,336.2,840,336.49,280,336.5,440
2026-02-05 09:34:25,335.545,335.51,2,335.3,80,335.79,40,335.79,335.3,335.3,80,335.28,40,335.06,40,335.0,160,334.74,920,334.61,80,334.49,320,334.48,400,334.47,680,334.46,120,335.79,40,335.84,80,335.88,40,335.92,120,336.1,520,336.19,560,336.2,840,336.49,280,336.5,440,336.6,40
2026-02-05 09:34:26,335.545,335.51,2,335.3,80,335.79,40,335.79,335.3,335.3,80,335.28,40,335.06,40,335.0,160,334.74,920,334.61,80,334.49,320,334.48,400,334.47,680,334.46,120,335.79,40,335.84,80,335.88,40,335.92,120,336.1,520,336.19,560,336.2,840,336.49,280,336.5,440,336.6,40
2026-02-05 09:34:27,335.545,335.51,2,335.3,160,335.79,120,335.79,335.3,335.3,160,335.28,40,335.06,40,335.0,160,334.74,920,334.61,80,334.49,320,334.48,400,334.47,680,334.46,120,335.79,120,335.84,80,335.88,40,335.92,120,336.1,520,336.19,560,336.2,840,336.49,280,336.5,440,336.6,40
2026-02-05 09:34:28,335.545,335.51,2,335.3,160,335.79,120,335.79,335.3,335.3,160,335.28,40,335.06,40,335.0,160,334.74,920,334.61,80,334.49,320,334.48,400,334.47,680,334.46,120,335.79,120,335.84,80,335.88,40,335.92,120,336.1,520,336.19,560,336.2,840,336.49,280,336.5,440,336.6,40
2026-02-05 09:34:29,335.545,335.59,1,335.3,160,335.79,120,335.79,335.3,335.3,160,335.28,40,335.06,40,335.0,160,334.74,920,334.61,80,334.49,320,334.48,400,334.47,680,334.46,120,335.79,120,335.84,80,335.88,40,335.92,120,336.1,520,336.19,560,336.2,840,336.49,280,336.5,440,336.6,40
2026-02-05 09:34:30,335.425,335.59,1,335.3,160,335.55,240,335.55,335.3,335.3,160,335.28,40,335.06,40,335.0,160,334.74,920,334.61,80,334.49,320,334.48,400,334.47,680,334.46,120,335.55,240,335.79,120,335.84,80,335.88,40,335.92,120,336.1,520,336.19,560,336.2,840,336.49,280,336.5,440
2026-02-05 09:34:31,335.22,335.36,1,335.0,280,335.44,120,335.44,335.0,335.0,280,334.74,920,334.61,80,334.49,320,334.48,400,334.47,680,334.46,120,334.45,200,334.44,200,334.43,240,335.44,120,335.55,280,335.79,120,335.84,80,335.88,40,335.92,120,336.1,520,336.19,560,336.2,840,336.49,280
2026-02-05 09:34:32,335.22,335.25,1,335.0,280,335.44,560,335.44,335.0,335.0,280,334.74,920,334.61,80,334.49,320,334.48,400,334.47,680,334.46,120,334.45,200,334.44,200,334.43,240,335.44,560,335.55,280,335.79,120,335.84,80,335.88,40,335.92,120,336.1,520,336.19,560,336.2,840,336.49,280
2026-02-05 09:34:33,335.22,335.25,1,335.0,280,335.44,560,335.44,335.0,335.0,280,334.74,920,334.61,80,334.49,320,334.48,400,334.47,680,334.46,120,334.45,200,334.44,200,334.43,240,335.44,560,335.55,280,335.79,120,335.84,80,335.88,40,335.92,120,336.1,520,336.19,560,336.2,840,336.49,280
2026-02-05 09:34:34,335.215,335.0,1,335.0,280,335.43,80,335.43,335.0,335.0,280,334.74,920,334.61,80,334.49,320,334.48,400,334.47,680,334.46,120,334.45,200,334.44,200,334.43,240,335.43,80,335.44,560,335.55,280,335.79,120,335.84,80,335.88,40,335.92,120,336.1,520,336.19,560,336.2,840
2026-02-05 09:34:35,335.215,335.22,9,335.0,360,335.43,120,335.43,335.0,335.0,360,334.74,920,334.61,80,334.49,320,334.48,400,334.47,680,334.46,120,334.45,200,334.44,200,334.43,240,335.43,120,335.44,560,335.55,280,335.79,120,335.84,80,335.88,40,335.92,120,336.1,520,336.19,560,336.2,840
2026-02-05 09:34:36,335.215,335.22,1,335.0,400,335.43,120,335.43,335.0,335.0,400,334.74,920,334.61,80,334.49,320,334.48,400,334.47,680,334.46,120,334.45,200,334.44,200,334.43,240,335.43,120,335.44,560,335.55,280,335.79,120,335.84,80,335.88,40,335.92,120,336.1,520,336.19,560,336.2,840
2026-02-05 09:34:37,335.215,335.22,1,335.0,400,335.43,120,335.43,335.0,335.0,400,334.74,920,334.61,80,334.49,320,334.48,400,334.47,680,334.46,120,334.45,200,334.44,200,334.43,240,335.43,120,335.44,560,335.55,280,335.79,120,335.84,80,335.88,40,335.92,120,336.1,520,336.19,560,336.2,840
2026-02-05 09:34:38,335.215,335.22,1,335.0,400,335.43,200,335.43,335.0,335.0,400,334.74,920,334.61,80,334.49,320,334.48,400,334.47,680,334.46,120,334.45,200,334.44,200,334.43,240,335.43,200,335.44,560,335.55,280,335.79,120,335.84,80,335.88,40,335.92,120,336.1,520,336.19,560,336.2,840
2026-02-05 09:34:39,334.85,334.85,1,334.52,160,335.18,360,335.18,334.52,334.52,160,334.49,320,334.48,400,334.47,680,334.46,120,334.45,200,334.44,200,334.43,240,334.42,200,334.41,240,335.18,360,335.25,160,335.33,80,335.34,80,335.43,200,335.44,560,335.55,280,335.79,120,335.84,80,335.88,40
2026-02-05 09:34:40,334.85,334.85,1,334.52,160,335.18,360,335.18,334.52,334.52,160,334.49,320,334.48,400,334.47,680,334.46,120,334.45,200,334.44,200,334.43,240,334.42,200,334.41,240,335.18,360,335.25,160,335.33,80,335.34,80,335.43,200,335.44,560,335.55,280,335.79,120,335.84,80,335.88,40
2026-02-05 09:34:41,334.85,334.85,1,334.52,160,335.18,360,335.18,334.52,334.52,160,334.49,320,334.48,400,334.47,680,334.46,120,334.45,200,334.44,200,334.43,240,334.42,200,334.41,240,335.18,360,335.25,160,335.33,80,335.34,80,335.43,200,335.44,560,335.55,280,335.79,120,335.84,80,335.88,40
2026-02-05 09:34:42,334.85,334.52,6,334.52,160,335.18,520,335.18,334.52,334.52,160,334.49,320,334.48,400,334.47,680,334.46,120,334.45,200,334.44,200,334.43,240,334.42,200,334.41,240,335.18,520,335.25,160,335.33,80,335.34,80,335.43,200,335.44,560,335.55,280,335.79,120,335.84,80,335.88,40
2026-02-05 09:34:43,334.855,334.52,6,334.53,240,335.18,720,335.18,334.53,334.53,240,334.52,200,334.49,320,334.48,400,334.47,680,334.46,120,334.45,200,334.44,200,334.43,240,334.42,200,335.18,720,335.25,160,335.33,80,335.34,80,335.43,200,335.44,560,335.55,280,335.79,120,335.84,80,335.88,40
2026-02-05 09:34:44,334.855,334.52,6,334.53,320,335.18,720,335.18,334.53,334.53,320,334.52,200,334.49,320,334.48,400,334.47,680,334.46,120,334.45,200,334.44,200,334.43,240,334.42,200,335.18,720,335.25,160,335.33,80,335.34,80,335.43,200,335.44,560,335.55,280,335.79,120,335.84,80,335.88,40
2026-02-05 09:34:45,334.855,334.52,6,334.53,320,335.18,720,335.18,334.53,334.53,320,334.52,200,334.49,320,334.48,400,334.47,680,334.46,120,334.45,200,334.44,200,334.43,240,334.42,200,335.18,720,335.25,160,335.33,80,335.34,80,335.43,200,335.44,560,335.55,280,335.79,120,335.84,80,335.88,40
2026-02-05 09:34:46,334.855,334.52,6,334.53,280,335.18,720,335.18,334.53,334.53,280,334.52,200,334.49,320,334.48,400,334.47,680,334.46,120,334.45,200,334.44,200,334.43,240,334.42,200,335.18,720,335.25,160,335.33,80,335.34,80,335.43,200,335.44,560,335.55,280,335.79,120,335.84,80,335.88,40
2026-02-05 09:34:47,334.855,335.18,1,334.53,200,335.18,720,335.18,334.53,334.53,200,334.52,200,334.49,320,334.48,400,334.47,680,334.46,120,334.45,200,334.44,200,334.43,240,334.42,200,335.18,720,335.25,160,335.33,80,335.34,80,335.43,200,335.44,560,335.55,280,335.79,120,335.84,80,335.88,40
2026-02-05 09:34:48,334.85,334.86,5,334.53,480,335.17,120,335.17,334.53,334.53,480,334.52,200,334.49,320,334.48,400,334.47,680,334.46,120,334.45,200,334.44,200,334.43,240,334.42,200,335.17,120,335.18,720,335.25,160,335.33,80,335.34,80,335.43,200,335.44,560,335.55,280,335.79,120,335.84,80
2026-02-05 09:34:49,334.785,334.86,5,334.53,480,335.04,200,335.04,334.53,334.53,480,334.52,200,334.49,320,334.48,400,334.47,680,334.46,120,334.45,200,334.44,200,334.43,240,334.42,200,335.04,200,335.17,120,335.18,720,335.25,160,335.33,80,335.34,80,335.43,200,335.44,560,335.55,280,335.79,120
2026-02-05 09:34:50,334.785,334.86,5,334.53,480,335.04,200,335.04,334.53,334.53,480,334.52,200,334.49,320,334.48,400,334.47,680,334.46,120,334.45,200,334.44,200,334.43,240,334.42,200,335.04,200,335.17,120,335.18,720,335.25,160,335.33,80,335.34,80,335.43,200,335.44,560,335.55,280,335.79,120
2026-02-05 09:34:51,334.785,335.0,1,334.53,520,335.04,200,335.04,334.53,334.53,520,334.52,200,334.49,320,334.48,400,334.47,680,334.46,120,334.45,200,334.44,200,334.43,240,334.42,200,335.04,200,335.17,120,335.18,720,335.25,160,335.33,80,335.34,80,335.43,200,335.44,560,335.55,280,335.79,120
2026-02-05 09:34:52,335.04,335.07,2,334.91,200,335.17,120,335.17,334.91,334.91,200,334.78,40,334.63,40,334.53,520,334.52,200,334.49,320,334.48,400,334.47,680,334.46,120,334.45,200,335.17,120,335.18,720,335.25,160,335.33,80,335.34,80,335.43,200,335.44,560,335.55,280,335.79,120,335.84,80
2026-02-05 09:34:53,335.04,335.04,2,334.91,200,335.17,120,335.17,334.91,334.91,200,334.78,40,334.63,40,334.53,520,334.52,200,334.49,320,334.48,400,334.47,680,334.46,120,334.45,200,335.17,120,335.18,720,335.25,160,335.33,80,335.34,80,335.43,200,335.44,560,335.55,280,335.79,120,335.84,80
2026-02-05 09:34:54,334.785,334.98,1,334.53,600,335.04,160,335.04,334.53,334.53,600,334.52,200,334.49,320,334.48,400,334.47,680,334.46,120,334.45,200,334.44,200,334.43,240,334.42,200,335.04,160,335.17,120,335.18,720,335.25,160,335.33,80,335.34,80,335.43,200,335.44,560,335.55,280,335.79,120
2026-02-05 09:34:55,334.785,334.98,1,334.53,560,335.04,160,335.04,334.53,334.53,560,334.52,200,334.49,320,334.48,400,334.47,680,334.46,120,334.45,200,334.44,200,334.43,240,334.42,200,335.04,160,335.17,120,335.18,720,335.25,160,335.33,80,335.34,80,335.43,200,335.44,560,335.55,280,335.79,120
2026-02-05 09:34:56,334.785,335.04,1,334.53,560,335.04,160,335.04,334.53,334.53,560,334.52,200,334.49,320,334.48,400,334.47,680,334.46,120,334.45,200,334.44,200,334.43,240,334.42,200,335.04,160,335.17,120,335.18,720,335.25,160,335.33,80,335.34,80,335.43,200,335.44,560,335.55,280,335.79,120
2026-02-05 09:34:57,334.785,335.04,1,334.53,560,335.04,160,335.04,334.53,334.53,560,334.52,200,334.49,320,334.48,400,334.47,680,334.46,120,334.45,200,334.44,200,334.43,240,334.42,200,335.04,160,335.17,120,335.18,720,335.25,160,335.33,80,335.34,80,335.43,200,335.44,560,335.55,280,335.79,120
2026-02-05 09:34:58,334.785,335.04,1,334.53,560,335.04,160,335.04,334.53,334.53,560,334.52,200,334.49,320,334.48,400,334.47,680,334.46,120,334.45,200,334.44,200,334.43,240,334.42,200,335.04,160,335.17,120,335.18,720,335.25,160,335.33,80,335.34,80,335.43,200,335.44,560,335.55,280,335.79,120
2026-02-05 09:34:59,334.785,335.04,1,334.53,560,335.04,120,335.04,334.53,334.53,560,334.52,200,334.49,320,334.48,400,334.47,680,334.46,120,334.45,200,334.44,200,334.43,240,334.42,200,335.04,120,335.17,120,335.18,720,335.25,160,335.33,80,335.34,80,335.43,200,335.44,560,335.55,280,335.79,120
2026-02-05 09:35:00,334.785,334.71,1,334.53,560,335.04,160,335.04,334.53,334.53,560,334.52,200,334.49,320,334.48,400,334.47,680,334.46,120,334.45,200,334.44,200,334.43,240,334.42,200,335.04,160,335.17,120,335.18,720,335.25,160,335.33,80,335.34,80,335.43,200,335.44,560,335.55,280,335.79,120
2026-02-05 09:35:01,334.785,334.71,1,334.53,560,335.04,160,335.04,334.53,334.53,560,334.52,200,334.49,320,334.48,400,334.47,680,334.46,120,334.45,200,334.44,200,334.43,240,334.42,200,335.04,160,335.17,120,335.18,720,335.25,160,335.33,80,335.34,80,335.43,200,335.44,560,335.55,280,335.79,120
2026-02-05 09:35:02,334.785,334.89,7,334.53,560,335.04,280,335.04,334.53,334.53,560,334.52,200,334.49,320,334.48,400,334.47,680,334.46,120,334.45,200,334.44,200,334.43,240,334.42,200,335.04,280,335.17,120,335.18,720,335.25,160,335.33,80,335.34,80,335.43,200,335.44,560,335.55,280,335.79,120
2026-02-05 09:35:03,334.9,335.01,1,334.63,440,335.17,160,335.17,334.63,334.63,440,334.53,560,334.52,200,334.49,320,334.48,400,334.47,680,334.46,120,334.45,200,334.44,200,334.43,240,335.17,160,335.18,720,335.25,160,335.33,80,335.34,80,335.43,200,335.44,560,335.55,280,335.79,120,335.84,80
2026-02-05 09:35:04,334.75,334.84,2,334.63,400,334.87,120,334.87,334.63,334.63,400,334.53,560,334.52,200,334.49,320,334.48,400,334.47,680,334.46,120,334.45,200,334.44,200,334.43,240,334.87,120,335.04,120,335.17,160,335.18,720,335.25,160,335.33,80,335.34,80,335.43,200,335.44,560,335.55,280
2026-02-05 09:35:05,334.495,334.48,1,334.24,200,334.75,120,334.75,334.24,334.24,200,334.15,200,333.15,40,331.0,200,,,,,,,,,,,,,334.75,120,334.82,80,334.87,360,335.04,120,335.17,160,335.18,720,335.25,160,335.33,80,335.34,80,335.43,200
2026-02-05 09:35:06,334.38,334.42,1,334.11,80,334.65,80,334.65,334.11,334.11,80,334.0,80,333.15,40,331.0,200,,,,,,,,,,,,,334.65,80,334.66,120,334.67,80,334.72,80,334.75,120,334.82,80,334.87,360,335.04,120,335.17,160,335.18,720
2026-02-05 09:35:07,334.455,334.65,1,334.24,40,334.67,120,334.67,334.24,334.24,40,334.12,120,334.11,160,334.0,80,333.15,40,331.0,200,,,,,,,,,334.67,120,334.72,80,334.75,120,334.82,80,334.87,360,335.04,120,335.17,160,335.18,720,335.25,160,335.33,80
2026-02-05 09:35:08,334.455,334.46,1,334.24,240,334.67,120,334.67,334.24,334.24,240,334.12,120,334.11,160,334.0,80,333.15,40,331.0,200,,,,,,,,,334.67,120,334.72,80,334.75,120,334.82,80,334.87,360,335.04,120,335.17,160,335.18,720,335.25,160,335.33,80
2026-02-05 09:35:09,334.455,334.46,1,334.24,240,334.67,120,334.67,334.24,334.24,240,334.12,120,334.11,160,334.0,80,333.15,40,331.0,200,,,,,,,,,334.67,120,334.72,80,334.75,120,334.82,80,334.87,360,335.04,120,335.17,160,335.18,720,335.25,160,335.33,80
2026-02-05 09:35:10,334.455,334.46,1,334.24,240,334.67,120,334.67,334.24,334.24,240,334.12,120,334.11,160,334.0,80,333.15,40,331.0,200,,,,,,,,,334.67,120,334.72,80,334.75,120,334.82,80,334.87,360,335.04,120,335.17,160,335.18,720,335.25,160,335.33,80
2026-02-05 09:35:11,334.455,334.46,1,334.24,240,334.67,120,334.67,334.24,334.24,240,334.12,120,334.11,160,334.0,80,333.15,40,331.0,200,,,,,,,,,334.67,120,334.72,80,334.75,120,334.82,80,334.87,360,335.04,120,335.17,160,335.18,720,335.25,160,335.33,80
2026-02-05 09:35:12,334.455,334.46,1,334.24,280,334.67,280,334.67,334.24,334.24,280,334.12,120,334.11,160,334.0,80,333.15,40,331.0,200,,,,,,,,,334.67,280,334.72,80,334.75,120,334.82,80,334.87,360,335.04,120,335.17,160,335.18,720,335.25,160,335.33,80
2026-02-05 09:35:13,334.38,334.38,5,334.24,280,334.52,80,334.52,334.24,334.24,280,334.12,120,334.11,160,334.0,80,333.15,40,331.0,200,,,,,,,,,334.52,80,334.67,280,334.72,80,334.75,120,334.82,80,334.87,360,335.04,120,335.17,160,335.18,720,335.25,160
2026-02-05 09:35:14,334.38,334.38,5,334.24,280,334.52,80,334.52,334.24,334.24,280,334.12,120,334.11,160,334.0,80,333.15,40,331.0,200,,,,,,,,,334.52,80,334.67,280,334.72,80,334.75,120,334.82,80,334.87,360,335.04,120,335.17,160,335.18,720,335.25,160
2026-02-05 09:35:15,334.38,334.38,1,334.24,240,334.52,80,334.52,334.24,334.24,240,334.12,120,334.11,160,334.0,80,333.15,40,331.0,200,,,,,,,,,334.52,80,334.67,280,334.72,80,334.75,120,334.82,80,334.87,360,335.04,120,335.17,160,335.18,720,335.25,160
2026-02-05 09:35:16,334.38,334.38,1,334.24,240,334.52,80,334.52,334.24,334.24,240,334.12,120,334.11,160,334.0,80,333.15,40,331.0,200,,,,,,,,,334.52,80,334.67,280,334.72,80,334.75,120,334.82,80,334.87,360,335.04,120,335.17,160,335.18,720,335.25,160
2026-02-05 09:35:17,334.38,334.38,1,334.24,240,334.52,80,334.52,334.24,334.24,240,334.12,120,334.11,160,334.0,80,333.15,40,331.0,200,,,,,,,,,334.52,80,334.67,280,334.72,80,334.75,120,334.82,80,334.87,360,335.04,120,335.17,160,335.18,720,335.25,160
2026-02-05 09:35:18,334.38,334.38,1,334.24,240,334.52,80,334.52,334.24,334.24,240,334.12,120,334.11,160,334.0,80,333.15,40,331.0,200,,,,,,,,,334.52,80,334.67,280,334.72,80,334.75,120,334.82,80,334.87,360,335.04,120,335.17,160,335.18,720,335.25,160
2026-02-05 09:35:19,334.38,334.46,1,334.24,280,334.52,80,334.52,334.24,334.24,280,334.12,120,334.11,160,334.0,80,333.15,40,331.0,200,,,,,,,,,334.52,80,334.67,280,334.72,80,334.75,120,334.82,80,334.87,360,335.04,120,335.17,160,335.18,720,335.25,160
2026-02-05 09:35:20,334.455,334.52,1,334.24,320,334.67,240,334.67,334.24,334.24,320,334.12,120,334.11,160,334.0,80,333.15,40,331.0,200,,,,,,,,,334.67,240,334.72,80,334.75,120,334.82,80,334.87,360,335.04,120,335.17,160,335.18,720,335.25,160,335.33,80
2026-02-05 09:35:21,334.45,334.52,1,334.24,320,334.66,120,334.66,334.24,334.24,320,334.12,120,334.11,160,334.0,80,333.15,40,331.0,200,,,,,,,,,334.66,120,334.67,240,334.72,80,334.75,120,334.82,80,334.87,360,335.04,120,335.17,160,335.18,720,335.25,160
2026-02-05 09:35:22,334.45,334.45,2,334.24,320,334.66,120,334.66,334.24,334.24,320,334.12,120,334.11,160,334.0,80,333.15,40,331.0,200,,,,,,,,,334.66,120,334.67,240,334.72,80,334.75,120,334.82,80,334.87,360,335.04,120,335.17,160,335.18,720,335.25,160
2026-02-05 09:35:23,334.45,334.45,1,334.24,320,334.66,120,334.66,334.24,334.24,320,334.12,120,334.11,160,334.0,80,333.15,40,331.0,200,,,,,,,,,334.66,120,334.67,240,334.72,80,334.75,120,334.82,80,334.87,360,335.04,120,335.17,160,335.18,720,335.25,160
2026-02-05 09:35:24,334.45,334.45,1,334.24,320,334.66,120,334.66,334.24,334.24,320,334.12,120,334.11,160,334.0,80,333.15,40,331.0,200,,,,,,,,,334.66,120,334.67,240,334.72,80,334.75,120,334.82,80,334.87,360,335.04,120,335.17,160,335.18,720,335.25,160
2026-02-05 09:35:25,334.45,334.45,1,334.24,360,334.66,240,334.66,334.24,334.24,360,334.12,120,334.11,160,334.0,80,333.15,40,331.0,200,,,,,,,,,334.66,240,334.67,240,334.72,80,334.75,120,334.82,80,334.87,360,335.04,120,335.17,160,335.18,720,335.25,160
2026-02-05 09:35:26,334.45,334.45,1,334.24,360,334.66,240,334.66,334.24,334.24,360,334.12,120,334.11,160,334.0,80,333.15,40,331.0,200,,,,,,,,,334.66,240,334.67,240,334.72,80,334.75,120,334.82,80,334.87,360,335.04,120,335.17,160,335.18,720,335.25,160
2026-02-05 09:35:27,334.45,334.45,1,334.24,360,334.66,240,334.66,334.24,334.24,360,334.12,120,334.11,160,334.0,80,333.15,40,331.0,200,,,,,,,,,334.66,240,334.67,240,334.72,80,334.75,120,334.82,80,334.87,360,335.04,120,335.17,160,335.18,720,335.25,160
2026-02-05 09:35:28,334.45,334.45,1,334.24,360,334.66,240,334.66,334.24,334.24,360,334.12,120,334.11,160,334.0,80,333.15,40,331.0,200,,,,,,,,,334.66,240,334.67,240,334.72,80,334.75,120,334.82,80,334.87,360,335.04,120,335.17,160,335.18,720,335.25,160
2026-02-05 09:35:29,334.45,334.45,1,334.24,360,334.66,240,334.66,334.24,334.24,360,334.12,120,334.11,160,334.0,80,333.15,40,331.0,200,,,,,,,,,334.66,240,334.67,240,334.72,80,334.75,120,334.82,80,334.87,360,335.04,120,335.17,160,335.18,720,335.25,160
2026-02-05 09:35:30,334.45,334.45,1,334.24,360,334.66,520,334.66,334.24,334.24,360,334.12,120,334.11,160,334.0,80,333.15,40,331.0,200,,,,,,,,,334.66,520,334.67,240,334.72,80,334.75,120,334.82,80,334.87,360,335.04,120,335.17,160,335.18,720,335.25,160
2026-02-05 09:35:31,334.235,334.25,1,334.12,160,334.35,200,334.35,334.12,334.12,160,334.11,160,334.0,80,333.15,40,331.0,200,,,,,,,,,,,334.35,200,334.49,120,334.5,200,334.66,840,334.67,240,334.72,80,334.75,120,334.82,80,334.87,360,335.04,120
2026-02-05 09:35:32,333.99,334.17,1,333.77,240,334.21,280,334.21,333.77,333.77,240,333.15,40,331.0,200,,,,,,,,,,,,,,,334.21,280,334.34,160,334.35,200,334.49,120,334.5,200,334.66,840,334.67,240,334.72,80,334.75,120,334.82,80
2026-02-05 09:35:33,333.88,333.99,2,333.55,160,334.21,280,334.21,333.55,333.55,160,333.15,40,331.0,200,,,,,,,,,,,,,,,334.21,280,334.34,160,334.35,200,334.49,120,334.5,200,334.66,840,334.67,240,334.72,80,334.75,120,334.82,80
2026-02-05 09:35:34,334.06,334.24,2,333.78,120,334.34,160,334.34,333.78,333.78,120,333.71,80,333.6,80,333.55,160,333.15,40,331.0,200,,,,,,,,,334.34,160,334.59,40,334.6,160,334.66,840,334.67,240,334.72,80,334.75,120,334.82,80,334.87,360,335.04,120
2026-02-05 09:35:35,334.055,333.98,2,333.78,40,334.33,120,334.33,333.78,333.78,40,333.55,160,333.15,40,331.0,200,,,,,,,,,,,,,334.33,120,334.34,200,334.59,40,334.6,160,334.66,840,334.67,240,334.72,80,334.75,120,334.82,80,334.87,360
2026-02-05 09:35:36,334.055,333.98,2,333.78,80,334.33,120,334.33,333.78,333.78,80,333.55,160,333.15,40,331.0,200,,,,,,,,,,,,,334.33,120,334.34,200,334.59,40,334.6,160,334.66,840,334.67,240,334.72,80,334.75,120,334.82,80,334.87,360
2026-02-05 09:35:37,334.055,334.23,1,333.78,80,334.33,120,334.33,333.78,333.78,80,333.55,160,333.15,40,331.0,200,,,,,,,,,,,,,334.33,120,334.34,200,334.59,40,334.6,160,334.66,840,334.67,240,334.72,80,334.75,120,334.82,80,334.87,360
2026-02-05 09:35:38,334.055,334.23,1,333.78,80,334.33,120,334.33,333.78,333.78,80,333.55,160,333.15,40,331.0,200,,,,,,,,,,,,,334.33,120,334.34,200,334.59,40,334.6,160,334.66,840,334.67,240,334.72,80,334.75,120,334.82,80,334.87,360
2026-02-05 09:35:39,334.055,334.23,1,333.78,120,334.33,240,334.33,333.78,333.78,120,333.55,160,333.15,40,331.0,200,,,,,,,,,,,,,334.33,240,334.34,200,334.59,40,334.6,160,334.66,840,334.67,240,334.72,80,334.75,120,334.82,80,334.87,360
2026-02-05 09:35:40,334.055,334.23,1,333.78,120,334.33,240,334.33,333.78,333.78,120,333.55,160,333.15,40,331.0,200,,,,,,,,,,,,,334.33,240,334.34,200,334.59,40,334.6,160,334.66,840,334.67,240,334.72,80,334.75,120,334.82,80,334.87,360
2026-02-05 09:35:41,334.055,334.23,1,333.78,200,334.33,320,334.33,333.78,333.78,200,333.55,160,333.15,40,331.0,200,,,,,,,,,,,,,334.33,320,334.34,200,334.59,40,334.6,160,334.66,840,334.67,240,334.72,80,334.75,120,334.82,80,334.87,360
2026-02-05 09:35:42,334.055,334.23,1,333.78,200,334.33,320,334.33,333.78,333.78,200,333.55,160,333.15,40,331.0,200,,,,,,,,,,,,,334.33,320,334.34,200,334.59,40,334.6,160,334.66,840,334.67,240,334.72,80,334.75,120,334.82,80,334.87,360
2026-02-05 09:35:43,334.055,334.23,1,333.78,200,334.33,560,334.33,333.78,333.78,200,333.55,160,333.15,40,331.0,200,,,,,,,,,,,,,334.33,560,334.34,200,334.59,40,334.6,160,334.66,840,334.67,240,334.72,80,334.75,120,334.82,80,334.87,360
2026-02-05 09:35:44,334.08,334.23,1,333.83,80,334.33,600,334.33,333.83,333.83,80,333.78,200,333.55,160,333.15,40,331.0,200,,,,,,,,,,,334.33,600,334.34,200,334.59,40,334.6,160,334.66,840,334.67,240,334.72,80,334.75,120,334.82,80,334.87,360
2026-02-05 09:35:45,334.08,334.23,1,333.83,80,334.33,600,334.33,333.83,333.83,80,333.78,200,333.55,160,333.15,40,331.0,200,,,,,,,,,,,334.33,600,334.34,200,334.59,40,334.6,160,334.66,840,334.67,240,334.72,80,334.75,120,334.82,80,334.87,360
2026-02-05 09:35:46,334.07,334.33,3,333.81,80,334.33,560,334.33,333.81,333.81,80,333.78,200,333.55,160,333.15,40,331.0,200,,,,,,,,,,,334.33,560,334.34,200,334.59,40,334.6,160,334.66,840,334.67,240,334.72,80,334.75,120,334.82,80,334.87,360
2026-02-05 09:35:47,334.07,334.06,1,333.81,80,334.33,560,334.33,333.81,333.81,80,333.8,80,333.78,200,333.55,160,333.15,40,331.0,200,,,,,,,,,334.33,560,334.34,200,334.59,40,334.6,160,334.66,840,334.67,240,334.72,80,334.75,120,334.82,80,334.87,360
2026-02-05 09:35:49,334.07,334.06,1,333.81,80,334.33,560,334.33,333.81,333.81,80,333.8,80,333.78,200,333.55,160,333.15,40,331.0,200,,,,,,,,,334.33,560,334.34,200,334.59,40,334.6,160,334.66,840,334.67,240,334.72,80,334.75,120,334.82,80,334.87,360
2026-02-05 09:35:49,334.07,334.06,1,333.81,80,334.33,600,334.33,333.81,333.81,80,333.8,80,333.78,200,333.55,160,333.15,40,331.0,200,,,,,,,,,334.33,600,334.34,200,334.59,40,334.6,160,334.66,840,334.67,240,334.72,80,334.75,120,334.82,80,334.87,360
2026-02-05 09:35:50,334.07,334.07,1,333.81,160,334.33,640,334.33,333.81,333.81,160,333.8,80,333.78,200,333.55,160,333.15,40,331.0,200,,,,,,,,,334.33,640,334.34,200,334.59,40,334.6,160,334.66,840,334.67,240,334.72,80,334.75,120,334.82,80,334.87,360
2026-02-05 09:35:51,334.07,334.07,1,333.81,160,334.33,640,334.33,333.81,333.81,160,333.8,80,333.78,200,333.55,160,333.15,40,331.0,200,,,,,,,,,334.33,640,334.34,200,334.59,40,334.6,160,334.66,840,334.67,240,334.72,80,334.75,120,334.82,80,334.87,360
2026-02-05 09:35:52,334.11,334.07,1,333.89,80,334.33,640,334.33,333.89,333.89,80,333.81,280,333.8,80,333.78,200,333.55,160,333.15,40,331.0,200,,,,,,,334.33,640,334.34,200,334.59,40,334.6,160,334.66,840,334.67,240,334.72,80,334.75,120,334.82,80,334.87,360
2026-02-05 09:35:53,334.065,334.07,1,333.81,280,334.32,160,334.32,333.81,333.81,280,333.8,80,333.78,200,333.55,160,333.15,40,331.0,200,,,,,,,,,334.32,160,334.33,640,334.34,200,334.59,40,334.6,160,334.66,840,334.67,240,334.72,80,334.75,120,334.82,80
2026-02-05 09:35:54,334.065,334.07,1,333.81,280,334.32,160,334.32,333.81,333.81,280,333.8,80,333.78,200,333.55,160,333.15,40,331.0,200,,,,,,,,,334.32,160,334.33,640,334.34,200,334.59,40,334.6,160,334.66,840,334.67,240,334.72,80,334.75,120,334.82,80
2026-02-05 09:35:56,334.1,334.07,1,333.88,80,334.32,160,334.32,333.88,333.88,80,333.81,280,333.8,80,333.78,200,333.55,160,333.15,40,331.0,200,,,,,,,334.32,160,334.33,640,334.34,200,334.59,40,334.6,160,334.66,840,334.67,240,334.72,80,334.75,120,334.82,80
2026-02-05 09:35:57,334.1,334.07,1,333.88,200,334.32,160,334.32,333.88,333.88,200,333.81,280,333.8,80,333.78,200,333.55,160,333.15,40,331.0,200,,,,,,,334.32,160,334.33,640,334.34,200,334.59,40,334.6,160,334.66,840,334.67,240,334.72,80,334.75,120,334.82,80
2026-02-05 09:35:57,334.1,334.07,1,333.88,240,334.32,160,334.32,333.88,333.88,240,333.81,280,333.8,80,333.78,200,333.55,160,333.15,40,331.0,200,,,,,,,334.32,160,334.33,640,334.34,200,334.59,40,334.6,160,334.66,840,334.67,240,334.72,80,334.75,120,334.82,80
2026-02-05 09:35:58,334.095,334.07,1,333.88,200,334.31,80,334.31,333.88,333.88,200,333.81,280,333.8,80,333.78,200,333.55,160,333.15,40,331.0,200,,,,,,,334.31,80,334.32,160,334.33,640,334.34,200,334.59,40,334.6,160,334.66,840,334.67,240,334.72,80,334.75,120
2026-02-05 09:35:59,334.095,334.07,1,333.88,200,334.31,80,334.31,333.88,333.88,200,333.81,280,333.8,80,333.78,200,333.55,160,333.15,40,331.0,200,,,,,,,334.31,80,334.32,160,334.33,640,334.34,200,334.59,40,334.6,160,334.66,840,334.67,240,334.72,80,334.75,120
2026-02-05 09:36:01,334.095,334.07,1,333.88,280,334.31,120,334.31,333.88,333.88,280,333.81,280,333.8,80,333.78,200,333.55,160,333.15,40,331.0,200,,,,,,,334.31,120,334.32,160,334.33,640,334.34,200,334.59,40,334.6,160,334.66,840,334.67,240,334.72,80,334.75,120
2026-02-05 09:36:02,334.095,334.27,1,333.88,240,334.31,240,334.31,333.88,333.88,240,333.81,280,333.8,80,333.78,200,333.55,160,333.15,40,331.0,200,,,,,,,334.31,240,334.32,160,334.33,640,334.34,200,334.59,40,334.6,160,334.66,840,334.67,240,334.72,80,334.75,120
2026-02-05 09:36:03,333.98,333.98,3,333.88,200,334.08,120,334.08,333.88,333.88,200,333.81,280,333.8,80,333.78,200,333.55,160,333.15,40,331.0,200,,,,,,,334.08,120,334.15,160,334.16,320,334.31,280,334.32,160,334.33,640,334.34,200,334.59,40,334.6,160,334.66,840
2026-02-05 09:36:04,333.58,333.98,2,333.22,200,333.94,440,333.94,333.22,333.22,200,333.15,40,331.0,200,,,,,,,,,,,,,,,333.94,440,334.08,240,334.15,160,334.16,320,334.31,280,334.32,160,334.33,640,334.34,200,334.59,40,334.6,160
2026-02-05 09:36:05,333.695,333.98,2,333.45,80,333.94,400,333.94,333.45,333.45,80,333.22,160,333.15,40,331.0,200,,,,,,,,,,,,,333.94,400,334.08,240,334.15,160,334.16,320,334.31,280,334.32,160,334.33,640,334.34,200,334.59,40,334.6,160
2026-02-05 09:36:06,333.695,333.98,2,333.45,80,333.94,400,333.94,333.45,333.45,80,333.22,160,333.15,40,331.0,200,,,,,,,,,,,,,333.94,400,334.08,240,334.15,160,334.16,320,334.31,280,334.32,160,334.33,640,334.34,200,334.59,40,334.6,160
2026-02-05 09:36:06,333.695,333.98,2,333.45,80,333.94,400,333.94,333.45,333.45,80,333.22,160,333.15,40,331.0,200,,,,,,,,,,,,,333.94,400,334.08,240,334.15,160,334.16,320,334.31,280,334.32,160,334.33,640,334.34,200,334.59,40,334.6,160
2026-02-05 09:36:08,333.695,333.98,2,333.45,120,333.94,520,333.94,333.45,333.45,120,333.22,160,333.15,40,331.0,200,,,,,,,,,,,,,333.94,520,334.08,240,334.15,160,334.16,320,334.31,280,334.32,160,334.33,640,334.34,200,334.59,40,334.6,160
2026-02-05 09:36:09,333.845,333.77,3,333.61,120,334.08,200,334.08,333.61,333.61,120,333.6,40,333.49,80,333.45,120,333.22,160,333.15,40,331.0,200,,,,,,,334.08,200,334.15,160,334.16,320,334.31,280,334.32,160,334.33,640,334.34,200,334.59,40,334.6,160,334.66,840
2026-02-05 09:36:09,333.725,333.77,3,333.45,200,334.0,120,334.0,333.45,333.45,200,333.22,160,333.15,40,331.0,200,,,,,,,,,,,,,334.0,120,334.08,200,334.15,160,334.16,320,334.31,280,334.32,160,334.33,640,334.34,200,334.59,40,334.6,160
2026-02-05 09:36:11,333.84,333.91,1,333.62,80,334.06,160,334.06,333.62,333.62,80,333.57,80,333.45,200,333.22,160,333.15,40,331.0,200,,,,,,,,,334.06,160,334.08,200,334.15,160,334.16,320,334.31,280,334.32,160,334.33,640,334.34,200,334.59,40,334.6,160
2026-02-05 09:36:12,333.84,333.91,1,333.62,80,334.06,160,334.06,333.62,333.62,80,333.57,80,333.45,200,333.22,160,333.15,40,331.0,200,,,,,,,,,334.06,160,334.08,200,334.15,160,334.16,320,334.31,280,334.32,160,334.33,640,334.34,200,334.59,40,334.6,160
2026-02-05 09:36:13,333.81,333.91,10,333.56,80,334.06,240,334.06,333.56,333.56,80,333.55,80,333.24,40,333.22,160,333.15,40,331.0,200,,,,,,,,,334.06,240,334.08,200,334.15,160,334.16,320,334.31,280,334.32,160,334.33,640,334.34,200,334.59,40,334.6,160
2026-02-05 09:36:13,333.825,333.91,10,333.59,120,334.06,240,334.06,333.59,333.59,120,333.56,80,333.55,80,333.24,40,333.22,160,333.15,40,331.0,200,,,,,,,334.06,240,334.08,200,334.15,160,334.16,320,334.31,280,334.32,160,334.33,640,334.34,200,334.59,40,334.6,160
2026-02-05 09:36:15,333.825,333.91,10,333.59,40,334.06,280,334.06,333.59,333.59,40,333.56,80,333.55,80,333.24,40,333.22,160,333.15,40,331.0,200,,,,,,,334.06,280,334.08,200,334.15,160,334.16,320,334.31,280,334.32,160,334.33,640,334.34,200,334.59,40,334.6,160
2026-02-05 09:36:16,333.825,333.91,10,333.59,40,334.06,280,334.06,333.59,333.59,40,333.56,80,333.55,80,333.24,40,333.22,160,333.15,40,331.0,200,,,,,,,334.06,280,334.08,200,334.15,160,334.16,320,334.31,280,334.32,160,334.33,640,334.34,200,334.59,40,334.6,160
2026-02-05 09:36:17,333.845,334.06,1,333.63,160,334.06,280,334.06,333.63,333.63,160,333.59,40,333.56,80,333.55,80,333.24,40,333.22,160,333.15,40,331.0,200,,,,,334.06,280,334.08,200,334.15,160,334.16,320,334.31,280,334.32,160,334.33,640,334.34,200,334.59,40,334.6,160
2026-02-05 09:36:18,333.87,334.05,2,333.69,80,334.05,40,334.05,333.69,333.69,80,333.63,120,333.59,40,333.56,80,333.55,80,333.24,40,333.22,160,333.15,40,331.0,200,,,334.05,40,334.06,280,334.08,200,334.15,160,334.16,320,334.31,280,334.32,160,334.33,640,334.34,200,334.59,40
2026-02-05 09:36:19,333.95,334.06,1,333.83,40,334.07,40,334.07,333.83,333.83,40,333.69,80,333.63,120,333.59,40,333.56,80,333.55,80,333.24,40,333.22,160,333.15,40,331.0,200,334.07,40,334.08,200,334.15,160,334.16,320,334.31,280,334.32,160,334.33,640,334.34,200,334.59,40,334.6,160
2026-02-05 09:36:20,333.885,334.06,1,333.7,80,334.07,40,334.07,333.7,333.7,80,333.63,120,333.59,40,333.56,80,333.55,80,333.24,40,333.22,160,333.15,40,331.0,200,,,334.07,40,334.08,200,334.15,160,334.16,320,334.31,280,334.32,160,334.33,640,334.34,200,334.59,40,334.6,160
2026-02-05 09:36:21,333.85,334.06,1,333.63,80,334.07,200,334.07,333.63,333.63,80,333.59,40,333.56,80,333.55,80,333.24,40,333.22,160,333.15,40,331.0,200,,,,,334.07,200,334.08,200,334.15,160,334.16,320,334.31,280,334.32,160,334.33,640,334.34,200,334.59,40,334.6,160
2026-02-05 09:36:22,333.795,333.99,1,333.59,120,334.0,240,334.0,333.59,333.59,120,333.56,80,333.55,80,333.24,40,333.22,160,333.15,40,331.0,200,,,,,,,334.0,240,334.04,160,334.07,200,334.08,200,334.15,160,334.16,320,334.31,280,334.32,160,334.33,640,334.34,200
2026-02-05 09:36:23,333.795,333.99,1,333.59,120,334.0,240,334.0,333.59,333.59,120,333.56,80,333.55,80,333.24,40,333.22,160,333.15,40,331.0,200,,,,,,,334.0,240,334.04,160,334.07,200,334.08,200,334.15,160,334.16,320,334.31,280,334.32,160,334.33,640,334.34,200
2026-02-05 09:36:24,333.795,334.0,1,333.59,200,334.0,80,334.0,333.59,333.59,200,333.56,80,333.55,80,333.24,40,333.22,160,333.15,40,331.0,200,,,,,,,334.0,80,334.04,160,334.07,200,334.08,200,334.15,160,334.16,320,334.31,280,334.32,160,334.33,640,334.34,200
2026-02-05 09:36:25,333.625,333.8,4,333.25,160,334.0,80,334.0,333.25,333.25,160,333.24,40,333.22,160,333.15,40,331.0,200,,,,,,,,,,,334.0,80,334.04,160,334.07,200,334.08,200,334.15,160,334.16,320,334.31,280,334.32,160,334.33,640,334.34,200
2026-02-05 09:36:26,333.72,333.8,4,333.44,80,334.0,240,334.0,333.44,333.44,80,333.43,80,333.25,120,333.24,40,333.22,160,333.15,40,331.0,200,,,,,,,334.0,240,334.04,160,334.07,200,334.08,200,334.15,160,334.16,320,334.31,280,334.32,160,334.33,640,334.34,200
2026-02-05 09:36:27,333.625,333.8,4,333.25,160,334.0,240,334.0,333.25,333.25,160,333.24,40,333.22,160,333.15,40,331.0,200,,,,,,,,,,,334.0,240,334.04,160,334.07,200,334.08,200,334.15,160,334.16,320,334.31,280,334.32,160,334.33,640,334.34,200
2026-02-05 09:36:28,333.745,333.8,4,333.49,80,334.0,320,334.0,333.49,333.49,80,333.41,80,333.25,120,333.24,40,333.22,160,333.15,40,331.0,200,,,,,,,334.0,320,334.04,160,334.07,200,334.08,200,334.15,160,334.16,320,334.31,280,334.32,160,334.33,640,334.34,200
2026-02-05 09:36:29,333.745,333.8,4,333.49,120,334.0,320,334.0,333.49,333.49,120,333.41,80,333.25,120,333.24,40,333.22,160,333.15,40,331.0,200,,,,,,,334.0,320,334.04,160,334.07,200,334.08,200,334.15,160,334.16,320,334.31,280,334.32,160,334.33,640,334.34,200
2026-02-05 09:36:30,333.745,333.8,4,333.49,120,334.0,320,334.0,333.49,333.49,120,333.41,80,333.25,120,333.24,40,333.22,160,333.15,40,331.0,200,,,,,,,334.0,320,334.04,160,334.07,200,334.08,200,334.15,160,334.16,320,334.31,280,334.32,160,334.33,640,334.34,200
2026-02-05 09:36:31,333.755,333.8,4,333.51,80,334.0,320,334.0,333.51,333.51,80,333.49,120,333.41,80,333.25,120,333.24,40,333.22,160,333.15,40,331.0,200,,,,,334.0,320,334.04,160,334.07,200,334.08,200,334.15,160,334.16,320,334.31,280,334.32,160,334.33,640,334.34,200
2026-02-05 09:36:32,334.005,333.93,1,333.85,40,334.16,200,334.16,333.85,333.85,40,333.5,40,333.49,120,333.41,80,333.25,120,333.24,40,333.22,160,333.15,40,331.0,200,,,334.16,200,334.31,280,334.32,160,334.33,640,334.34,200,334.59,40,334.6,160,334.66,840,334.67,240,334.72,80
2026-02-05 09:36:33,334.005,333.93,1,333.85,40,334.16,200,334.16,333.85,333.85,40,333.5,40,333.49,120,333.41,80,333.25,120,333.24,40,333.22,160,333.15,40,331.0,200,,,334.16,200,334.31,280,334.32,160,334.33,640,334.34,200,334.59,40,334.6,160,334.66,840,334.67,240,334.72,80
2026-02-05 09:36:34,334.12,334.16,1,334.08,80,334.16,120,334.16,333.91,334.08,80,334.04,80,333.85,120,333.5,40,333.49,120,333.41,80,333.25,120,333.24,40,333.22,160,333.15,40,334.16,80,334.22,40,334.31,280,334.32,160,334.33,640,334.34,200,334.59,40,334.6,160,334.66,840,334.67,240
2026-02-05 09:36:35,334.4,334.16,1,334.14,40,334.66,720,334.66,334.14,334.14,40,334.13,40,334.1,120,334.06,40,334.0,40,333.93,120,333.92,40,333.91,80,333.87,80,333.85,160,334.66,720,334.67,240,334.72,80,334.75,120,334.82,80,334.87,360,335.04,120,335.17,160,335.18,720,335.25,160
2026-02-05 09:36:36,334.4,334.4,2,334.14,160,334.66,640,334.66,334.14,334.14,160,334.13,40,334.1,120,334.06,40,334.0,40,333.93,120,333.92,40,333.91,80,333.87,80,333.85,160,334.66,640,334.67,240,334.72,80,334.75,120,334.82,80,334.87,360,335.04,120,335.17,160,335.18,720,335.25,160
2026-02-05 09:36:37,334.23,334.32,1,333.92,80,334.54,200,334.54,333.92,333.92,80,333.85,120,333.5,40,333.49,120,333.41,80,333.25,120,333.24,40,333.22,160,333.15,40,331.0,200,334.54,200,334.66,760,334.67,240,334.72,80,334.75,120,334.82,80,334.87,360,335.04,120,335.17,160,335.18,720
2026-02-05 09:36:38,334.195,334.32,1,333.85,120,334.54,200,334.54,333.85,333.85,120,333.5,40,333.49,120,333.41,80,333.25,120,333.24,40,333.22,160,333.15,40,331.0,200,,,334.54,200,334.66,760,334.67,240,334.72,80,334.75,120,334.82,80,334.87,360,335.04,120,335.17,160,335.18,720
