sim_time,mid_price,last_price,last_size,best_bid_price,best_bid_size,best_ask_price,best_ask_size,close_price_buy,close_price_sell,bid1_price,bid1_size,bid2_price,bid2_size,bid3_price,bid3_size,bid4_price,bid4_size,bid5_price,bid5_size,bid6_price,bid6_size,bid7_price,bid7_size,bid8_price,bid8_size,bid9_price,bid9_size,bid10_price,bid10_size,ask1_price,ask1_size,ask2_price,ask2_size,ask3_price,ask3_size,ask4_price,ask4_size,ask5_price,ask5_size,ask6_price,ask6_size,ask7_price,ask7_size,ask8_price,ask8_size,ask9_price,ask9_size,ask10_price,ask10_size
2020-10-29 09:30:27,183.06,0.0,0,182.88,1,183.24,5,183.24,182.88,182.88,1,182.86,2,182.12,1,182.11,5,,,,,,,,,,,,,183.24,5,183.39,3,183.4,2,183.43,2,183.67,3,,,,,,,,,,
2020-10-29 09:30:28,183.005,183.0,1,182.88,1,183.13,4,183.13,182.88,182.88,1,182.86,2,182.12,1,182.11,5,,,,,,,,,,,,,183.13,4,183.24,5,183.39,3,183.4,2,183.43,2,183.67,3,,,,,,,,
2020-10-29 09:30:29,183.005,183.0,1,182.88,1,183.13,4,183.13,182.88,182.88,1,182.86,2,182.12,1,182.11,5,,,,,,,,,,,,,183.13,4,183.24,5,183.39,3,183.4,2,183.43,2,183.67,3,,,,,,,,
2020-10-29 09:30:30,183.005,183.0,1,182.88,1,183.13,4,183.13,182.88,182.88,1,182.86,2,182.12,1,182.11,5,,,,,,,,,,,,,183.13,4,183.24,5,183.39,3,183.4,2,183.43,2,183.67,3,,,,,,,,
2020-10-29 09:30:31,182.99,183.0,1,182.88,1,183.1,3,183.1,182.88,182.88,1,182.86,2,182.12,1,182.11,5,,,,,,,,,,,,,183.1,3,183.13,4,183.24,5,183.39,3,183.4,2,183.43,2,183.67,3,,,,,,
2020-10-29 09:30:32,182.99,183.0,2,182.88,1,183.1,3,183.1,182.88,182.88,1,182.86,2,182.12,1,182.11,5,,,,,,,,,,,,,183.1,3,183.13,4,183.24,5,183.39,3,183.4,2,183.43,2,183.67,3,,,,,,
2020-10-29 09:30:34,182.99,183.0,1,182.88,1,183.1,3,183.1,182.88,182.88,1,182.86,2,182.12,1,182.11,5,,,,,,,,,,,,,183.1,3,183.13,4,183.24,5,183.39,3,183.4,2,183.43,2,183.67,3,,,,,,
2020-10-29 09:30:34,182.99,183.0,1,182.88,1,183.1,3,183.1,182.88,182.88,1,182.86,2,182.12,1,182.11,5,,,,,,,,,,,,,183.1,3,183.13,4,183.24,5,183.39,3,183.4,2,183.43,2,183.67,3,,,,,,
2020-10-29 09:30:35,182.955,183.0,1,182.88,1,183.03,2,183.03,182.88,182.88,1,182.86,2,182.12,1,182.11,5,,,,,,,,,,,,,183.03,2,183.1,3,183.13,4,183.24,5,183.39,3,183.4,2,183.43,2,183.67,3,,,,
2020-10-29 09:30:36,183.005,183.0,1,182.88,1,183.13,4,183.13,182.88,182.88,1,182.86,2,182.12,1,182.11,5,,,,,,,,,,,,,183.13,4,183.24,5,183.39,3,183.4,2,183.43,2,183.67,3,,,,,,,,
2020-10-29 09:30:37,183.005,183.0,1,182.88,1,183.13,4,183.13,182.88,182.88,1,182.86,2,182.12,1,182.11,5,,,,,,,,,,,,,183.13,4,183.24,5,183.39,3,183.4,2,183.43,2,183.67,3,,,,,,,,
2020-10-29 09:30:38,183.005,183.0,1,182.88,1,183.13,4,183.13,182.88,182.88,1,182.86,2,182.12,1,182.11,5,,,,,,,,,,,,,183.13,4,183.24,5,183.39,3,183.4,2,183.43,2,183.67,3,,,,,,,,
2020-10-29 09:30:39,183.005,183.0,1,182.88,1,183.13,4,183.13,182.88,182.88,1,182.86,2,182.12,1,182.11,5,,,,,,,,,,,,,183.13,4,183.24,5,183.39,3,183.4,2,183.43,2,183.67,3,,,,,,,,
2020-10-29 09:30:40,183.05,183.0,2,182.97,2,183.13,4,183.13,182.97,182.97,2,182.88,1,182.86,2,182.12,1,182.11,5,,,,,,,,,,,183.13,4,183.24,5,183.39,3,183.4,2,183.43,2,183.67,3,,,,,,,,
2020-10-29 09:30:41,183.05,183.0,2,182.97,2,183.13,4,183.13,182.97,182.97,2,182.88,1,182.86,2,182.12,1,182.11,5,,,,,,,,,,,183.13,4,183.24,5,183.39,3,183.4,2,183.43,2,183.67,3,,,,,,,,
2020-10-29 09:30:42,183.05,183.0,2,182.97,2,183.13,4,183.13,182.97,182.97,2,182.88,1,182.86,2,182.12,1,182.11,5,,,,,,,,,,,183.13,4,183.24,5,183.39,3,183.4,2,183.43,2,183.67,3,,,,,,,,
2020-10-29 09:30:43,183.05,183.0,2,182.97,2,183.13,4,183.13,182.97,182.97,2,182.88,1,182.86,2,182.12,1,182.11,5,,,,,,,,,,,183.13,4,183.24,5,183.39,3,183.4,2,183.43,2,183.67,3,,,,,,,,
2020-10-29 09:30:44,183.05,183.0,1,182.97,1,183.13,4,183.13,182.97,182.97,1,182.88,1,182.86,2,182.12,1,182.11,5,,,,,,,,,,,183.13,4,183.24,5,183.39,3,183.4,2,183.43,2,183.67,3,,,,,,,,
2020-10-29 09:30:46,182.89,183.04,1,182.65,1,183.13,4,183.13,182.65,182.65,1,182.12,1,182.11,5,,,,,,,,,,,,,,,183.13,4,183.24,5,183.39,3,183.4,2,183.43,2,183.67,3,,,,,,,,
2020-10-29 09:30:46,182.89,183.04,1,182.65,1,183.13,4,183.13,182.65,182.65,1,182.12,1,182.11,5,,,,,,,,,,,,,,,183.13,4,183.24,5,183.39,3,183.4,2,183.43,2,183.67,3,,,,,,,,
2020-10-29 09:30:47,182.89,183.04,1,182.65,1,183.13,4,183.13,182.65,182.65,1,182.12,1,182.11,5,,,,,,,,,,,,,,,183.13,4,183.24,5,183.39,3,183.4,2,183.43,2,183.67,3,,,,,,,,
2020-10-29 09:30:49,182.89,183.0,1,182.65,1,183.13,4,183.13,182.65,182.65,1,182.12,1,182.11,5,,,,,,,,,,,,,,,183.13,4,183.24,5,183.39,3,183.4,2,183.43,2,183.67,3,,,,,,,,
2020-10-29 09:30:49,182.89,183.0,1,182.65,1,183.13,4,183.13,182.65,182.65,1,182.12,1,182.11,5,,,,,,,,,,,,,,,183.13,4,183.24,5,183.39,3,183.4,2,183.43,2,183.67,3,,,,,,,,
2020-10-29 09:30:50,182.89,183.0,1,182.65,1,183.13,4,183.13,182.65,182.65,1,182.12,1,182.11,5,,,,,,,,,,,,,,,183.13,4,183.24,5,183.39,3,183.4,2,183.43,2,183.67,3,,,,,,,,
2020-10-29 09:30:51,183.05,183.0,1,182.97,2,183.13,4,183.13,182.97,182.97,2,182.65,1,182.12,1,182.11,5,,,,,,,,,,,,,183.13,4,183.24,5,183.39,3,183.4,2,183.43,2,183.67,3,,,,,,,,
2020-10-29 09:30:52,183.05,183.0,1,182.97,2,183.13,4,183.13,182.97,182.97,2,182.65,1,182.12,1,182.11,5,,,,,,,,,,,,,183.13,4,183.24,5,183.39,3,183.4,2,183.43,2,183.67,3,,,,,,,,
2020-10-29 09:30:54,182.965,183.0,3,182.8,2,183.13,4,183.13,182.8,182.8,2,182.65,1,182.12,1,182.11,5,,,,,,,,,,,,,183.13,4,183.24,5,183.39,3,183.4,2,183.43,2,183.67,3,,,,,,,,
2020-10-29 09:30:55,182.965,183.0,3,182.8,2,183.13,4,183.13,182.8,182.8,2,182.65,1,182.12,1,182.11,5,,,,,,,,,,,,,183.13,4,183.24,5,183.39,3,183.4,2,183.43,2,183.67,3,,,,,,,,
2020-10-29 09:30:55,182.965,183.0,1,182.8,2,183.13,4,183.13,182.8,182.8,2,182.65,1,182.12,1,182.11,5,,,,,,,,,,,,,183.13,4,183.24,5,183.39,3,183.4,2,183.43,2,183.67,3,,,,,,,,
2020-10-29 09:30:57,182.965,183.0,1,182.8,3,183.13,4,183.13,182.8,182.8,3,182.65,1,182.12,1,182.11,5,,,,,,,,,,,,,183.13,4,183.24,5,183.39,3,183.4,2,183.43,2,183.67,3,,,,,,,,
2020-10-29 09:30:58,182.965,183.0,1,182.8,3,183.13,4,183.13,182.8,182.8,3,182.65,1,182.12,1,182.11,5,,,,,,,,,,,,,183.13,4,183.24,5,183.39,3,183.4,2,183.43,2,183.67,3,,,,,,,,
2020-10-29 09:30:59,182.965,183.0,1,182.8,3,183.13,4,183.13,182.8,182.8,3,182.65,1,182.12,1,182.11,5,,,,,,,,,,,,,183.13,4,183.24,5,183.39,3,183.4,2,183.43,2,183.67,3,,,,,,,,
2020-10-29 09:31:00,182.965,182.8,1,182.8,3,183.13,4,183.13,182.8,182.8,3,182.65,1,182.12,1,182.11,5,,,,,,,,,,,,,183.13,4,183.24,5,183.39,3,183.4,2,183.43,2,183.67,3,,,,,,,,
2020-10-29 09:31:01,182.965,182.8,1,182.8,3,183.13,4,183.13,182.8,182.8,3,182.65,1,182.12,1,182.11,5,,,,,,,,,,,,,183.13,4,183.24,5,183.39,3,183.4,2,183.43,2,183.67,3,,,,,,,,
2020-10-29 09:31:02,182.965,182.8,1,182.8,3,183.13,4,183.13,182.8,182.8,3,182.65,1,182.12,1,182.11,5,,,,,,,,,,,,,183.13,4,183.24,5,183.39,3,183.4,2,183.43,2,183.67,3,,,,,,,,
2020-10-29 09:31:02,182.965,182.8,1,182.8,3,183.13,4,183.13,182.8,182.8,3,182.65,1,182.12,1,182.11,5,,,,,,,,,,,,,183.13,4,183.24,5,183.39,3,183.4,2,183.43,2,183.67,3,,,,,,,,
2020-10-29 09:31:04,182.965,183.0,1,182.8,3,183.13,4,183.13,182.8,182.8,3,182.65,1,182.12,1,182.11,5,,,,,,,,,,,,,183.13,4,183.24,5,183.39,3,183.4,2,183.43,2,183.67,3,,,,,,,,
2020-10-29 09:31:05,182.965,183.0,1,182.8,3,183.13,4,183.13,182.8,182.8,3,182.65,1,182.12,1,182.11,5,,,,,,,,,,,,,183.13,4,183.24,5,183.39,3,183.4,2,183.43,2,183.67,3,,,,,,,,
2020-10-29 09:31:06,182.965,183.0,1,182.8,3,183.13,4,183.13,182.8,182.8,3,182.65,1,182.12,1,182.11,5,,,,,,,,,,,,,183.13,4,183.24,5,183.39,3,183.4,2,183.43,2,183.67,3,,,,,,,,
2020-10-29 09:31:07,183.02,183.1,1,182.91,3,183.13,4,183.13,182.91,182.91,3,182.8,3,182.65,1,182.12,1,182.11,5,,,,,,,,,,,183.13,4,183.24,5,183.39,3,183.4,2,183.43,2,183.67,3,,,,,,,,
2020-10-29 09:31:08,183.02,183.0,1,182.91,3,183.13,4,183.13,182.91,182.91,3,182.8,3,182.65,1,182.12,1,182.11,5,,,,,,,,,,,183.13,4,183.24,5,183.39,3,183.4,2,183.43,2,183.67,3,,,,,,,,
2020-10-29 09:31:09,183.02,182.97,1,182.91,3,183.13,4,183.13,182.91,182.91,3,182.8,3,182.65,1,182.12,1,182.11,5,,,,,,,,,,,183.13,4,183.24,5,183.39,3,183.4,2,183.43,2,183.67,3,,,,,,,,
2020-10-29 09:31:10,183.02,182.97,1,182.91,3,183.13,4,183.13,182.91,182.91,3,182.8,3,182.65,1,182.12,1,182.11,5,,,,,,,,,,,183.13,4,183.24,5,183.39,3,183.4,2,183.43,2,183.67,3,,,,,,,,
2020-10-29 09:31:11,183.02,182.97,1,182.91,3,183.13,4,183.13,182.91,182.91,3,182.8,3,182.65,1,182.12,1,182.11,5,,,,,,,,,,,183.13,4,183.24,5,183.39,3,183.4,2,183.43,2,183.67,3,,,,,,,,
2020-10-29 09:31:12,183.02,183.0,2,182.91,3,183.13,4,183.13,182.91,182.91,3,182.8,3,182.65,1,182.12,1,182.11,5,,,,,,,,,,,183.13,4,183.24,5,183.39,3,183.4,2,183.43,2,183.67,3,,,,,,,,
2020-10-29 09:31:13,183.02,183.0,2,182.91,3,183.13,4,183.13,182.91,182.91,3,182.8,3,182.65,1,182.12,1,182.11,5,,,,,,,,,,,183.13,4,183.24,5,183.39,3,183.4,2,183.43,2,183.67,3,,,,,,,,
2020-10-29 09:31:14,183.02,183.0,2,182.91,3,183.13,4,183.13,182.91,182.91,3,182.8,3,182.65,1,182.12,1,182.11,5,,,,,,,,,,,183.13,4,183.24,5,183.39,3,183.4,2,183.43,2,183.67,3,,,,,,,,
2020-10-29 09:31:15,183.02,183.0,2,182.91,3,183.13,4,183.13,182.91,182.91,3,182.8,3,182.65,1,182.12,1,182.11,5,,,,,,,,,,,183.13,4,183.24,5,183.39,3,183.4,2,183.43,2,183.67,3,,,,,,,,
2020-10-29 09:31:16,183.02,183.0,1,182.91,3,183.13,9,183.13,182.91,182.91,3,182.8,3,182.65,1,182.12,1,182.11,5,,,,,,,,,,,183.13,9,183.24,5,183.39,3,183.4,2,183.43,2,183.67,3,,,,,,,,
2020-10-29 09:31:17,183.02,183.0,3,182.91,3,183.13,9,183.13,182.91,182.91,3,182.8,3,182.65,1,182.12,1,182.11,5,,,,,,,,,,,183.13,9,183.24,5,183.39,3,183.4,2,183.43,2,183.67,3,,,,,,,,
2020-10-29 09:31:18,183.02,183.0,1,182.91,3,183.13,9,183.13,182.91,182.91,3,182.8,3,182.65,1,182.12,1,182.11,5,,,,,,,,,,,183.13,9,183.24,5,183.39,3,183.4,2,183.43,2,183.67,3,,,,,,,,
2020-10-29 09:31:19,183.02,183.0,1,182.91,3,183.13,9,183.13,182.91,182.91,3,182.8,3,182.65,1,182.12,1,182.11,5,,,,,,,,,,,183.13,9,183.24,5,183.39,3,183.4,2,183.43,2,183.67,3,,,,,,,,
2020-10-29 09:31:20,183.015,183.0,1,182.91,1,183.12,2,183.12,182.91,182.91,1,182.8,1,182.65,1,182.12,1,182.11,5,,,,,,,,,,,183.12,2,183.13,9,183.24,5,183.39,3,183.4,2,183.43,2,183.67,3,,,,,,
2020-10-29 09:31:21,183.015,183.0,1,182.91,2,183.12,2,183.12,182.91,182.91,2,182.8,1,182.65,1,182.12,1,182.11,5,,,,,,,,,,,183.12,2,183.13,9,183.24,5,183.39,3,183.4,2,183.43,2,183.67,3,,,,,,
2020-10-29 09:31:22,183.015,182.91,1,182.91,3,183.12,2,183.12,182.91,182.91,3,182.8,1,182.65,1,182.12,1,182.11,5,,,,,,,,,,,183.12,2,183.13,9,183.24,5,183.39,3,183.4,2,183.43,2,183.67,3,,,,,,
2020-10-29 09:31:23,183.015,182.91,1,182.91,3,183.12,2,183.12,182.91,182.91,3,182.8,1,182.65,1,182.12,1,182.11,5,,,,,,,,,,,183.12,2,183.13,9,183.24,5,183.39,3,183.4,2,183.43,2,183.67,3,,,,,,
2020-10-29 09:31:24,183.015,182.91,1,182.91,3,183.12,2,183.12,182.91,182.91,3,182.8,1,182.65,1,182.12,1,182.11,5,,,,,,,,,,,183.12,2,183.13,9,183.24,5,183.39,3,183.4,2,183.43,2,183.67,3,,,,,,
2020-10-29 09:31:25,183.015,182.91,2,182.91,3,183.12,2,183.12,182.91,182.91,3,182.8,1,182.65,1,182.12,1,182.11,5,,,,,,,,,,,183.12,2,183.13,9,183.24,5,183.39,3,183.4,2,183.43,2,183.67,3,,,,,,
2020-10-29 09:31:26,183.015,183.04,1,182.92,2,183.11,6,183.11,182.92,182.92,2,182.91,7,182.84,2,182.8,3,182.73,1,182.65,1,182.12,1,182.11,5,,,,,183.11,6,183.12,12,183.13,9,183.24,5,183.39,3,183.4,2,183.43,2,183.67,3,,,,
2020-10-29 09:31:27,182.865,182.64,2,182.63,7,183.1,2,183.1,182.63,182.63,7,182.62,7,182.61,2,182.12,1,182.11,5,,,,,,,,,,,183.1,2,183.11,12,183.12,12,183.13,9,183.24,5,183.39,3,183.4,2,183.43,2,183.67,3,,
2020-10-29 09:31:28,182.865,182.65,1,182.63,14,183.1,4,183.1,182.63,182.63,14,182.62,7,182.61,2,182.12,1,182.11,5,,,,,,,,,,,183.1,4,183.11,12,183.12,12,183.13,9,183.24,5,183.39,3,183.4,2,183.43,2,183.67,3,,
2020-10-29 09:31:29,182.88,182.79,1,182.77,8,182.99,3,182.99,182.77,182.77,8,182.63,14,182.62,7,182.61,2,182.12,1,182.11,5,,,,,,,,,182.99,3,183.0,1,183.06,3,183.09,7,183.1,8,183.11,12,183.12,12,183.13,9,183.24,5,183.39,3
2020-10-29 09:31:30,182.85,182.77,1,182.77,7,182.93,2,182.93,182.77,182.77,7,182.63,14,182.62,7,182.61,2,182.12,1,182.11,5,,,,,,,,,182.93,2,182.97,3,183.0,3,183.06,3,183.09,7,183.1,8,183.11,12,183.12,12,183.13,9,183.24,5
2020-10-29 09:31:31,182.835,182.84,1,182.77,12,182.9,4,182.9,182.77,182.77,12,182.63,14,182.62,7,182.61,2,182.12,1,182.11,5,,,,,,,,,182.9,4,182.94,3,182.97,3,183.0,3,183.06,3,183.09,7,183.1,8,183.11,12,183.12,12,183.13,9
2020-10-29 09:31:32,183.06,182.99,1,182.99,7,183.13,9,183.13,182.99,182.99,7,182.97,2,182.87,2,182.77,18,182.63,14,182.62,7,182.61,2,182.12,1,182.11,5,,,183.13,9,183.24,5,183.39,3,183.4,2,183.43,2,183.67,3,,,,,,,,
2020-10-29 09:31:33,183.195,183.2,1,183.14,2,183.25,10,183.25,183.14,183.14,2,183.09,21,183.05,4,183.02,2,182.99,10,182.97,2,182.87,2,182.77,18,182.63,14,182.62,7,183.25,10,183.39,3,183.4,2,183.43,2,183.67,3,,,,,,,,,,
2020-10-29 09:31:34,183.525,183.43,5,183.43,7,183.62,6,183.62,183.43,183.43,7,183.4,2,183.37,1,183.34,2,183.3,7,183.27,2,183.24,2,183.19,3,183.15,1,183.14,7,183.62,6,183.67,3,,,,,,,,,,,,,,,,
2020-10-29 09:31:35,183.79,183.74,1,183.74,3,183.84,2,183.84,183.74,183.74,3,183.69,2,183.57,1,183.55,1,183.54,1,183.48,13,183.43,9,183.4,2,183.37,1,183.34,2,183.84,2,183.85,1,,,,,,,,,,,,,,,,
2020-10-29 09:31:36,183.71,183.61,1,183.56,12,183.86,6,183.86,183.56,183.56,12,183.55,17,183.54,1,183.48,13,183.43,9,183.4,2,183.37,1,183.34,2,183.3,7,183.27,2,183.86,6,183.9,4,,,,,,,,,,,,,,,,
2020-10-29 09:31:37,183.705,183.56,1,183.56,14,183.85,3,183.85,183.56,183.56,14,183.55,17,183.54,1,183.48,13,183.43,9,183.4,2,183.37,1,183.34,2,183.3,7,183.27,2,183.85,3,183.86,6,183.9,4,,,,,,,,,,,,,,
2020-10-29 09:31:38,183.73,183.56,1,183.61,5,183.85,3,183.85,183.61,183.61,5,183.6,23,183.59,25,183.58,23,183.57,9,183.56,15,183.55,17,183.54,1,183.48,13,183.43,9,183.85,3,183.86,6,183.9,4,,,,,,,,,,,,,,
2020-10-29 09:31:39,183.73,183.56,1,183.61,15,183.85,3,183.85,183.61,183.61,15,183.6,23,183.59,25,183.58,23,183.57,9,183.56,15,183.55,17,183.54,1,183.48,13,183.43,9,183.85,3,183.86,6,183.9,4,,,,,,,,,,,,,,
2020-10-29 09:31:40,183.73,183.85,5,183.61,11,183.85,3,183.85,183.61,183.61,11,183.6,23,183.59,25,183.58,23,183.57,9,183.56,15,183.55,17,183.54,1,183.48,13,183.43,9,183.85,3,183.86,6,183.9,4,,,,,,,,,,,,,,
2020-10-29 09:31:41,183.735,183.62,1,183.62,6,183.85,3,183.85,183.62,183.62,6,183.61,14,183.6,23,183.59,25,183.58,23,183.57,9,183.56,15,183.55,17,183.54,1,183.48,13,183.85,3,183.86,6,183.9,4,,,,,,,,,,,,,,
2020-10-29 09:31:42,183.735,183.62,1,183.62,6,183.85,3,183.85,183.62,183.62,6,183.61,14,183.6,23,183.59,25,183.58,23,183.57,9,183.56,15,183.55,17,183.54,1,183.48,13,183.85,3,183.86,6,183.9,4,,,,,,,,,,,,,,
2020-10-29 09:31:43,183.735,183.65,1,183.62,10,183.85,3,183.85,183.62,183.62,10,183.61,14,183.6,23,183.59,25,183.58,23,183.57,9,183.56,15,183.55,17,183.54,1,183.48,13,183.85,3,183.86,6,183.9,4,,,,,,,,,,,,,,
2020-10-29 09:31:44,183.56,183.56,1,183.46,3,183.66,3,183.66,183.46,183.46,3,183.43,9,183.4,2,183.37,1,183.34,2,183.3,7,183.27,2,183.24,2,183.19,3,183.15,1,183.66,3,183.72,1,183.76,4,183.84,2,183.85,3,183.86,6,183.9,4,,,,,,
2020-10-29 09:31:45,183.425,183.3,1,183.3,5,183.55,3,183.55,183.3,183.3,5,183.27,2,183.24,2,183.19,3,183.15,1,183.14,7,183.09,21,183.05,4,183.02,2,182.99,10,183.55,3,183.56,2,183.66,3,183.72,1,183.76,4,183.84,2,183.85,3,183.86,6,183.9,4,,
2020-10-29 09:31:46,183.425,183.3,1,183.3,5,183.55,3,183.55,183.3,183.3,5,183.27,2,183.24,2,183.19,3,183.15,1,183.14,7,183.09,21,183.05,4,183.02,2,182.99,10,183.55,3,183.56,2,183.66,3,183.72,1,183.76,4,183.84,2,183.85,3,183.86,6,183.9,4,,
2020-10-29 09:31:47,183.425,183.3,1,183.3,5,183.55,6,183.55,183.3,183.3,5,183.27,2,183.24,2,183.19,3,183.15,1,183.14,7,183.09,21,183.05,4,183.02,2,182.99,10,183.55,6,183.56,2,183.66,3,183.72,1,183.76,4,183.84,2,183.85,3,183.86,6,183.9,4,,
2020-10-29 09:31:48,183.425,183.3,1,183.3,5,183.55,6,183.55,183.3,183.3,5,183.27,2,183.24,2,183.19,3,183.15,1,183.14,7,183.09,21,183.05,4,183.02,2,182.99,10,183.55,6,183.56,2,183.66,3,183.72,1,183.76,4,183.84,2,183.85,3,183.86,6,183.9,4,,
2020-10-29 09:31:49,183.425,183.3,1,183.3,5,183.55,6,183.55,183.3,183.3,5,183.27,2,183.24,2,183.19,3,183.15,1,183.14,7,183.09,21,183.05,4,183.02,2,182.99,10,183.55,6,183.56,2,183.66,3,183.72,1,183.76,4,183.84,2,183.85,3,183.86,6,183.9,4,,
2020-10-29 09:31:50,183.425,183.3,1,183.3,9,183.55,6,183.55,183.3,183.3,9,183.27,2,183.24,2,183.19,3,183.15,1,183.14,7,183.09,21,183.05,4,183.02,2,182.99,10,183.55,6,183.56,2,183.66,3,183.72,1,183.76,4,183.84,2,183.85,3,183.86,6,183.9,4,,
2020-10-29 09:31:51,183.425,183.38,1,183.3,9,183.55,6,183.55,183.3,183.3,9,183.27,2,183.24,2,183.19,3,183.15,1,183.14,7,183.09,21,183.05,4,183.02,2,182.99,10,183.55,6,183.56,2,183.66,3,183.72,1,183.76,4,183.84,2,183.85,3,183.86,6,183.9,4,,
2020-10-29 09:31:52,183.43,183.38,1,183.31,2,183.55,9,183.55,183.31,183.31,2,183.3,10,183.27,2,183.24,2,183.19,3,183.15,1,183.14,7,183.09,21,183.05,4,183.02,2,183.55,9,183.56,2,183.66,3,183.72,1,183.76,4,183.84,2,183.85,3,183.86,6,183.9,4,,
2020-10-29 09:31:53,183.43,183.33,1,183.31,2,183.55,9,183.55,183.31,183.31,2,183.3,10,183.27,2,183.24,2,183.19,3,183.15,1,183.14,7,183.09,21,183.05,4,183.02,2,183.55,9,183.56,2,183.66,3,183.72,1,183.76,4,183.84,2,183.85,3,183.86,6,183.9,4,,
2020-10-29 09:31:54,183.435,183.37,1,183.32,7,183.55,9,183.55,183.32,183.32,7,183.31,12,183.3,10,183.27,2,183.24,2,183.19,3,183.15,1,183.14,7,183.09,21,183.05,4,183.55,9,183.56,2,183.66,3,183.72,1,183.76,4,183.84,2,183.85,3,183.86,6,183.9,4,,
2020-10-29 09:31:55,183.57,183.39,1,183.39,9,183.75,8,183.75,183.39,183.39,9,183.38,17,183.37,1,183.32,2,183.31,12,183.3,10,183.27,2,183.24,2,183.19,3,183.15,1,183.75,8,183.76,9,183.84,2,183.85,3,183.86,6,183.9,4,,,,,,,,
2020-10-29 09:31:56,183.57,183.39,1,183.39,9,183.75,15,183.75,183.39,183.39,9,183.38,17,183.37,1,183.32,2,183.31,12,183.3,10,183.27,2,183.24,2,183.19,3,183.15,1,183.75,15,183.76,9,183.84,2,183.85,3,183.86,6,183.9,4,,,,,,,,
2020-10-29 09:31:57,183.505,183.49,16,183.39,9,183.62,1,183.62,183.39,183.39,9,183.38,17,183.37,1,183.32,2,183.31,12,183.3,10,183.27,2,183.24,2,183.19,3,183.15,1,183.62,1,183.75,18,183.76,9,183.84,2,183.85,3,183.86,6,183.9,4,,,,,,
2020-10-29 09:31:58,183.53,183.57,1,183.39,11,183.67,1,183.67,183.39,183.39,11,183.38,17,183.37,1,183.32,2,183.31,12,183.3,10,183.27,2,183.24,2,183.19,3,183.15,1,183.67,1,183.75,18,183.76,9,183.84,2,183.85,3,183.86,6,183.9,4,,,,,,
2020-10-29 09:31:59,183.53,183.57,1,183.39,11,183.67,1,183.67,183.39,183.39,11,183.38,17,183.37,1,183.32,2,183.31,12,183.3,10,183.27,2,183.24,2,183.19,3,183.15,1,183.67,1,183.75,18,183.76,9,183.84,2,183.85,3,183.86,6,183.9,4,,,,,,
2020-10-29 09:32:00,183.54,183.57,1,183.41,13,183.67,2,183.67,183.41,183.41,13,183.4,9,183.39,15,183.38,17,183.37,1,183.32,2,183.31,12,183.3,10,183.27,2,183.24,2,183.67,2,183.75,18,183.76,9,183.84,2,183.85,3,183.86,6,183.9,4,,,,,,
2020-10-29 09:32:01,183.54,183.54,3,183.41,13,183.67,2,183.67,183.41,183.41,13,183.4,9,183.39,15,183.38,17,183.37,1,183.32,2,183.31,12,183.3,10,183.27,2,183.24,2,183.67,2,183.75,18,183.76,9,183.84,2,183.85,3,183.86,6,183.9,4,,,,,,
2020-10-29 09:32:02,183.54,183.54,2,183.41,14,183.67,2,183.67,183.41,183.41,14,183.4,9,183.39,15,183.38,17,183.37,1,183.32,2,183.31,12,183.3,10,183.27,2,183.24,2,183.67,2,183.75,18,183.76,9,183.84,2,183.85,3,183.86,6,183.9,4,,,,,,
2020-10-29 09:32:03,183.54,183.54,1,183.41,24,183.67,4,183.67,183.41,183.41,24,183.4,9,183.39,15,183.38,17,183.37,1,183.32,2,183.31,12,183.3,10,183.27,2,183.24,2,183.67,4,183.75,18,183.76,9,183.84,2,183.85,3,183.86,6,183.9,4,,,,,,
2020-10-29 09:32:04,183.55,183.54,1,183.43,3,183.67,4,183.67,183.43,183.43,3,183.42,3,183.41,23,183.4,9,183.39,15,183.38,17,183.37,1,183.32,2,183.31,12,183.3,10,183.67,4,183.75,18,183.76,9,183.84,2,183.85,3,183.86,6,183.9,4,,,,,,
2020-10-29 09:32:05,183.56,183.56,4,183.45,6,183.67,4,183.67,183.45,183.45,6,183.44,20,183.43,8,183.42,8,183.41,23,183.4,9,183.39,15,183.38,17,183.37,1,183.32,2,183.67,4,183.75,18,183.76,9,183.84,2,183.85,3,183.86,6,183.9,4,,,,,,
2020-10-29 09:32:06,183.565,183.56,1,183.46,3,183.67,4,183.67,183.46,183.46,3,183.45,31,183.44,20,183.43,8,183.42,8,183.41,23,183.4,9,183.39,15,183.38,17,183.37,1,183.67,4,183.75,18,183.76,9,183.84,2,183.85,3,183.86,6,183.9,4,,,,,,
2020-10-29 09:32:07,183.575,183.58,1,183.48,13,183.67,4,183.67,183.48,183.48,13,183.47,3,183.46,2,183.45,31,183.44,20,183.43,8,183.42,8,183.41,23,183.4,9,183.39,15,183.67,4,183.75,18,183.76,9,183.84,2,183.85,3,183.86,6,183.9,4,,,,,,
2020-10-29 09:32:08,183.585,183.58,1,183.5,3,183.67,4,183.67,183.5,183.5,3,183.49,8,183.48,13,183.47,3,183.46,2,183.45,31,183.44,20,183.43,8,183.42,8,183.41,23,183.67,4,183.75,18,183.76,9,183.84,2,183.85,3,183.86,6,183.9,4,,,,,,
2020-10-29 09:32:09,183.725,183.73,247,183.64,4,183.81,5,183.81,183.64,183.64,4,183.61,9,183.58,5,183.54,3,183.5,3,183.49,8,183.48,13,183.47,3,183.46,2,183.45,31,183.81,5,183.84,2,183.85,3,183.86,6,183.9,4,,,,,,,,,,
2020-10-29 09:32:10,183.605,183.58,1,183.51,9,183.7,2,183.7,183.51,183.51,9,183.5,12,183.48,19,183.47,8,183.46,4,183.45,31,183.44,20,183.43,8,183.42,8,183.41,23,183.7,2,183.71,3,183.75,16,183.76,6,183.77,2,183.81,5,183.84,2,183.85,3,183.86,6,183.9,4
2020-10-29 09:32:11,183.615,183.61,2,183.52,9,183.71,3,183.71,183.52,183.52,9,183.51,8,183.5,12,183.48,19,183.47,8,183.46,4,183.45,31,183.44,20,183.43,8,183.42,8,183.71,3,183.75,16,183.76,6,183.77,2,183.81,5,183.84,2,183.85,3,183.86,6,183.9,4,,
2020-10-29 09:32:12,183.61,183.52,1,183.51,12,183.71,5,183.71,183.51,183.51,12,183.5,12,183.48,19,183.47,8,183.46,4,183.45,31,183.44,20,183.43,8,183.42,8,183.41,23,183.71,5,183.75,16,183.76,6,183.77,2,183.81,5,183.84,2,183.85,3,183.86,6,183.9,4,,
2020-10-29 09:32:13,183.615,183.64,1,183.52,7,183.71,5,183.71,183.52,183.52,7,183.51,11,183.5,12,183.48,19,183.47,8,183.46,4,183.45,31,183.44,20,183.43,8,183.42,8,183.71,5,183.75,16,183.76,6,183.77,2,183.81,5,183.84,2,183.85,3,183.86,6,183.9,4,,
2020-10-29 09:32:14,183.615,183.53,1,183.52,6,183.71,5,183.71,183.52,183.52,6,183.51,11,183.5,12,183.48,19,183.47,8,183.46,4,183.45,31,183.44,20,183.43,8,183.42,8,183.71,5,183.75,16,183.76,6,183.77,2,183.81,5,183.84,2,183.85,3,183.86,6,183.9,4,,
2020-10-29 09:32:15,183.585,183.59,1,183.46,5,183.71,5,183.71,183.46,183.46,5,183.42,9,183.41,23,183.4,9,183.39,15,183.38,17,183.37,1,183.32,2,183.31,12,183.3,10,183.71,5,183.75,16,183.76,6,183.77,2,183.81,5,183.84,2,183.85,3,183.86,6,183.9,4,,
2020-10-29 09:32:16,183.55,183.47,1,183.47,4,183.63,1,183.63,183.47,183.47,4,183.46,7,183.42,9,183.41,23,183.4,9,183.39,15,183.38,17,183.37,1,183.32,2,183.31,12,183.63,1,183.69,1,183.7,5,183.71,18,183.75,16,183.76,6,183.77,2,183.81,5,183.84,2,183.85,3
2020-10-29 09:32:17,183.585,183.47,1,183.47,5,183.7,7,183.7,183.47,183.47,5,183.46,7,183.42,9,183.41,23,183.4,9,183.39,15,183.38,17,183.37,1,183.32,2,183.31,12,183.7,7,183.71,18,183.75,16,183.76,6,183.77,2,183.81,5,183.84,2,183.85,3,183.86,6,183.9,4
2020-10-29 09:32:18,183.585,183.48,1,183.47,5,183.7,7,183.7,183.47,183.47,5,183.46,7,183.42,9,183.41,23,183.4,9,183.39,15,183.38,17,183.37,1,183.32,2,183.31,12,183.7,7,183.71,18,183.75,16,183.76,6,183.77,2,183.81,5,183.84,2,183.85,3,183.86,6,183.9,4
2020-10-29 09:32:19,183.585,183.59,1,183.47,6,183.7,7,183.7,183.47,183.47,6,183.46,7,183.42,9,183.41,23,183.4,9,183.39,15,183.38,17,183.37,1,183.32,2,183.31,12,183.7,7,183.71,18,183.75,16,183.76,6,183.77,2,183.81,5,183.84,2,183.85,3,183.86,6,183.9,4
2020-10-29 09:32:20,183.585,183.59,1,183.47,6,183.7,7,183.7,183.47,183.47,6,183.46,7,183.42,9,183.41,23,183.4,9,183.39,15,183.38,17,183.37,1,183.32,2,183.31,12,183.7,7,183.71,18,183.75,16,183.76,6,183.77,2,183.81,5,183.84,2,183.85,3,183.86,6,183.9,4
2020-10-29 09:32:21,183.595,183.55,1,183.49,3,183.7,7,183.7,183.49,183.49,3,183.48,18,183.47,21,183.46,7,183.42,9,183.41,23,183.4,9,183.39,15,183.38,17,183.37,1,183.7,7,183.71,18,183.75,16,183.76,6,183.77,2,183.81,5,183.84,2,183.85,3,183.86,6,183.9,4
2020-10-29 09:32:22,183.595,183.6,1,183.49,3,183.7,7,183.7,183.49,183.49,3,183.48,18,183.47,21,183.46,7,183.42,9,183.41,23,183.4,9,183.39,15,183.38,17,183.37,1,183.7,7,183.71,18,183.75,16,183.76,6,183.77,2,183.81,5,183.84,2,183.85,3,183.86,6,183.9,4
2020-10-29 09:32:23,183.595,183.6,1,183.49,3,183.7,7,183.7,183.49,183.49,3,183.48,18,183.47,21,183.46,7,183.42,9,183.41,23,183.4,9,183.39,15,183.38,17,183.37,1,183.7,7,183.71,18,183.75,16,183.76,6,183.77,2,183.81,5,183.84,2,183.85,3,183.86,6,183.9,4
2020-10-29 09:32:24,183.565,183.5,1,183.49,15,183.64,3,183.64,183.49,183.49,15,183.48,18,183.47,21,183.46,7,183.42,9,183.41,23,183.4,9,183.39,15,183.38,17,183.37,1,183.64,3,183.65,4,183.7,7,183.71,18,183.75,16,183.76,6,183.77,2,183.81,5,183.84,2,183.85,3
2020-10-29 09:32:25,183.56,183.49,1,183.49,16,183.63,13,183.63,183.49,183.49,16,183.48,18,183.47,21,183.46,7,183.42,9,183.41,23,183.4,9,183.39,15,183.38,17,183.37,1,183.63,13,183.64,6,183.65,4,183.7,7,183.71,18,183.75,16,183.76,6,183.77,2,183.81,5,183.84,2
2020-10-29 09:32:26,183.57,183.56,1,183.5,2,183.64,6,183.64,183.5,183.5,2,183.49,16,183.48,18,183.47,21,183.46,7,183.42,9,183.41,23,183.4,9,183.39,15,183.38,17,183.64,6,183.65,4,183.7,7,183.71,18,183.75,16,183.76,6,183.77,2,183.81,5,183.84,2,183.85,3
2020-10-29 09:32:27,183.575,183.5,1,183.51,2,183.64,6,183.64,183.51,183.51,2,183.5,2,183.49,16,183.48,18,183.47,21,183.46,7,183.42,9,183.41,23,183.4,9,183.39,15,183.64,6,183.65,4,183.7,7,183.71,18,183.75,16,183.76,6,183.77,2,183.81,5,183.84,2,183.85,3
2020-10-29 09:32:28,183.71,183.71,1,183.61,7,183.81,5,183.81,183.61,183.61,7,183.6,5,183.52,4,183.51,2,183.5,2,183.49,16,183.48,18,183.47,21,183.46,7,183.42,9,183.81,5,183.84,2,183.85,3,183.86,6,183.9,4,,,,,,,,,,
2020-10-29 09:32:29,183.71,183.62,1,183.61,7,183.81,7,183.81,183.61,183.61,7,183.6,5,183.52,4,183.51,2,183.5,2,183.49,16,183.48,18,183.47,21,183.46,7,183.42,9,183.81,7,183.84,2,183.85,3,183.86,6,183.9,4,,,,,,,,,,
2020-10-29 09:32:30,183.71,183.71,1,183.61,18,183.81,6,183.81,183.61,183.61,18,183.6,5,183.52,4,183.51,2,183.5,2,183.49,16,183.48,18,183.47,21,183.46,7,183.42,9,183.81,6,183.84,2,183.85,3,183.86,6,183.9,4,,,,,,,,,,
2020-10-29 09:32:31,183.71,183.81,1,183.61,22,183.81,7,183.81,183.61,183.61,22,183.6,5,183.52,4,183.51,2,183.5,2,183.49,16,183.48,18,183.47,21,183.46,7,183.42,9,183.81,7,183.84,2,183.85,3,183.86,6,183.9,4,,,,,,,,,,
2020-10-29 09:32:32,183.71,183.71,1,183.61,22,183.81,7,183.81,183.61,183.61,22,183.6,5,183.52,4,183.51,2,183.5,2,183.49,16,183.48,18,183.47,21,183.46,7,183.42,9,183.81,7,183.84,2,183.85,3,183.86,6,183.9,4,,,,,,,,,,
2020-10-29 09:32:33,183.71,183.81,1,183.61,21,183.81,7,183.81,183.61,183.61,21,183.6,5,183.52,4,183.51,2,183.5,2,183.49,16,183.48,18,183.47,21,183.46,7,183.42,9,183.81,7,183.84,2,183.85,3,183.86,6,183.9,4,,,,,,,,,,
2020-10-29 09:32:34,183.71,183.71,1,183.61,17,183.81,7,183.81,183.61,183.61,17,183.6,5,183.52,4,183.51,2,183.5,2,183.49,16,183.48,18,183.47,21,183.46,7,183.42,9,183.81,7,183.84,2,183.85,3,183.86,6,183.9,4,,,,,,,,,,
2020-10-29 09:32:35,183.71,183.71,1,183.61,20,183.81,7,183.81,183.61,183.61,20,183.6,5,183.52,4,183.51,2,183.5,2,183.49,16,183.48,18,183.47,21,183.46,7,183.42,9,183.81,7,183.84,2,183.85,3,183.86,6,183.9,4,,,,,,,,,,
2020-10-29 09:32:36,183.71,183.71,1,183.61,16,183.81,7,183.81,183.61,183.61,16,183.6,5,183.52,4,183.51,2,183.5,2,183.49,16,183.48,18,183.47,21,183.46,7,183.42,9,183.81,7,183.84,2,183.85,3,183.86,6,183.9,4,,,,,,,,,,
2020-10-29 09:32:37,183.9,183.97,1,183.82,4,183.98,1,183.98,183.82,183.82,4,183.8,4,183.77,4,183.76,3,183.73,4,183.7,4,183.61,16,183.6,5,183.52,4,183.51,2,183.98,1,,,,,,,,,,,,,,,,,,
2020-10-29 09:32:38,183.905,183.83,1,183.83,18,183.98,6,183.98,183.83,183.83,18,183.82,12,183.8,4,183.77,4,183.76,3,183.73,4,183.7,4,183.61,16,183.6,5,183.52,4,183.98,6,,,,,,,,,,,,,,,,,,
2020-10-29 09:32:39,183.765,183.79,4,183.69,17,183.84,1,183.84,183.69,183.69,17,183.61,16,183.6,5,183.52,4,183.51,2,183.5,2,183.49,16,183.48,18,183.47,21,183.46,7,183.84,1,183.85,2,183.89,9,183.92,9,183.93,6,183.97,3,183.98,5,,,,,,
2020-10-29 09:32:40,183.69,183.62,1,183.56,4,183.82,2,183.82,183.56,183.56,4,183.54,1,183.53,2,183.52,4,183.51,2,183.5,2,183.49,16,183.48,18,183.47,21,183.46,7,183.82,2,183.83,1,183.84,1,183.85,2,183.89,9,183.92,9,183.93,6,183.97,3,183.98,5,,
2020-10-29 09:32:41,183.69,183.65,1,183.56,2,183.82,2,183.82,183.56,183.56,2,183.53,2,183.52,4,183.51,2,183.5,2,183.49,16,183.48,18,183.47,21,183.46,7,183.42,9,183.82,2,183.83,1,183.84,1,183.85,2,183.89,9,183.92,9,183.93,6,183.97,3,183.98,5,,
2020-10-29 09:32:42,183.66,183.66,1,183.56,5,183.76,11,183.76,183.56,183.56,5,183.53,2,183.52,4,183.51,2,183.5,2,183.49,16,183.48,18,183.47,21,183.46,7,183.42,9,183.76,11,183.81,1,183.82,2,183.83,1,183.84,1,183.85,2,183.89,9,183.92,9,183.93,6,183.97,3
2020-10-29 09:32:43,183.655,183.66,1,183.56,4,183.75,12,183.75,183.56,183.56,4,183.53,2,183.52,4,183.51,2,183.5,2,183.49,16,183.48,18,183.47,21,183.46,7,183.42,9,183.75,12,183.76,11,183.81,1,183.82,2,183.83,1,183.84,1,183.85,2,183.89,9,183.92,9,183.93,6
2020-10-29 09:32:44,183.655,183.66,1,183.56,7,183.75,13,183.75,183.56,183.56,7,183.53,2,183.52,4,183.51,2,183.5,2,183.49,16,183.48,18,183.47,21,183.46,7,183.42,9,183.75,13,183.76,11,183.81,1,183.82,2,183.83,1,183.84,1,183.85,2,183.89,9,183.92,9,183.93,6
2020-10-29 09:32:45,183.705,183.71,1,183.65,2,183.76,10,183.76,183.65,183.65,2,183.59,1,183.56,7,183.53,2,183.52,4,183.51,2,183.5,2,183.49,16,183.48,18,183.47,21,183.76,10,183.81,1,183.82,2,183.83,1,183.84,1,183.85,2,183.89,9,183.92,9,183.93,6,183.97,3
2020-10-29 09:32:46,183.515,183.52,1,183.46,5,183.57,10,183.57,183.46,183.46,5,183.42,9,183.41,23,183.4,9,183.39,15,183.38,17,183.37,1,183.32,2,183.31,12,183.3,10,183.57,10,183.58,3,183.59,3,183.62,2,183.63,2,183.66,3,183.68,1,183.69,3,183.75,11,183.76,13
2020-10-29 09:32:47,183.655,183.61,1,183.56,4,183.75,14,183.75,183.56,183.56,4,183.47,1,183.46,5,183.42,9,183.41,23,183.4,9,183.39,15,183.38,17,183.37,1,183.32,2,183.75,14,183.76,13,183.81,1,183.82,2,183.83,1,183.84,1,183.85,2,183.89,9,183.92,9,183.93,6
2020-10-29 09:32:48,183.65,183.59,1,183.56,4,183.74,17,183.74,183.56,183.56,4,183.47,1,183.46,5,183.42,9,183.41,23,183.4,9,183.39,15,183.38,17,183.37,1,183.32,2,183.74,17,183.75,4,183.76,13,183.81,1,183.82,2,183.83,1,183.84,1,183.85,2,183.89,9,183.92,9
2020-10-29 09:32:49,183.655,183.57,1,183.57,3,183.74,14,183.74,183.57,183.57,3,183.56,4,183.47,1,183.46,5,183.42,9,183.41,23,183.4,9,183.39,15,183.38,17,183.37,1,183.74,14,183.75,4,183.76,13,183.81,1,183.82,2,183.83,1,183.84,1,183.85,2,183.89,9,183.92,9
2020-10-29 09:32:50,183.675,183.65,1,183.61,3,183.74,14,183.74,183.61,183.61,3,183.6,2,183.57,3,183.56,4,183.47,1,183.46,5,183.42,9,183.41,23,183.4,9,183.39,15,183.74,14,183.75,4,183.76,13,183.81,1,183.82,2,183.83,1,183.84,1,183.85,2,183.89,9,183.92,9
2020-10-29 09:32:51,183.695,183.76,1,183.63,2,183.76,13,183.76,183.63,183.63,2,183.61,8,183.6,2,183.57,3,183.56,4,183.47,1,183.46,5,183.42,9,183.41,23,183.4,9,183.76,13,183.81,1,183.82,2,183.83,1,183.84,1,183.85,2,183.89,9,183.92,9,183.93,6,183.97,3
2020-10-29 09:32:52,183.76,183.76,1,183.7,3,183.82,5,183.82,183.7,183.7,3,183.63,6,183.61,8,183.6,2,183.57,3,183.56,4,183.47,1,183.46,5,183.42,9,183.41,23,183.82,5,183.83,1,183.84,1,183.85,2,183.89,9,183.92,9,183.93,6,183.97,3,183.98,5,,
2020-10-29 09:32:53,183.755,183.7,1,183.7,4,183.81,3,183.81,183.7,183.7,4,183.63,6,183.61,8,183.6,2,183.57,3,183.56,4,183.47,1,183.46,5,183.42,9,183.41,23,183.81,3,183.82,5,183.83,1,183.84,1,183.85,2,183.89,9,183.92,9,183.93,6,183.97,3,183.98,5
2020-10-29 09:32:54,183.75,183.7,1,183.7,4,183.8,8,183.8,183.7,183.7,4,183.63,6,183.61,8,183.6,2,183.57,3,183.56,4,183.47,1,183.46,5,183.42,9,183.41,23,183.8,8,183.81,3,183.82,5,183.83,1,183.84,1,183.85,2,183.89,9,183.92,9,183.93,6,183.97,3
2020-10-29 09:32:55,183.62,183.62,2,183.56,1,183.68,5,183.68,183.56,183.56,1,183.51,2,183.47,1,183.46,5,183.42,9,183.41,23,183.4,9,183.39,15,183.38,17,183.37,1,183.68,5,183.72,3,183.8,8,183.81,3,183.82,5,183.83,1,183.84,1,183.85,2,183.89,9,183.92,9
2020-10-29 09:32:56,183.64,183.56,1,183.56,3,183.72,12,183.72,183.56,183.56,3,183.51,2,183.47,1,183.46,5,183.42,9,183.41,23,183.4,9,183.39,15,183.38,17,183.37,1,183.72,12,183.8,8,183.81,3,183.82,5,183.83,1,183.84,1,183.85,2,183.89,9,183.92,9,183.93,6
2020-10-29 09:32:57,183.665,183.63,1,183.61,1,183.72,10,183.72,183.61,183.61,1,183.56,12,183.51,2,183.47,1,183.46,5,183.42,9,183.41,23,183.4,9,183.39,15,183.38,17,183.72,10,183.8,8,183.81,3,183.82,5,183.83,1,183.84,1,183.85,2,183.89,9,183.92,9,183.93,6
2020-10-29 09:32:58,183.615,183.61,1,183.56,18,183.67,5,183.67,183.56,183.56,18,183.51,2,183.47,1,183.46,5,183.42,9,183.41,23,183.4,9,183.39,15,183.38,17,183.37,1,183.67,5,183.7,1,183.72,9,183.8,8,183.81,3,183.82,5,183.83,1,183.84,1,183.85,2,183.89,9
2020-10-29 09:32:59,183.64,183.64,1,183.56,18,183.72,9,183.72,183.56,183.56,18,183.51,2,183.47,1,183.46,5,183.42,9,183.41,23,183.4,9,183.39,15,183.38,17,183.37,1,183.72,9,183.8,8,183.81,3,183.82,5,183.83,1,183.84,1,183.85,2,183.89,9,183.92,9,183.93,6
2020-10-29 09:33:00,183.63,183.67,1,183.56,19,183.7,4,183.7,183.56,183.56,19,183.51,2,183.47,1,183.46,5,183.42,9,183.41,23,183.4,9,183.39,15,183.38,17,183.37,1,183.7,4,183.72,10,183.8,8,183.81,3,183.82,5,183.83,1,183.84,1,183.85,2,183.89,9,183.92,9
2020-10-29 09:33:01,183.625,183.57,1,183.56,16,183.69,17,183.69,183.56,183.56,16,183.51,2,183.47,1,183.46,5,183.42,9,183.41,23,183.4,9,183.39,15,183.38,17,183.37,1,183.69,17,183.7,6,183.72,10,183.8,8,183.81,3,183.82,5,183.83,1,183.84,1,183.85,2,183.89,9
2020-10-29 09:33:02,183.575,183.56,1,183.54,10,183.61,7,183.61,183.54,183.54,10,183.51,2,183.47,1,183.46,5,183.42,9,183.41,23,183.4,9,183.39,15,183.38,17,183.37,1,183.61,7,183.62,1,183.69,8,183.7,6,183.72,10,183.8,8,183.81,3,183.82,5,183.83,1,183.84,1
2020-10-29 09:33:03,183.535,183.47,1,183.46,4,183.61,8,183.61,183.46,183.46,4,183.42,9,183.41,23,183.4,9,183.39,15,183.38,17,183.37,1,183.32,2,183.31,12,183.3,10,183.61,8,183.62,1,183.69,8,183.7,6,183.72,10,183.8,8,183.81,3,183.82,5,183.83,1,183.84,1
2020-10-29 09:33:04,183.5,183.45,1,183.42,1,183.58,3,183.58,183.42,183.42,1,183.35,1,183.32,2,183.31,12,183.3,10,183.27,2,183.24,2,183.19,3,183.15,1,183.14,7,183.58,3,183.6,8,183.61,8,183.62,1,183.69,8,183.7,6,183.72,10,183.8,8,183.81,3,183.82,5
2020-10-29 09:33:05,183.505,183.44,1,183.43,3,183.58,6,183.58,183.43,183.43,3,183.42,3,183.35,1,183.32,2,183.31,12,183.3,10,183.27,2,183.24,2,183.19,3,183.15,1,183.58,6,183.6,8,183.61,8,183.62,1,183.69,8,183.7,6,183.72,10,183.8,8,183.81,3,183.82,5
2020-10-29 09:33:06,183.405,183.39,5,183.35,9,183.46,5,183.46,183.35,183.35,9,183.32,2,183.31,12,183.3,10,183.27,2,183.24,2,183.19,3,183.15,1,183.14,7,183.09,21,183.46,5,183.56,6,183.58,6,183.6,8,183.61,8,183.62,1,183.69,8,183.7,6,183.72,10,183.8,8
2020-10-29 09:33:07,183.405,183.35,2,183.35,12,183.46,4,183.46,183.35,183.35,12,183.32,2,183.31,12,183.3,10,183.27,2,183.24,2,183.19,3,183.15,1,183.14,7,183.09,21,183.46,4,183.56,6,183.58,6,183.6,8,183.61,8,183.62,1,183.69,8,183.7,6,183.72,10,183.8,8
2020-10-29 09:33:08,183.455,183.45,1,183.37,11,183.54,14,183.54,183.37,183.37,11,183.36,19,183.35,10,183.32,2,183.31,12,183.3,10,183.27,2,183.24,2,183.19,3,183.15,1,183.54,14,183.55,16,183.56,8,183.58,6,183.6,8,183.61,8,183.62,1,183.69,8,183.7,6,183.72,10
2020-10-29 09:33:09,183.455,183.38,2,183.37,11,183.54,18,183.54,183.37,183.37,11,183.36,19,183.35,10,183.32,2,183.31,12,183.3,10,183.27,2,183.24,2,183.19,3,183.15,1,183.54,18,183.55,16,183.56,8,183.58,6,183.6,8,183.61,8,183.62,1,183.69,8,183.7,6,183.72,10
2020-10-29 09:33:10,183.455,183.38,2,183.37,11,183.54,19,183.54,183.37,183.37,11,183.36,19,183.35,10,183.32,2,183.31,12,183.3,10,183.27,2,183.24,2,183.19,3,183.15,1,183.54,19,183.55,16,183.56,8,183.58,6,183.6,8,183.61,8,183.62,1,183.69,8,183.7,6,183.72,10
2020-10-29 09:33:11,183.34,183.21,1,183.21,1,183.47,5,183.47,183.21,183.21,1,183.19,3,183.15,1,183.14,7,183.09,21,183.05,4,183.02,2,182.99,10,182.97,2,182.87,2,183.47,5,183.5,1,183.53,17,183.54,17,183.55,16,183.56,8,183.58,6,183.6,8,183.61,8,183.62,1
2020-10-29 09:33:12,183.34,183.21,1,183.21,1,183.47,8,183.47,183.21,183.21,1,183.19,3,183.15,1,183.14,7,183.09,21,183.05,4,183.02,2,182.99,10,182.97,2,182.87,2,183.47,8,183.5,1,183.53,17,183.54,17,183.55,16,183.56,8,183.58,6,183.6,8,183.61,8,183.62,1
2020-10-29 09:33:13,183.32,183.21,1,183.21,4,183.43,4,183.43,183.21,183.21,4,183.19,3,183.15,1,183.14,7,183.09,21,183.05,4,183.02,2,182.99,10,182.97,2,182.87,2,183.43,4,183.47,6,183.5,1,183.53,17,183.54,17,183.55,16,183.56,8,183.58,6,183.6,8,183.61,8
2020-10-29 09:33:14,183.32,183.22,1,183.21,4,183.43,5,183.43,183.21,183.21,4,183.19,3,183.15,1,183.14,7,183.09,21,183.05,4,183.02,2,182.99,10,182.97,2,182.87,2,183.43,5,183.47,6,183.5,1,183.53,17,183.54,17,183.55,16,183.56,8,183.58,6,183.6,8,183.61,8
2020-10-29 09:33:15,183.32,183.23,1,183.21,4,183.43,5,183.43,183.21,183.21,4,183.19,3,183.15,1,183.14,7,183.09,21,183.05,4,183.02,2,182.99,10,182.97,2,182.87,2,183.43,5,183.47,6,183.5,1,183.53,17,183.54,17,183.55,16,183.56,8,183.58,6,183.6,8,183.61,8
2020-10-29 09:33:16,183.305,183.21,1,183.18,17,183.43,6,183.43,183.18,183.18,17,183.15,1,183.14,7,183.09,21,183.05,4,183.02,2,182.99,10,182.97,2,182.87,2,182.77,18,183.43,6,183.47,6,183.5,1,183.53,17,183.54,17,183.55,16,183.56,8,183.58,6,183.6,8,183.61,8
2020-10-29 09:33:17,183.295,183.23,1,183.18,16,183.41,14,183.41,183.18,183.18,16,183.15,1,183.14,7,183.09,21,183.05,4,183.02,2,182.99,10,182.97,2,182.87,2,182.77,18,183.41,14,183.42,18,183.43,6,183.47,6,183.5,1,183.53,17,183.54,17,183.55,16,183.56,8,183.58,6
2020-10-29 09:33:18,183.295,183.23,1,183.18,19,183.41,14,183.41,183.18,183.18,19,183.15,1,183.14,7,183.09,21,183.05,4,183.02,2,182.99,10,182.97,2,182.87,2,182.77,18,183.41,14,183.42,18,183.43,6,183.47,6,183.5,1,183.53,17,183.54,17,183.55,16,183.56,8,183.58,6
2020-10-29 09:33:19,183.295,183.23,1,183.18,16,183.41,14,183.41,183.18,183.18,16,183.15,1,183.14,7,183.09,21,183.05,4,183.02,2,182.99,10,182.97,2,182.87,2,182.77,18,183.41,14,183.42,18,183.43,6,183.47,6,183.5,1,183.53,17,183.54,17,183.55,16,183.56,8,183.58,6
2020-10-29 09:33:20,183.295,183.23,1,183.18,17,183.41,14,183.41,183.18,183.18,17,183.15,1,183.14,7,183.09,21,183.05,4,183.02,2,182.99,10,182.97,2,182.87,2,182.77,18,183.41,14,183.42,18,183.43,6,183.47,6,183.5,1,183.53,17,183.54,17,183.55,16,183.56,8,183.58,6
2020-10-29 09:33:21,183.295,183.2,1,183.19,10,183.4,11,183.4,183.19,183.19,10,183.18,17,183.15,1,183.14,7,183.09,21,183.05,4,183.02,2,182.99,10,182.97,2,182.87,2,183.4,11,183.41,23,183.42,18,183.43,6,183.47,6,183.5,1,183.53,17,183.54,17,183.55,16,183.56,8
2020-10-29 09:33:22,183.29,183.29,1,183.19,10,183.39,1,183.39,183.19,183.19,10,183.18,17,183.15,1,183.14,7,183.09,21,183.05,4,183.02,2,182.99,10,182.97,2,182.87,2,183.39,1,183.4,12,183.41,23,183.42,18,183.43,6,183.47,6,183.5,1,183.53,17,183.54,17,183.55,16
2020-10-29 09:33:23,183.305,183.29,1,183.21,11,183.4,13,183.4,183.21,183.21,11,183.19,10,183.18,17,183.15,1,183.14,7,183.09,21,183.05,4,183.02,2,182.99,10,182.97,2,183.4,13,183.41,23,183.42,18,183.43,6,183.47,6,183.5,1,183.53,17,183.54,17,183.55,16,183.56,8
2020-10-29 09:33:24,183.305,183.29,1,183.21,11,183.4,18,183.4,183.21,183.21,11,183.19,10,183.18,17,183.15,1,183.14,7,183.09,21,183.05,4,183.02,2,182.99,10,182.97,2,183.4,18,183.41,23,183.42,18,183.43,6,183.47,6,183.5,1,183.53,17,183.54,17,183.55,16,183.56,8
2020-10-29 09:33:25,183.325,183.31,1,183.25,9,183.4,18,183.4,183.25,183.25,9,183.24,9,183.23,11,183.22,16,183.21,11,183.19,10,183.18,17,183.15,1,183.14,7,183.09,21,183.4,18,183.41,23,183.42,18,183.43,6,183.47,6,183.5,1,183.53,17,183.54,17,183.55,16,183.56,8
2020-10-29 09:33:26,183.315,183.33,1,183.23,10,183.4,18,183.4,183.23,183.23,10,183.22,16,183.21,11,183.19,10,183.18,17,183.15,1,183.14,7,183.09,21,183.05,4,183.02,2,183.4,18,183.41,23,183.42,18,183.43,6,183.47,6,183.5,1,183.53,17,183.54,17,183.55,16,183.56,8
2020-10-29 09:33:27,183.315,183.32,1,183.23,11,183.4,18,183.4,183.23,183.23,11,183.22,16,183.21,11,183.19,10,183.18,17,183.15,1,183.14,7,183.09,21,183.05,4,183.02,2,183.4,18,183.41,23,183.42,18,183.43,6,183.47,6,183.5,1,183.53,17,183.54,17,183.55,16,183.56,8
2020-10-29 09:33:28,183.325,183.28,1,183.25,8,183.4,19,183.4,183.25,183.25,8,183.23,11,183.22,16,183.21,11,183.19,10,183.18,17,183.15,1,183.14,7,183.09,21,183.05,4,183.4,19,183.41,23,183.42,18,183.43,6,183.47,6,183.5,1,183.53,17,183.54,17,183.55,16,183.56,8
2020-10-29 09:33:29,183.33,183.33,1,183.26,8,183.4,19,183.4,183.26,183.26,8,183.24,6,183.23,11,183.22,16,183.21,11,183.19,10,183.18,17,183.15,1,183.14,7,183.09,21,183.4,19,183.41,23,183.42,18,183.43,6,183.47,6,183.5,1,183.53,17,183.54,17,183.55,16,183.56,8
2020-10-29 09:33:30,183.33,183.33,1,183.26,8,183.4,19,183.4,183.26,183.26,8,183.24,6,183.23,11,183.22,16,183.21,11,183.19,10,183.18,17,183.15,1,183.14,7,183.09,21,183.4,19,183.41,23,183.42,18,183.43,6,183.47,6,183.5,1,183.53,17,183.54,17,183.55,16,183.56,8
2020-10-29 09:33:31,183.355,183.33,1,183.31,8,183.4,19,183.4,183.31,183.31,8,183.26,8,183.24,6,183.23,11,183.22,16,183.21,11,183.19,10,183.18,17,183.15,1,183.14,7,183.4,19,183.41,23,183.42,18,183.43,6,183.47,6,183.5,1,183.53,17,183.54,17,183.55,16,183.56,8
2020-10-29 09:33:32,183.355,183.36,1,183.31,9,183.4,19,183.4,183.31,183.31,9,183.26,8,183.24,6,183.23,11,183.22,16,183.21,11,183.19,10,183.18,17,183.15,1,183.14,7,183.4,19,183.41,23,183.42,18,183.43,6,183.47,6,183.5,1,183.53,17,183.54,17,183.55,16,183.56,8
2020-10-29 09:33:33,183.48,183.35,1,183.33,3,183.63,14,183.63,183.33,183.33,3,183.32,5,183.31,16,183.26,8,183.24,6,183.23,11,183.22,16,183.21,11,183.19,10,183.18,17,183.63,14,183.64,8,183.7,3,183.72,10,183.8,8,183.81,3,183.82,5,183.83,1,183.84,1,183.85,2
2020-10-29 09:33:34,183.48,183.48,1,183.33,6,183.63,14,183.63,183.33,183.33,6,183.32,5,183.31,16,183.26,8,183.24,6,183.23,11,183.22,16,183.21,11,183.19,10,183.18,17,183.63,14,183.64,8,183.7,3,183.72,10,183.8,8,183.81,3,183.82,5,183.83,1,183.84,1,183.85,2
2020-10-29 09:33:35,183.48,183.52,1,183.33,7,183.63,20,183.63,183.33,183.33,7,183.32,5,183.31,16,183.26,8,183.24,6,183.23,11,183.22,16,183.21,11,183.19,10,183.18,17,183.63,20,183.64,8,183.7,3,183.72,10,183.8,8,183.81,3,183.82,5,183.83,1,183.84,1,183.85,2
2020-10-29 09:33:36,183.495,183.43,1,183.36,5,183.63,20,183.63,183.36,183.36,5,183.35,8,183.34,6,183.33,9,183.32,5,183.31,16,183.26,8,183.24,6,183.23,11,183.22,16,183.63,20,183.64,8,183.7,3,183.72,10,183.8,8,183.81,3,183.82,5,183.83,1,183.84,1,183.85,2
2020-10-29 09:33:37,183.495,183.43,1,183.36,8,183.63,20,183.63,183.36,183.36,8,183.35,8,183.34,6,183.33,9,183.32,5,183.31,16,183.26,8,183.24,6,183.23,11,183.22,16,183.63,20,183.64,8,183.7,3,183.72,10,183.8,8,183.81,3,183.82,5,183.83,1,183.84,1,183.85,2
2020-10-29 09:33:38,183.515,183.43,1,183.4,5,183.63,20,183.63,183.4,183.4,5,183.36,8,183.35,8,183.34,6,183.33,9,183.32,5,183.31,16,183.26,8,183.24,6,183.23,11,183.63,20,183.64,8,183.7,3,183.72,10,183.8,8,183.81,3,183.82,5,183.83,1,183.84,1,183.85,2
2020-10-29 09:33:39,183.51,183.51,2,183.4,5,183.62,12,183.62,183.4,183.4,5,183.36,8,183.35,8,183.34,6,183.33,9,183.32,5,183.31,16,183.26,8,183.24,6,183.23,11,183.62,12,183.63,20,183.64,8,183.7,3,183.72,10,183.8,8,183.81,3,183.82,5,183.83,1,183.84,1
2020-10-29 09:33:40,183.51,183.51,3,183.4,5,183.62,15,183.62,183.4,183.4,5,183.36,8,183.35,8,183.34,6,183.33,9,183.32,5,183.31,16,183.26,8,183.24,6,183.23,11,183.62,15,183.63,20,183.64,8,183.7,3,183.72,10,183.8,8,183.81,3,183.82,5,183.83,1,183.84,1
2020-10-29 09:33:41,183.51,183.53,1,183.4,5,183.62,12,183.62,183.4,183.4,5,183.36,8,183.35,8,183.34,6,183.33,9,183.32,5,183.31,16,183.26,8,183.24,6,183.23,11,183.62,12,183.63,20,183.64,8,183.7,3,183.72,10,183.8,8,183.81,3,183.82,5,183.83,1,183.84,1
2020-10-29 09:33:42,183.51,183.53,1,183.4,6,183.62,12,183.62,183.4,183.4,6,183.36,8,183.35,8,183.34,6,183.33,9,183.32,5,183.31,16,183.26,8,183.24,6,183.23,11,183.62,12,183.63,20,183.64,8,183.7,3,183.72,10,183.8,8,183.81,3,183.82,5,183.83,1,183.84,1
2020-10-29 09:33:43,183.53,183.51,1,183.44,5,183.62,12,183.62,183.44,183.44,5,183.43,5,183.42,5,183.41,8,183.4,6,183.36,8,183.35,8,183.34,6,183.33,9,183.32,5,183.62,12,183.63,20,183.64,8,183.7,3,183.72,10,183.8,8,183.81,3,183.82,5,183.83,1,183.84,1
2020-10-29 09:33:45,183.53,183.51,1,183.44,5,183.62,14,183.62,183.44,183.44,5,183.43,5,183.42,5,183.41,8,183.4,6,183.36,8,183.35,8,183.34,6,183.33,9,183.32,5,183.62,14,183.63,20,183.64,8,183.7,3,183.72,10,183.8,8,183.81,3,183.82,5,183.83,1,183.84,1
2020-10-29 09:33:45,183.53,183.44,1,183.44,5,183.62,10,183.62,183.44,183.44,5,183.43,5,183.42,5,183.41,8,183.4,6,183.36,8,183.35,8,183.34,6,183.33,9,183.32,5,183.62,10,183.63,20,183.64,8,183.7,3,183.72,10,183.8,8,183.81,3,183.82,5,183.83,1,183.84,1
2020-10-29 09:33:46,183.535,183.44,1,183.45,14,183.62,15,183.62,183.45,183.45,14,183.44,8,183.43,5,183.42,5,183.41,8,183.4,6,183.36,8,183.35,8,183.34,6,183.33,9,183.62,15,183.63,20,183.64,8,183.7,3,183.72,10,183.8,8,183.81,3,183.82,5,183.83,1,183.84,1
2020-10-29 09:33:47,183.62,183.62,1,183.54,21,183.7,6,183.7,183.54,183.54,21,183.53,7,183.45,14,183.44,8,183.43,5,183.42,5,183.41,8,183.4,6,183.36,8,183.35,8,183.7,6,183.72,10,183.8,8,183.81,3,183.82,5,183.83,1,183.84,1,183.85,2,183.89,9,183.92,9
2020-10-29 09:33:48,183.74,183.75,2,183.67,6,183.81,11,183.81,183.67,183.67,6,183.66,9,183.65,9,183.62,7,183.6,7,183.59,9,183.55,7,183.54,21,183.53,7,183.45,14,183.81,11,183.82,5,183.83,1,183.84,1,183.85,2,183.89,9,183.92,9,183.93,6,183.97,3,183.98,5
2020-10-29 09:33:49,183.74,183.74,5,183.67,6,183.81,11,183.81,183.67,183.67,6,183.66,9,183.65,9,183.62,7,183.6,7,183.59,9,183.55,7,183.54,21,183.53,7,183.45,14,183.81,11,183.82,5,183.83,1,183.84,1,183.85,2,183.89,9,183.92,9,183.93,6,183.97,3,183.98,5
2020-10-29 09:33:50,183.74,183.67,2,183.67,6,183.81,11,183.81,183.67,183.67,6,183.66,9,183.65,9,183.62,7,183.6,7,183.59,9,183.55,7,183.54,21,183.53,7,183.45,14,183.81,11,183.82,5,183.83,1,183.84,1,183.85,2,183.89,9,183.92,9,183.93,6,183.97,3,183.98,5
2020-10-29 09:33:51,183.715,183.69,5,183.65,5,183.78,8,183.78,183.65,183.65,5,183.64,2,183.62,7,183.6,7,183.59,9,183.55,7,183.54,21,183.53,7,183.45,14,183.44,8,183.78,8,183.81,11,183.82,5,183.83,1,183.84,1,183.85,2,183.89,9,183.92,9,183.93,6,183.97,3
2020-10-29 09:33:52,183.715,183.72,1,183.65,12,183.78,8,183.78,183.65,183.65,12,183.64,2,183.62,7,183.6,7,183.59,9,183.55,7,183.54,21,183.53,7,183.45,14,183.44,8,183.78,8,183.81,11,183.82,5,183.83,1,183.84,1,183.85,2,183.89,9,183.92,9,183.93,6,183.97,3
2020-10-29 09:33:53,183.52,183.51,1,183.45,14,183.59,4,183.59,183.45,183.45,14,183.44,8,183.43,5,183.42,5,183.41,8,183.4,6,183.36,8,183.35,8,183.34,6,183.33,9,183.59,4,183.74,2,183.76,1,183.78,9,183.81,11,183.82,5,183.83,1,183.84,1,183.85,2,183.89,9
2020-10-29 09:33:54,183.53,183.53,1,183.47,3,183.59,6,183.59,183.47,183.47,3,183.46,2,183.45,15,183.44,8,183.43,5,183.42,5,183.41,8,183.4,6,183.36,8,183.35,8,183.59,6,183.74,2,183.76,1,183.78,9,183.81,11,183.82,5,183.83,1,183.84,1,183.85,2,183.89,9
2020-10-29 09:33:55,183.525,183.51,2,183.46,10,183.59,7,183.59,183.46,183.46,10,183.45,12,183.44,8,183.43,5,183.42,5,183.41,8,183.4,6,183.36,8,183.35,8,183.34,6,183.59,7,183.74,2,183.76,1,183.78,9,183.81,11,183.82,5,183.83,1,183.84,1,183.85,2,183.89,9
2020-10-29 09:33:56,183.525,183.51,2,183.46,11,183.59,9,183.59,183.46,183.46,11,183.45,12,183.44,8,183.43,5,183.42,5,183.41,8,183.4,6,183.36,8,183.35,8,183.34,6,183.59,9,183.74,2,183.76,1,183.78,9,183.81,11,183.82,5,183.83,1,183.84,1,183.85,2,183.89,9
2020-10-29 09:33:57,183.52,183.53,3,183.46,11,183.58,1,183.58,183.46,183.46,11,183.45,12,183.44,8,183.43,5,183.42,5,183.41,8,183.4,6,183.36,8,183.35,8,183.34,6,183.58,1,183.59,9,183.74,2,183.76,1,183.78,9,183.81,11,183.82,5,183.83,1,183.84,1,183.85,2
2020-10-29 09:33:58,183.425,183.42,1,183.37,1,183.48,2,183.48,183.37,183.37,1,183.36,8,183.35,8,183.34,6,183.33,9,183.32,5,183.31,16,183.26,8,183.24,6,183.23,11,183.48,2,183.55,5,183.58,4,183.59,9,183.74,2,183.76,1,183.78,9,183.81,11,183.82,5,183.83,1
2020-10-29 09:33:59,183.42,183.42,2,183.37,3,183.47,2,183.47,183.37,183.37,3,183.36,8,183.35,8,183.34,6,183.33,9,183.32,5,183.31,16,183.26,8,183.24,6,183.23,11,183.47,2,183.48,5,183.55,5,183.58,4,183.59,9,183.74,2,183.76,1,183.78,9,183.81,11,183.82,5
2020-10-29 09:34:00,183.42,183.38,1,183.37,3,183.47,6,183.47,183.37,183.37,3,183.36,8,183.35,8,183.34,6,183.33,9,183.32,5,183.31,16,183.26,8,183.24,6,183.23,11,183.47,6,183.48,5,183.55,5,183.58,4,183.59,9,183.74,2,183.76,1,183.78,9,183.81,11,183.82,5
2020-10-29 09:34:01,183.32,183.27,1,183.27,10,183.37,3,183.37,183.27,183.27,10,183.26,9,183.24,6,183.23,11,183.22,16,183.21,11,183.19,10,183.18,17,183.15,1,183.14,7,183.37,3,183.47,7,183.48,5,183.55,5,183.58,4,183.59,9,183.74,2,183.76,1,183.78,9,183.81,11
2020-10-29 09:34:02,183.22,183.22,1,183.17,4,183.27,1,183.27,183.17,183.17,4,183.12,1,183.09,21,183.05,4,183.02,2,182.99,10,182.97,2,182.87,2,182.77,18,182.63,14,183.27,1,183.28,2,183.31,9,183.36,1,183.37,3,183.47,7,183.48,5,183.55,5,183.58,4,183.59,9
2020-10-29 09:34:03,183.225,183.23,1,183.18,3,183.27,3,183.27,183.18,183.18,3,183.17,4,183.12,1,183.09,21,183.05,4,183.02,2,182.99,10,182.97,2,182.87,2,182.77,18,183.27,3,183.28,2,183.31,9,183.36,1,183.37,3,183.47,7,183.48,5,183.55,5,183.58,4,183.59,9
2020-10-29 09:34:04,183.225,183.19,3,183.18,4,183.27,5,183.27,183.18,183.18,4,183.17,4,183.12,1,183.09,21,183.05,4,183.02,2,182.99,10,182.97,2,182.87,2,182.77,18,183.27,5,183.28,2,183.31,9,183.36,1,183.37,3,183.47,7,183.48,5,183.55,5,183.58,4,183.59,9
2020-10-29 09:34:05,183.145,183.06,1,183.06,15,183.23,9,183.23,183.06,183.06,15,183.05,7,183.03,5,183.02,2,182.99,10,182.97,2,182.87,2,182.77,18,182.63,14,182.62,7,183.23,9,183.27,14,183.28,2,183.31,9,183.36,1,183.37,3,183.47,7,183.48,5,183.55,5,183.58,4
2020-10-29 09:34:06,183.13,183.06,2,183.05,13,183.21,2,183.21,183.05,183.05,13,183.03,5,183.02,2,182.99,10,182.97,2,182.87,2,182.77,18,182.63,14,182.62,7,182.61,2,183.21,2,183.23,9,183.27,14,183.28,2,183.31,9,183.36,1,183.37,3,183.47,7,183.48,5,183.55,5
2020-10-29 09:34:07,183.13,183.05,1,183.05,13,183.21,2,183.21,183.05,183.05,13,183.03,5,183.02,2,182.99,10,182.97,2,182.87,2,182.77,18,182.63,14,182.62,7,182.61,2,183.21,2,183.23,9,183.27,14,183.28,2,183.31,9,183.36,1,183.37,3,183.47,7,183.48,5,183.55,5
2020-10-29 09:34:08,183.115,183.06,1,183.05,1,183.18,6,183.18,183.05,183.05,1,183.03,5,183.02,2,182.99,10,182.97,2,182.87,2,182.77,18,182.63,14,182.62,7,182.61,2,183.18,6,183.21,3,183.23,9,183.27,14,183.28,2,183.31,9,183.36,1,183.37,3,183.47,7,183.48,5
2020-10-29 09:34:09,183.115,183.06,1,183.06,2,183.17,3,183.17,183.06,183.06,2,183.05,1,183.03,5,183.02,2,182.99,10,182.97,2,182.87,2,182.77,18,182.63,14,182.62,7,183.17,3,183.18,5,183.21,3,183.23,9,183.27,14,183.28,2,183.31,9,183.36,1,183.37,3,183.47,7
2020-10-29 09:34:10,183.095,183.06,1,183.03,5,183.16,3,183.16,183.03,183.03,5,183.02,2,182.99,10,182.97,2,182.87,2,182.77,18,182.63,14,182.62,7,182.61,2,182.12,1,183.16,3,183.17,3,183.18,5,183.21,3,183.23,9,183.27,14,183.28,2,183.31,9,183.36,1,183.37,3
2020-10-29 09:34:11,182.92,182.83,1,182.81,13,183.03,2,183.03,182.81,182.81,13,182.77,18,182.63,14,182.62,7,182.61,2,182.12,1,182.11,5,,,,,,,183.03,2,183.05,3,183.1,2,183.13,1,183.15,1,183.16,12,183.17,3,183.18,5,183.21,3,183.23,9
2020-10-29 09:34:12,182.92,182.82,2,182.81,13,183.03,2,183.03,182.81,182.81,13,182.77,18,182.63,14,182.62,7,182.61,2,182.12,1,182.11,5,,,,,,,183.03,2,183.05,3,183.1,2,183.13,1,183.15,1,183.16,12,183.17,3,183.18,5,183.21,3,183.23,9
2020-10-29 09:34:13,182.92,182.83,3,182.81,13,183.03,5,183.03,182.81,182.81,13,182.77,18,182.63,14,182.62,7,182.61,2,182.12,1,182.11,5,,,,,,,183.03,5,183.05,3,183.1,2,183.13,1,183.15,1,183.16,12,183.17,3,183.18,5,183.21,3,183.23,9
2020-10-29 09:34:14,182.92,182.91,1,182.81,13,183.03,9,183.03,182.81,182.81,13,182.77,18,182.63,14,182.62,7,182.61,2,182.12,1,182.11,5,,,,,,,183.03,9,183.05,3,183.1,2,183.13,1,183.15,1,183.16,12,183.17,3,183.18,5,183.21,3,183.23,9
2020-10-29 09:34:15,182.83,182.81,1,182.76,1,182.9,2,182.9,182.76,182.76,1,182.75,6,182.63,14,182.62,7,182.61,2,182.12,1,182.11,5,,,,,,,182.9,2,182.91,1,182.97,4,183.02,7,183.03,13,183.05,3,183.1,2,183.13,1,183.15,1,183.16,12
2020-10-29 09:34:16,182.86,182.82,2,182.75,3,182.97,6,182.97,182.75,182.75,3,182.74,1,182.7,2,182.63,14,182.62,7,182.61,2,182.12,1,182.11,5,,,,,182.97,6,183.02,7,183.03,13,183.05,3,183.1,2,183.13,1,183.15,1,183.16,12,183.17,3,183.18,5
2020-10-29 09:34:17,182.86,182.86,1,182.75,7,182.97,9,182.97,182.75,182.75,7,182.74,1,182.7,2,182.63,14,182.62,7,182.61,2,182.12,1,182.11,5,,,,,182.97,9,183.02,7,183.03,13,183.05,3,183.1,2,183.13,1,183.15,1,183.16,12,183.17,3,183.18,5
2020-10-29 09:34:18,182.865,182.86,1,182.76,11,182.97,14,182.97,182.76,182.76,11,182.75,7,182.74,1,182.7,2,182.63,14,182.62,7,182.61,2,182.12,1,182.11,5,,,182.97,14,183.02,7,183.03,13,183.05,3,183.1,2,183.13,1,183.15,1,183.16,12,183.17,3,183.18,5
2020-10-29 09:34:19,182.86,182.86,1,182.76,12,182.96,12,182.96,182.76,182.76,12,182.75,7,182.74,1,182.7,2,182.63,14,182.62,7,182.61,2,182.12,1,182.11,5,,,182.96,12,182.97,14,183.02,7,183.03,13,183.05,3,183.1,2,183.13,1,183.15,1,183.16,12,183.17,3
2020-10-29 09:34:20,182.745,182.74,1,182.65,2,182.84,1,182.84,182.65,182.65,2,182.63,16,182.62,7,182.61,2,182.12,1,182.11,5,,,,,,,,,182.84,1,182.85,16,182.86,2,182.95,12,182.96,9,182.97,14,183.02,7,183.03,13,183.05,3,183.1,2
2020-10-29 09:34:21,182.735,182.74,2,182.66,2,182.81,1,182.81,182.66,182.66,2,182.62,10,182.61,2,182.12,1,182.11,5,,,,,,,,,,,182.81,1,182.82,9,182.83,5,182.84,4,182.85,16,182.86,2,182.95,12,182.96,9,182.97,14,183.02,7
2020-10-29 09:34:22,182.74,182.74,1,182.67,4,182.81,3,182.81,182.67,182.67,4,182.66,2,182.62,10,182.61,2,182.12,1,182.11,5,,,,,,,,,182.81,3,182.82,9,182.83,5,182.84,4,182.85,16,182.86,2,182.95,12,182.96,9,182.97,14,183.02,7
2020-10-29 09:34:23,182.735,182.74,1,182.66,4,182.81,7,182.81,182.66,182.66,4,182.64,1,182.62,10,182.61,2,182.12,1,182.11,5,,,,,,,,,182.81,7,182.82,9,182.83,5,182.84,4,182.85,16,182.86,2,182.95,12,182.96,9,182.97,14,183.02,7
2020-10-29 09:34:24,182.73,182.73,1,182.66,4,182.8,4,182.8,182.66,182.66,4,182.64,1,182.62,10,182.61,2,182.12,1,182.11,5,,,,,,,,,182.8,4,182.81,7,182.82,9,182.83,5,182.84,4,182.85,16,182.86,2,182.95,12,182.96,9,182.97,14
2020-10-29 09:34:25,182.705,182.71,1,182.62,15,182.79,12,182.79,182.62,182.62,15,182.61,2,182.12,1,182.11,5,,,,,,,,,,,,,182.79,12,182.8,17,182.81,7,182.82,9,182.83,5,182.84,4,182.85,16,182.86,2,182.95,12,182.96,9
2020-10-29 09:34:26,182.7,182.75,1,182.62,12,182.78,3,182.78,182.62,182.62,12,182.61,2,182.12,1,182.11,5,,,,,,,,,,,,,182.78,3,182.79,17,182.8,17,182.81,7,182.82,9,182.83,5,182.84,4,182.85,16,182.86,2,182.95,12
2020-10-29 09:34:27,182.7,182.75,1,182.62,13,182.78,4,182.78,182.62,182.62,13,182.61,2,182.12,1,182.11,5,,,,,,,,,,,,,182.78,4,182.79,17,182.8,17,182.81,7,182.82,9,182.83,5,182.84,4,182.85,16,182.86,2,182.95,12
2020-10-29 09:34:28,182.625,182.63,1,182.53,1,182.72,3,182.72,182.53,182.53,1,182.52,1,182.12,1,182.11,5,,,,,,,,,,,,,182.72,3,182.73,4,182.74,6,182.76,2,182.78,15,182.79,17,182.8,17,182.81,7,182.82,9,182.83,5
2020-10-29 09:34:29,182.625,182.71,4,182.53,4,182.72,4,182.72,182.53,182.53,4,182.52,1,182.12,1,182.11,5,,,,,,,,,,,,,182.72,4,182.73,4,182.74,6,182.76,2,182.78,15,182.79,17,182.8,17,182.81,7,182.82,9,182.83,5
2020-10-29 09:34:30,182.625,182.71,4,182.53,4,182.72,4,182.72,182.53,182.53,4,182.52,1,182.12,1,182.11,5,,,,,,,,,,,,,182.72,4,182.73,4,182.74,6,182.76,2,182.78,15,182.79,17,182.8,17,182.81,7,182.82,9,182.83,5
2020-10-29 09:34:31,182.62,182.53,1,182.53,6,182.71,2,182.71,182.53,182.53,6,182.52,1,182.12,1,182.11,5,,,,,,,,,,,,,182.71,2,182.72,6,182.73,4,182.74,6,182.76,2,182.78,15,182.79,17,182.8,17,182.81,7,182.82,9
2020-10-29 09:34:32,182.8,182.88,1,182.72,1,182.88,7,182.88,182.72,182.72,1,182.7,1,182.66,2,182.63,1,182.62,2,182.54,8,182.53,12,182.52,1,182.12,1,182.11,5,182.88,7,182.95,12,182.96,9,182.97,14,183.02,7,183.03,13,183.05,3,183.1,2,183.13,1,183.15,1
2020-10-29 09:34:33,182.79,182.79,1,182.72,2,182.86,4,182.86,182.72,182.72,2,182.7,1,182.66,2,182.63,1,182.62,2,182.54,8,182.53,12,182.52,1,182.12,1,182.11,5,182.86,4,182.88,6,182.95,12,182.96,9,182.97,14,183.02,7,183.03,13,183.05,3,183.1,2,183.13,1
2020-10-29 09:34:34,182.7,182.7,1,182.62,3,182.78,5,182.78,182.62,182.62,3,182.54,8,182.53,12,182.52,1,182.12,1,182.11,5,,,,,,,,,182.78,5,182.86,4,182.88,6,182.95,12,182.96,9,182.97,14,183.02,7,183.03,13,183.05,3,183.1,2
2020-10-29 09:34:35,182.595,182.6,3,182.51,1,182.68,3,182.68,182.51,182.51,1,182.12,1,182.11,5,,,,,,,,,,,,,,,182.68,3,182.78,5,182.86,4,182.88,6,182.95,12,182.96,9,182.97,14,183.02,7,183.03,13,183.05,3
2020-10-29 09:34:36,182.595,182.6,3,182.51,1,182.68,3,182.68,182.51,182.51,1,182.12,1,182.11,5,,,,,,,,,,,,,,,182.68,3,182.78,5,182.86,4,182.88,6,182.95,12,182.96,9,182.97,14,183.02,7,183.03,13,183.05,3
2020-10-29 09:34:37,182.565,182.56,2,182.5,27,182.63,3,182.63,182.5,182.5,27,182.12,1,182.11,5,,,,,,,,,,,,,,,182.63,3,182.67,3,182.68,3,182.78,5,182.86,4,182.88,6,182.95,12,182.96,9,182.97,14,183.02,7
2020-10-29 09:34:38,182.555,182.56,2,182.5,27,182.61,3,182.61,182.5,182.5,27,182.12,1,182.11,5,,,,,,,,,,,,,,,182.61,3,182.62,3,182.63,3,182.67,3,182.68,3,182.78,5,182.86,4,182.88,6,182.95,12,182.96,9
2020-10-29 09:34:39,182.405,182.47,4,182.31,1,182.5,3,182.5,182.31,182.31,1,182.3,18,182.12,1,182.11,5,,,,,,,,,,,,,182.5,3,182.55,13,182.56,7,182.6,3,182.61,3,182.62,3,182.63,3,182.67,3,182.68,3,182.78,5
2020-10-29 09:34:40,182.405,182.48,1,182.31,5,182.5,4,182.5,182.31,182.31,5,182.3,18,182.12,1,182.11,5,,,,,,,,,,,,,182.5,4,182.55,13,182.56,7,182.6,3,182.61,3,182.62,3,182.63,3,182.67,3,182.68,3,182.78,5
2020-10-29 09:34:41,182.41,182.32,1,182.32,2,182.5,4,182.5,182.32,182.32,2,182.31,5,182.3,18,182.12,1,182.11,5,,,,,,,,,,,182.5,4,182.55,13,182.56,7,182.6,3,182.61,3,182.62,3,182.63,3,182.67,3,182.68,3,182.78,5
2020-10-29 09:34:42,182.405,182.43,5,182.32,2,182.49,1,182.49,182.32,182.32,2,182.31,5,182.3,18,182.12,1,182.11,5,,,,,,,,,,,182.49,1,182.5,7,182.55,13,182.56,7,182.6,3,182.61,3,182.62,3,182.63,3,182.67,3,182.68,3
2020-10-29 09:34:43,182.59,182.59,1,182.49,4,182.69,3,182.69,182.49,182.49,4,182.48,2,182.41,1,182.32,2,182.31,5,182.3,18,182.12,1,182.11,5,,,,,182.69,3,182.81,1,182.86,4,182.88,6,182.95,12,182.96,9,182.97,14,183.02,7,183.03,13,183.05,3
2020-10-29 09:34:44,182.595,182.5,1,182.5,2,182.69,12,182.69,182.5,182.5,2,182.49,9,182.48,2,182.41,1,182.32,2,182.31,5,182.3,18,182.12,1,182.11,5,,,182.69,12,182.81,1,182.86,4,182.88,6,182.95,12,182.96,9,182.97,14,183.02,7,183.03,13,183.05,3
2020-10-29 09:34:45,182.595,182.53,1,182.5,2,182.69,12,182.69,182.5,182.5,2,182.49,9,182.48,2,182.41,1,182.32,2,182.31,5,182.3,18,182.12,1,182.11,5,,,182.69,12,182.81,1,182.86,4,182.88,6,182.95,12,182.96,9,182.97,14,183.02,7,183.03,13,183.05,3
2020-10-29 09:34:46,182.415,182.37,1,182.33,4,182.5,2,182.5,182.33,182.33,4,182.32,10,182.31,5,182.3,18,182.12,1,182.11,5,,,,,,,,,182.5,2,182.51,2,182.64,1,182.68,12,182.69,12,182.81,1,182.86,4,182.88,6,182.95,12,182.96,9
2020-10-29 09:34:47,182.395,182.33,1,182.32,11,182.47,4,182.47,182.32,182.32,11,182.31,5,182.3,18,182.12,1,182.11,5,,,,,,,,,,,182.47,4,182.48,9,182.51,3,182.64,1,182.68,12,182.69,12,182.81,1,182.86,4,182.88,6,182.95,12
2020-10-29 09:34:48,182.395,182.4,1,182.32,11,182.47,8,182.47,182.32,182.32,11,182.31,5,182.3,18,182.12,1,182.11,5,,,,,,,,,,,182.47,8,182.48,9,182.51,3,182.64,1,182.68,12,182.69,12,182.81,1,182.86,4,182.88,6,182.95,12
2020-10-29 09:34:49,182.385,182.3,1,182.3,2,182.47,8,182.47,182.3,182.3,2,182.27,5,182.12,1,182.11,5,,,,,,,,,,,,,182.47,8,182.48,9,182.51,3,182.64,1,182.68,12,182.69,12,182.81,1,182.86,4,182.88,6,182.95,12
2020-10-29 09:34:50,182.38,182.4,1,182.3,2,182.46,6,182.46,182.3,182.3,2,182.27,5,182.12,1,182.11,5,,,,,,,,,,,,,182.46,6,182.47,8,182.48,9,182.51,3,182.64,1,182.68,12,182.69,12,182.81,1,182.86,4,182.88,6
2020-10-29 09:34:51,182.32,182.32,1,182.29,4,182.35,8,182.35,182.29,182.29,4,182.27,5,182.12,1,182.11,5,,,,,,,,,,,,,182.35,8,182.39,9,182.4,6,182.45,1,182.46,6,182.47,8,182.48,9,182.51,3,182.64,1,182.68,12
2020-10-29 09:34:52,182.2,182.12,2,182.13,2,182.27,1,182.27,182.13,182.13,2,182.12,1,182.11,5,,,,,,,,,,,,,,,182.27,1,182.28,3,182.3,3,182.32,7,182.34,11,182.35,13,182.39,9,182.4,6,182.45,1,182.46,6
2020-10-29 09:34:53,182.2,182.22,12,182.13,5,182.27,3,182.27,182.13,182.13,5,182.12,1,182.11,5,,,,,,,,,,,,,,,182.27,3,182.28,3,182.3,3,182.32,7,182.34,11,182.35,13,182.39,9,182.4,6,182.45,1,182.46,6
2020-10-29 09:34:54,182.195,182.2,1,182.13,5,182.26,22,182.26,182.13,182.13,5,182.12,1,182.11,5,,,,,,,,,,,,,,,182.26,22,182.27,10,182.28,3,182.3,3,182.32,7,182.34,11,182.35,13,182.39,9,182.4,6,182.45,1
2020-10-29 09:34:55,182.195,182.2,3,182.13,5,182.26,21,182.26,182.13,182.13,5,182.12,1,182.11,5,,,,,,,,,,,,,,,182.26,21,182.27,10,182.28,3,182.3,3,182.32,7,182.34,11,182.35,13,182.39,9,182.4,6,182.45,1
2020-10-29 09:34:56,182.195,182.2,1,182.13,7,182.26,15,182.26,182.13,182.13,7,182.12,1,182.11,5,,,,,,,,,,,,,,,182.26,15,182.27,10,182.28,3,182.3,3,182.32,7,182.34,11,182.35,13,182.39,9,182.4,6,182.45,1
2020-10-29 09:34:57,182.185,182.13,2,182.13,4,182.24,16,182.24,182.13,182.13,4,182.12,1,182.11,5,,,,,,,,,,,,,,,182.24,16,182.25,9,182.26,17,182.27,10,182.28,3,182.3,3,182.32,7,182.34,11,182.35,13,182.39,9
2020-10-29 09:34:58,182.06,182.02,1,182.01,1,182.11,1,182.11,182.01,182.01,1,,,,,,,,,,,,,,,,,,,182.11,1,182.12,2,182.13,1,182.14,4,182.16,8,182.23,16,182.24,17,182.25,9,182.26,17,182.27,10
2020-10-29 09:34:59,182.045,182.02,1,182.0,39,182.09,4,182.09,182.0,182.0,39,,,,,,,,,,,,,,,,,,,182.09,4,182.1,1,182.11,1,182.12,2,182.13,1,182.14,4,182.16,8,182.23,16,182.24,17,182.25,9
2020-10-29 09:35:00,182.13,182.07,1,182.07,3,182.19,6,182.19,182.07,182.07,3,182.06,6,182.0,3,181.96,3,181.95,3,,,,,,,,,,,182.19,6,182.23,16,182.24,17,182.25,9,182.26,17,182.27,10,182.28,3,182.3,3,182.32,7,182.34,11
2020-10-29 09:35:01,182.245,182.25,1,182.14,20,182.35,3,182.35,182.14,182.14,20,182.13,8,182.07,3,182.06,6,182.0,3,181.96,3,181.95,3,,,,,,,182.35,3,182.39,2,182.4,1,182.44,1,182.46,3,182.47,8,182.48,9,182.51,3,182.64,1,182.68,12
2020-10-29 09:35:02,182.265,182.25,1,182.18,2,182.35,4,182.35,182.18,182.18,2,182.14,20,182.13,8,182.07,3,182.06,6,182.0,3,181.96,3,181.95,3,,,,,182.35,4,182.39,2,182.4,1,182.44,1,182.46,3,182.47,8,182.48,9,182.51,3,182.64,1,182.68,12
2020-10-29 09:35:03,182.275,182.35,5,182.2,5,182.35,4,182.35,182.2,182.2,5,182.18,2,182.14,20,182.13,8,182.07,3,182.06,6,182.0,3,181.96,3,181.95,3,,,182.35,4,182.39,2,182.4,1,182.44,1,182.46,3,182.47,8,182.48,9,182.51,3,182.64,1,182.68,12
2020-10-29 09:35:04,182.275,182.33,3,182.2,6,182.35,13,182.35,182.2,182.2,6,182.18,2,182.14,20,182.13,8,182.07,3,182.06,6,182.0,3,181.96,3,181.95,3,,,182.35,13,182.39,2,182.4,1,182.44,1,182.46,3,182.47,8,182.48,9,182.51,3,182.64,1,182.68,12
2020-10-29 09:35:05,182.39,182.3,1,182.29,3,182.49,2,182.49,182.29,182.29,3,182.28,16,182.21,9,182.2,6,182.18,2,182.14,20,182.13,8,182.07,3,182.06,6,182.0,3,182.49,2,182.5,3,182.51,3,182.64,1,182.68,12,182.69,12,182.81,1,182.86,4,182.88,6,182.95,12
2020-10-29 09:35:06,182.385,182.32,1,182.29,9,182.48,7,182.48,182.29,182.29,9,182.28,16,182.21,9,182.2,6,182.18,2,182.14,20,182.13,8,182.07,3,182.06,6,182.0,3,182.48,7,182.49,10,182.5,3,182.51,3,182.64,1,182.68,12,182.69,12,182.81,1,182.86,4,182.88,6
2020-10-29 09:35:07,182.295,182.3,1,182.21,13,182.38,11,182.38,182.21,182.21,13,182.2,8,182.18,2,182.14,20,182.13,8,182.07,3,182.06,6,182.0,3,181.96,3,181.95,3,182.38,11,182.39,2,182.45,1,182.48,7,182.49,10,182.5,3,182.51,3,182.64,1,182.68,12,182.69,12
2020-10-29 09:35:08,182.28,182.3,1,182.2,8,182.36,3,182.36,182.2,182.2,8,182.18,2,182.14,20,182.13,8,182.07,3,182.06,6,182.0,3,181.96,3,181.95,3,,,182.36,3,182.37,3,182.38,14,182.39,2,182.45,1,182.48,7,182.49,10,182.5,3,182.51,3,182.64,1
2020-10-29 09:35:09,182.19,182.15,2,182.13,10,182.25,2,182.25,182.13,182.13,10,182.07,3,182.06,6,182.0,3,181.96,3,181.95,3,,,,,,,,,182.25,2,182.28,1,182.35,3,182.36,6,182.37,3,182.38,14,182.39,2,182.45,1,182.48,7,182.49,10
2020-10-29 09:35:10,182.185,182.15,2,182.13,10,182.24,3,182.24,182.13,182.13,10,182.07,3,182.06,6,182.0,3,181.96,3,181.95,3,,,,,,,,,182.24,3,182.25,2,182.28,1,182.35,3,182.36,6,182.37,3,182.38,14,182.39,2,182.45,1,182.48,7
2020-10-29 09:35:11,182.165,182.13,1,182.11,4,182.22,20,182.22,182.11,182.11,4,182.07,3,182.06,6,182.0,3,181.96,3,181.95,3,,,,,,,,,182.22,20,182.23,6,182.24,3,182.25,2,182.28,1,182.35,3,182.36,6,182.37,3,182.38,14,182.39,2
2020-10-29 09:35:12,182.075,182.1,1,182.0,2,182.15,3,182.15,182.0,182.0,2,181.96,3,181.95,3,,,,,,,,,,,,,,,182.15,3,182.16,3,182.17,2,182.18,3,182.22,21,182.23,6,182.24,3,182.25,2,182.28,1,182.35,3
2020-10-29 09:35:13,182.075,182.06,2,182.01,2,182.14,3,182.14,182.01,182.01,2,182.0,2,181.96,3,181.95,3,,,,,,,,,,,,,182.14,3,182.15,3,182.16,3,182.17,2,182.18,3,182.22,21,182.23,6,182.24,3,182.25,2,182.28,1
2020-10-29 09:35:14,182.07,182.02,1,182.01,5,182.13,3,182.13,182.01,182.01,5,182.0,2,181.96,3,181.95,3,,,,,,,,,,,,,182.13,3,182.14,4,182.15,3,182.16,3,182.17,2,182.18,3,182.22,21,182.23,6,182.24,3,182.25,2
2020-10-29 09:35:15,181.985,182.0,7,181.92,2,182.05,3,182.05,181.92,181.92,2,181.9,4,181.87,5,,,,,,,,,,,,,,,182.05,3,182.06,3,182.12,9,182.13,8,182.14,4,182.15,3,182.16,3,182.17,2,182.18,3,182.22,21
2020-10-29 09:35:16,182.07,182.07,1,182.01,3,182.13,13,182.13,182.01,182.01,3,181.99,2,181.97,2,181.92,2,181.9,4,181.87,5,,,,,,,,,182.13,13,182.14,4,182.15,3,182.16,3,182.17,2,182.18,3,182.22,21,182.23,6,182.24,3,182.25,2
2020-10-29 09:35:17,182.07,182.05,1,182.01,4,182.13,10,182.13,182.01,182.01,4,181.99,2,181.97,2,181.92,2,181.9,4,181.87,5,,,,,,,,,182.13,10,182.14,4,182.15,3,182.16,3,182.17,2,182.18,3,182.22,21,182.23,6,182.24,3,182.25,2
2020-10-29 09:35:18,182.07,182.07,1,182.01,4,182.13,10,182.13,182.01,182.01,4,181.99,2,181.97,2,181.92,2,181.9,4,181.87,5,,,,,,,,,182.13,10,182.14,4,182.15,3,182.16,3,182.17,2,182.18,3,182.22,21,182.23,6,182.24,3,182.25,2
2020-10-29 09:35:19,182.07,182.07,1,182.01,4,182.13,11,182.13,182.01,182.01,4,181.99,2,181.97,2,181.92,2,181.9,4,181.87,5,,,,,,,,,182.13,11,182.14,4,182.15,3,182.16,3,182.17,2,182.18,3,182.22,21,182.23,6,182.24,3,182.25,2
2020-10-29 09:35:20,182.34,182.32,3,182.22,5,182.46,2,182.46,182.22,182.22,5,182.21,2,182.2,5,182.12,5,182.1,3,182.08,9,182.07,5,182.04,4,182.02,2,182.01,4,182.46,2,182.48,7,182.49,10,182.5,3,182.51,3,182.64,1,182.68,12,182.69,12,182.81,1,182.86,4
2020-10-29 09:35:21,182.315,182.31,1,182.23,3,182.4,5,182.4,182.23,182.23,3,182.22,5,182.21,2,182.2,5,182.12,5,182.1,3,182.08,9,182.07,5,182.04,4,182.02,2,182.4,5,182.46,5,182.48,7,182.49,10,182.5,3,182.51,3,182.64,1,182.68,12,182.69,12,182.81,1
2020-10-29 09:35:22,182.31,182.31,1,182.23,3,182.39,3,182.39,182.23,182.23,3,182.22,4,182.21,2,182.2,5,182.12,5,182.1,3,182.08,9,182.07,5,182.04,4,182.02,2,182.39,3,182.4,5,182.46,5,182.48,7,182.49,10,182.5,3,182.51,3,182.64,1,182.68,12,182.69,12
2020-10-29 09:35:23,182.155,182.18,1,182.1,12,182.21,3,182.21,182.1,182.1,12,182.08,9,182.07,5,182.04,4,182.02,2,182.01,4,181.99,2,181.97,2,181.92,2,181.9,4,182.21,3,182.31,3,182.35,2,182.39,7,182.4,5,182.46,5,182.48,7,182.49,10,182.5,3,182.51,3
2020-10-29 09:35:24,182.155,182.16,1,182.1,12,182.21,3,182.21,182.1,182.1,12,182.08,9,182.07,5,182.04,4,182.02,2,182.01,4,181.99,2,181.97,2,181.92,2,181.9,4,182.21,3,182.31,3,182.35,2,182.39,7,182.4,5,182.46,5,182.48,7,182.49,10,182.5,3,182.51,3
2020-10-29 09:35:25,182.155,182.16,1,182.1,12,182.21,3,182.21,182.1,182.1,12,182.08,9,182.07,5,182.04,4,182.02,2,182.01,4,181.99,2,181.97,2,181.92,2,181.9,4,182.21,3,182.31,3,182.35,2,182.39,7,182.4,5,182.46,5,182.48,7,182.49,10,182.5,3,182.51,3
2020-10-29 09:35:26,182.155,182.16,1,182.1,12,182.21,3,182.21,182.1,182.1,12,182.08,9,182.07,5,182.04,4,182.02,2,182.01,4,181.99,2,181.97,2,181.92,2,181.9,4,182.21,3,182.31,3,182.35,2,182.39,7,182.4,5,182.46,5,182.48,7,182.49,10,182.5,3,182.51,3
2020-10-29 09:35:27,182.155,182.16,1,182.1,12,182.21,3,182.21,182.1,182.1,12,182.08,9,182.07,5,182.04,4,182.02,2,182.01,4,181.99,2,181.97,2,181.92,2,181.9,4,182.21,3,182.31,3,182.35,2,182.39,7,182.4,5,182.46,5,182.48,7,182.49,10,182.5,3,182.51,3
2020-10-29 09:35:28,182.1,182.05,1,182.05,1,182.15,2,182.15,182.05,182.05,1,182.04,4,182.02,2,182.01,4,181.99,2,181.97,2,181.92,2,181.9,4,181.87,5,,,182.15,2,182.16,7,182.21,5,182.31,3,182.35,2,182.39,7,182.4,5,182.46,5,182.48,7,182.49,10
2020-10-29 09:35:29,182.005,182.0,1,181.96,1,182.05,2,182.05,181.96,181.96,1,181.92,2,181.9,4,181.87,5,,,,,,,,,,,,,182.05,2,182.08,3,182.12,6,182.13,3,182.15,2,182.16,7,182.21,5,182.31,3,182.35,2,182.39,7
2020-10-29 09:35:30,181.96,181.96,1,181.89,5,182.03,11,182.03,181.89,181.89,5,181.88,2,181.87,5,,,,,,,,,,,,,,,182.03,11,182.04,6,182.05,2,182.08,3,182.12,6,182.13,3,182.15,2,182.16,7,182.21,5,182.31,3
2020-10-29 09:35:31,181.935,181.94,1,181.89,5,181.98,3,181.98,181.89,181.89,5,181.88,2,181.87,5,,,,,,,,,,,,,,,181.98,3,182.02,2,182.03,11,182.04,6,182.05,2,182.08,3,182.12,6,182.13,3,182.15,2,182.16,7
2020-10-29 09:35:32,181.86,181.87,1,181.81,1,181.91,3,181.91,181.81,181.81,1,,,,,,,,,,,,,,,,,,,181.91,3,181.94,4,181.95,1,181.96,1,181.98,3,182.02,2,182.03,11,182.04,6,182.05,2,182.08,3
2020-10-29 09:35:33,181.85,181.87,1,181.81,1,181.89,2,181.89,181.81,181.81,1,,,,,,,,,,,,,,,,,,,181.89,2,181.9,4,181.91,3,181.94,4,181.95,1,181.96,1,181.98,3,182.02,2,182.03,11,182.04,6
2020-10-29 09:35:34,181.85,181.81,1,181.81,4,181.89,3,181.89,181.81,181.81,4,,,,,,,,,,,,,,,,,,,181.89,3,181.9,4,181.91,3,181.94,4,181.95,1,181.96,1,181.98,3,182.02,2,182.03,11,182.04,6
2020-10-29 09:35:35,181.85,181.87,1,181.81,4,181.89,5,181.89,181.81,181.81,4,,,,,,,,,,,,,,,,,,,181.89,5,181.9,4,181.91,3,181.94,4,181.95,1,181.96,1,181.98,3,182.02,2,182.03,11,182.04,6
2020-10-29 09:35:36,181.85,181.87,1,181.81,6,181.89,5,181.89,181.81,181.81,6,181.8,3,,,,,,,,,,,,,,,,,181.89,5,181.9,4,181.91,3,181.94,4,181.95,1,181.96,1,181.98,3,182.02,2,182.03,11,182.04,6
2020-10-29 09:35:37,181.85,181.85,1,181.81,6,181.89,5,181.89,181.81,181.81,6,181.8,3,,,,,,,,,,,,,,,,,181.89,5,181.9,4,181.91,3,181.94,4,181.95,1,181.96,1,181.98,3,182.02,2,182.03,11,182.04,6
2020-10-29 09:35:38,181.955,181.96,1,181.89,17,182.02,5,182.02,181.89,181.89,17,181.88,2,181.81,6,181.8,3,,,,,,,,,,,,,182.02,5,182.03,11,182.04,6,182.05,2,182.08,3,182.12,6,182.13,3,182.15,2,182.16,7,182.21,5
2020-10-29 09:35:39,181.955,181.96,1,181.89,18,182.02,12,182.02,181.89,181.89,18,181.88,2,181.81,6,181.8,3,,,,,,,,,,,,,182.02,12,182.03,11,182.04,6,182.05,2,182.08,3,182.12,6,182.13,3,182.15,2,182.16,7,182.21,5
2020-10-29 09:35:40,181.905,181.85,1,181.84,1,181.97,3,181.97,181.84,181.84,1,181.81,6,181.8,3,,,,,,,,,,,,,,,181.97,3,182.02,12,182.03,11,182.04,6,182.05,2,182.08,3,182.12,6,182.13,3,182.15,2,182.16,7
2020-10-29 09:35:41,181.88,181.85,1,181.84,2,181.92,2,181.92,181.84,181.84,2,181.81,6,181.8,3,,,,,,,,,,,,,,,181.92,2,181.97,3,182.02,12,182.03,11,182.04,6,182.05,2,182.08,3,182.12,6,182.13,3,182.15,2
2020-10-29 09:35:42,181.805,181.81,1,181.7,7,181.91,11,181.91,181.7,181.7,7,,,,,,,,,,,,,,,,,,,181.91,11,181.92,2,181.97,3,182.02,12,182.03,11,182.04,6,182.05,2,182.08,3,182.12,6,182.13,3
2020-10-29 09:35:43,181.775,181.78,2,181.71,8,181.84,2,181.84,181.71,181.71,8,181.7,11,,,,,,,,,,,,,,,,,181.84,2,181.89,1,181.9,6,181.91,6,181.92,2,181.97,3,182.02,12,182.03,11,182.04,6,182.05,2
2020-10-29 09:35:44,181.77,181.78,2,181.7,14,181.84,2,181.84,181.7,181.7,14,,,,,,,,,,,,,,,,,,,181.84,2,181.89,1,181.9,6,181.91,6,181.92,2,181.97,3,182.02,12,182.03,11,182.04,6,182.05,2
2020-10-29 09:35:45,181.655,181.66,1,181.6,7,181.71,3,181.71,181.6,181.6,7,181.59,1,,,,,,,,,,,,,,,,,181.71,3,181.77,2,181.82,1,181.83,12,181.84,12,181.89,1,181.9,6,181.91,6,181.92,2,181.97,3
2020-10-29 09:35:46,181.71,181.71,1,181.65,3,181.77,1,181.77,181.65,181.65,3,181.6,7,181.59,1,,,,,,,,,,,,,,,181.77,1,181.83,14,181.84,12,181.89,1,181.9,6,181.91,6,181.92,2,181.97,3,182.02,12,182.03,11
2020-10-29 09:35:47,181.89,181.84,1,181.79,5,181.99,1,181.99,181.79,181.79,5,181.77,2,181.76,2,181.66,2,181.65,3,181.6,7,181.59,1,,,,,,,181.99,1,182.02,12,182.03,11,182.04,6,182.05,2,182.08,3,182.12,6,182.13,3,182.15,2,182.16,7
2020-10-29 09:35:48,181.875,181.84,1,181.82,2,181.93,1,181.93,181.82,181.82,2,181.79,5,181.77,2,181.76,2,181.66,2,181.65,3,181.6,7,181.59,1,,,,,181.93,1,181.99,4,182.02,12,182.03,11,182.04,6,182.05,2,182.08,3,182.12,6,182.13,3,182.15,2
2020-10-29 09:35:49,181.76,181.76,2,181.7,3,181.82,2,181.82,181.7,181.7,3,181.66,2,181.65,3,181.6,7,181.59,1,,,,,,,,,,,181.82,2,181.83,3,181.93,3,181.99,4,182.02,12,182.03,11,182.04,6,182.05,2,182.08,3,182.12,6
2020-10-29 09:35:50,181.76,181.76,1,181.7,4,181.82,2,181.82,181.7,181.7,4,181.66,2,181.65,3,181.6,7,181.59,1,,,,,,,,,,,181.82,2,181.83,3,181.93,3,181.99,4,182.02,12,182.03,11,182.04,6,182.05,2,182.08,3,182.12,6
2020-10-29 09:35:51,181.765,181.76,1,181.71,1,181.82,7,181.82,181.71,181.71,1,181.7,6,181.66,2,181.65,3,181.6,7,181.59,1,,,,,,,,,181.82,7,181.83,3,181.93,3,181.99,4,182.02,12,182.03,11,182.04,6,182.05,2,182.08,3,182.12,6
2020-10-29 09:35:52,181.65,181.66,3,181.6,12,181.7,2,181.7,181.6,181.6,12,181.59,1,,,,,,,,,,,,,,,,,181.7,2,181.73,1,181.75,3,181.77,2,181.81,8,181.82,11,181.83,3,181.93,3,181.99,4,182.02,12
2020-10-29 09:35:53,181.65,181.66,3,181.6,13,181.7,2,181.7,181.6,181.6,13,181.59,1,,,,,,,,,,,,,,,,,181.7,2,181.73,1,181.75,3,181.77,2,181.81,8,181.82,11,181.83,3,181.93,3,181.99,4,182.02,12
2020-10-29 09:35:54,181.72,181.69,1,181.66,4,181.78,3,181.78,181.66,181.66,4,181.65,1,181.6,13,181.59,1,,,,,,,,,,,,,181.78,3,181.81,14,181.82,11,181.83,3,181.93,3,181.99,4,182.02,12,182.03,11,182.04,6,182.05,2
2020-10-29 09:35:55,181.695,181.69,1,181.66,5,181.73,1,181.73,181.66,181.66,5,181.65,1,181.6,13,181.59,1,,,,,,,,,,,,,181.73,1,181.77,3,181.78,9,181.81,14,181.82,11,181.83,3,181.93,3,181.99,4,182.02,12,182.03,11
2020-10-29 09:35:56,181.71,181.69,1,181.66,5,181.76,1,181.76,181.66,181.66,5,181.65,1,181.6,13,181.59,1,,,,,,,,,,,,,181.76,1,181.77,14,181.78,9,181.81,14,181.82,11,181.83,3,181.93,3,181.99,4,182.02,12,182.03,11
2020-10-29 09:35:57,181.705,181.66,1,181.66,7,181.75,1,181.75,181.66,181.66,7,181.65,1,181.6,13,181.59,1,,,,,,,,,,,,,181.75,1,181.77,12,181.78,9,181.81,14,181.82,11,181.83,3,181.93,3,181.99,4,182.02,12,182.03,11
2020-10-29 09:35:58,181.67,181.67,1,181.6,12,181.74,2,181.74,181.6,181.6,12,181.59,1,,,,,,,,,,,,,,,,,181.74,2,181.75,3,181.77,12,181.78,9,181.81,14,181.82,11,181.83,3,181.93,3,181.99,4,182.02,12
2020-10-29 09:35:59,181.67,181.67,1,181.6,16,181.74,4,181.74,181.6,181.6,16,181.59,1,,,,,,,,,,,,,,,,,181.74,4,181.75,3,181.77,12,181.78,9,181.81,14,181.82,11,181.83,3,181.93,3,181.99,4,182.02,12
2020-10-29 09:36:00,181.805,181.81,1,181.76,5,181.85,2,181.85,181.76,181.76,5,181.72,7,181.71,3,181.68,19,181.62,8,181.61,9,181.6,19,181.59,1,,,,,181.85,2,181.89,4,181.9,1,181.93,3,181.99,4,182.02,12,182.03,11,182.04,6,182.05,2,182.08,3
2020-10-29 09:36:01,181.805,181.81,1,181.76,5,181.85,5,181.85,181.76,181.76,5,181.72,7,181.71,3,181.68,19,181.62,8,181.61,9,181.6,19,181.59,1,,,,,181.85,5,181.89,4,181.9,1,181.93,3,181.99,4,182.02,12,182.03,11,182.04,6,182.05,2,182.08,3
2020-10-29 09:36:02,181.78,181.76,1,181.72,8,181.84,3,181.84,181.72,181.72,8,181.71,3,181.68,19,181.62,8,181.61,9,181.6,19,181.59,1,,,,,,,181.84,3,181.85,5,181.89,4,181.9,1,181.93,3,181.99,4,182.02,12,182.03,11,182.04,6,182.05,2
2020-10-29 09:36:03,181.78,181.76,1,181.72,9,181.84,4,181.84,181.72,181.72,9,181.71,3,181.68,19,181.62,8,181.61,9,181.6,19,181.59,1,,,,,,,181.84,4,181.85,5,181.89,4,181.9,1,181.93,3,181.99,4,182.02,12,182.03,11,182.04,6,182.05,2
2020-10-29 09:36:05,181.78,181.78,1,181.72,10,181.84,4,181.84,181.72,181.72,10,181.71,3,181.68,19,181.62,8,181.61,9,181.6,19,181.59,1,,,,,,,181.84,4,181.85,5,181.89,4,181.9,1,181.93,3,181.99,4,182.02,12,182.03,11,182.04,6,182.05,2
2020-10-29 09:36:05,181.77,181.72,1,181.72,16,181.82,3,181.82,181.72,181.72,16,181.71,3,181.68,19,181.62,8,181.61,9,181.6,19,181.59,1,,,,,,,181.82,3,181.85,5,181.89,4,181.9,1,181.93,3,181.99,4,182.02,12,182.03,11,182.04,6,182.05,2
2020-10-29 09:36:06,181.75,181.71,3,181.71,11,181.79,3,181.79,181.71,181.71,11,181.68,19,181.62,8,181.61,9,181.6,19,181.59,1,,,,,,,,,181.79,3,181.8,10,181.82,4,181.85,5,181.89,4,181.9,1,181.93,3,181.99,4,182.02,12,182.03,11
2020-10-29 09:36:08,181.745,181.75,1,181.71,11,181.78,1,181.78,181.71,181.71,11,181.68,19,181.62,8,181.61,9,181.6,19,181.59,1,,,,,,,,,181.78,1,181.79,5,181.8,10,181.82,4,181.85,5,181.89,4,181.9,1,181.93,3,181.99,4,182.02,12
2020-10-29 09:36:09,181.75,181.78,1,181.71,16,181.79,2,181.79,181.71,181.71,16,181.68,19,181.62,8,181.61,9,181.6,19,181.59,1,,,,,,,,,181.79,2,181.8,11,181.82,4,181.85,5,181.89,4,181.9,1,181.93,3,181.99,4,182.02,12,182.03,11
2020-10-29 09:36:10,181.675,181.67,2,181.62,9,181.73,6,181.73,181.62,181.62,9,181.61,9,181.6,19,181.59,1,,,,,,,,,,,,,181.73,6,181.75,2,181.78,2,181.79,11,181.8,11,181.82,4,181.85,5,181.89,4,181.9,1,181.93,3
2020-10-29 09:36:11,181.61,181.64,2,181.51,2,181.71,3,181.71,181.51,181.51,2,181.5,12,,,,,,,,,,,,,,,,,181.71,3,181.72,3,181.73,6,181.75,2,181.78,2,181.79,11,181.8,11,181.82,4,181.85,5,181.89,4
2020-10-29 09:36:12,181.605,181.61,1,181.51,5,181.7,2,181.7,181.51,181.51,5,181.5,12,,,,,,,,,,,,,,,,,181.7,2,181.71,8,181.72,3,181.73,6,181.75,2,181.78,2,181.79,11,181.8,11,181.82,4,181.85,5
2020-10-29 09:36:13,181.605,181.61,1,181.51,5,181.7,5,181.7,181.51,181.51,5,181.5,12,,,,,,,,,,,,,,,,,181.7,5,181.71,8,181.72,3,181.73,6,181.75,2,181.78,2,181.79,11,181.8,11,181.82,4,181.85,5
2020-10-29 09:36:14,181.595,181.61,1,181.51,5,181.68,4,181.68,181.51,181.51,5,181.5,12,,,,,,,,,,,,,,,,,181.68,4,181.69,1,181.7,5,181.71,8,181.72,3,181.73,6,181.75,2,181.78,2,181.79,11,181.8,11
2020-10-29 09:36:15,181.595,181.61,1,181.51,5,181.68,4,181.68,181.51,181.51,5,181.5,12,,,,,,,,,,,,,,,,,181.68,4,181.69,1,181.7,5,181.71,8,181.72,3,181.73,6,181.75,2,181.78,2,181.79,11,181.8,11
2020-10-29 09:36:16,181.595,181.61,1,181.51,5,181.68,4,181.68,181.51,181.51,5,181.5,12,,,,,,,,,,,,,,,,,181.68,4,181.69,1,181.7,5,181.71,8,181.72,3,181.73,6,181.75,2,181.78,2,181.79,11,181.8,11
2020-10-29 09:36:17,181.58,181.67,1,181.51,13,181.65,1,181.65,181.51,181.51,13,181.5,12,,,,,,,,,,,,,,,,,181.65,1,181.66,4,181.67,1,181.68,4,181.69,1,181.7,5,181.71,8,181.72,3,181.73,6,181.75,2
2020-10-29 09:36:18,181.575,181.64,2,181.52,3,181.63,3,181.63,181.52,181.52,3,181.51,19,181.5,12,,,,,,,,,,,,,,,181.63,3,181.64,3,181.65,4,181.66,6,181.67,1,181.68,4,181.69,1,181.7,5,181.71,8,181.72,3
2020-10-29 09:36:19,181.575,181.57,1,181.52,8,181.63,3,181.63,181.52,181.52,8,181.51,19,181.5,12,,,,,,,,,,,,,,,181.63,3,181.64,3,181.65,4,181.66,6,181.67,1,181.68,4,181.69,1,181.7,5,181.71,8,181.72,3
2020-10-29 09:36:20,181.505,181.49,4,181.47,8,181.54,1,181.54,181.47,181.47,8,,,,,,,,,,,,,,,,,,,181.54,1,181.6,2,181.63,3,181.64,3,181.65,4,181.66,6,181.67,1,181.68,4,181.69,1,181.7,5
2020-10-29 09:36:21,181.47,181.47,1,181.42,5,181.52,1,181.52,181.42,181.42,5,,,,,,,,,,,,,,,,,,,181.52,1,181.55,2,181.6,3,181.63,3,181.64,3,181.65,4,181.66,6,181.67,1,181.68,4,181.69,1
2020-10-29 09:36:22,181.46,181.47,1,181.4,2,181.52,5,181.52,181.4,181.4,2,,,,,,,,,,,,,,,,,,,181.52,5,181.55,2,181.6,3,181.63,3,181.64,3,181.65,4,181.66,6,181.67,1,181.68,4,181.69,1
2020-10-29 09:36:23,181.355,181.34,1,181.31,4,181.4,3,181.4,181.31,181.31,4,,,,,,,,,,,,,,,,,,,181.4,3,181.45,3,181.46,2,181.47,3,181.51,1,181.52,5,181.55,2,181.6,3,181.63,3,181.64,3
2020-10-29 09:36:24,181.305,181.3,2,181.24,4,181.37,2,181.37,181.24,181.24,4,,,,,,,,,,,,,,,,,,,181.37,2,181.38,1,181.4,4,181.45,3,181.46,2,181.47,3,181.51,1,181.52,5,181.55,2,181.6,3
2020-10-29 09:36:25,181.28,181.28,4,181.24,5,181.32,2,181.32,181.24,181.24,5,,,,,,,,,,,,,,,,,,,181.32,2,181.35,3,181.36,1,181.37,5,181.38,1,181.4,4,181.45,3,181.46,2,181.47,3,181.51,1
2020-10-29 09:36:26,181.285,181.29,1,181.24,12,181.33,4,181.33,181.24,181.24,12,,,,,,,,,,,,,,,,,,,181.33,4,181.34,4,181.35,3,181.36,1,181.37,5,181.38,1,181.4,4,181.45,3,181.46,2,181.47,3
2020-10-29 09:36:27,181.175,181.17,1,181.11,4,181.24,3,181.24,181.11,181.11,4,,,,,,,,,,,,,,,,,,,181.24,3,181.25,8,181.3,1,181.33,4,181.34,4,181.35,3,181.36,1,181.37,5,181.38,1,181.4,4
2020-10-29 09:36:28,181.18,181.24,1,181.12,3,181.24,5,181.24,181.12,181.12,3,181.11,8,,,,,,,,,,,,,,,,,181.24,5,181.25,8,181.3,1,181.33,4,181.34,4,181.35,3,181.36,1,181.37,5,181.38,1,181.4,4
2020-10-29 09:36:29,181.165,181.18,1,181.12,8,181.21,4,181.21,181.12,181.12,8,181.11,10,,,,,,,,,,,,,,,,,181.21,4,181.22,5,181.23,2,181.24,6,181.25,8,181.3,1,181.33,4,181.34,4,181.35,3,181.36,1
2020-10-29 09:36:30,181.165,181.19,1,181.12,4,181.21,3,181.21,181.12,181.12,4,181.11,11,,,,,,,,,,,,,,,,,181.21,3,181.22,5,181.23,2,181.24,9,181.25,8,181.3,1,181.33,4,181.34,4,181.35,3,181.36,1
2020-10-29 09:36:31,181.17,181.21,1,181.12,8,181.22,8,181.22,181.12,181.12,8,181.11,11,,,,,,,,,,,,,,,,,181.22,8,181.23,2,181.24,9,181.25,8,181.3,1,181.33,4,181.34,4,181.35,3,181.36,1,181.37,5
2020-10-29 09:36:32,181.275,181.24,1,181.2,21,181.35,6,181.35,181.2,181.2,21,181.19,9,181.17,12,181.12,8,181.11,11,,,,,,,,,,,181.35,6,181.36,1,181.37,5,181.38,1,181.4,4,181.45,3,181.46,2,181.47,3,181.51,1,181.52,5
2020-10-29 09:36:33,181.275,181.32,1,181.2,21,181.35,9,181.35,181.2,181.2,21,181.19,9,181.17,12,181.12,8,181.11,11,,,,,,,,,,,181.35,9,181.36,1,181.37,5,181.38,1,181.4,4,181.45,3,181.46,2,181.47,3,181.51,1,181.52,5
2020-10-29 09:36:34,181.23,181.11,1,181.12,9,181.34,2,181.34,181.12,181.12,9,181.11,7,,,,,,,,,,,,,,,,,181.34,2,181.35,9,181.36,1,181.37,5,181.38,1,181.4,4,181.45,3,181.46,2,181.47,3,181.51,1
2020-10-29 09:36:35,181.125,181.14,1,181.07,10,181.18,2,181.18,181.07,181.07,10,181.06,5,181.04,3,,,,,,,,,,,,,,,181.18,2,181.22,5,181.28,7,181.29,2,181.34,2,181.35,9,181.36,1,181.37,5,181.38,1,181.4,4
2020-10-29 09:36:36,181.11,181.08,1,181.07,10,181.15,2,181.15,181.07,181.07,10,181.06,5,181.04,3,,,,,,,,,,,,,,,181.15,2,181.18,2,181.22,5,181.28,7,181.29,2,181.34,2,181.35,9,181.36,1,181.37,5,181.38,1
2020-10-29 09:36:37,181.12,181.14,1,181.04,8,181.2,1,181.2,181.04,181.04,8,,,,,,,,,,,,,,,,,,,181.2,1,181.21,3,181.22,5,181.28,7,181.29,2,181.34,2,181.35,9,181.36,1,181.37,5,181.38,1
2020-10-29 09:36:38,181.05,181.04,1,181.03,1,181.07,2,181.07,181.03,181.03,1,181.0,37,,,,,,,,,,,,,,,,,181.07,2,181.2,4,181.21,3,181.22,5,181.28,7,181.29,2,181.34,2,181.35,9,181.36,1,181.37,5
2020-10-29 09:36:39,181.07,181.03,1,181.03,1,181.11,2,181.11,181.03,181.03,1,181.0,37,,,,,,,,,,,,,,,,,181.11,2,181.12,1,181.2,4,181.21,3,181.22,5,181.28,7,181.29,2,181.34,2,181.35,9,181.36,1
2020-10-29 09:36:40,181.055,181.1,1,180.99,16,181.12,2,181.12,180.99,180.99,16,,,,,,,,,,,,,,,,,,,181.12,2,181.17,7,181.18,8,181.2,4,181.21,3,181.22,5,181.28,7,181.29,2,181.34,2,181.35,9
2020-10-29 09:36:41,181.055,181.1,1,180.99,17,181.12,5,181.12,180.99,180.99,17,,,,,,,,,,,,,,,,,,,181.12,5,181.17,7,181.18,8,181.2,4,181.21,3,181.22,5,181.28,7,181.29,2,181.34,2,181.35,9
2020-10-29 09:36:42,181.06,181.1,1,181.0,9,181.12,5,181.12,181.0,181.0,9,180.99,15,,,,,,,,,,,,,,,,,181.12,5,181.17,7,181.18,8,181.2,4,181.21,3,181.22,5,181.28,7,181.29,2,181.34,2,181.35,9
2020-10-29 09:36:43,181.055,181.1,1,181.0,11,181.11,3,181.11,181.0,181.0,11,180.99,15,,,,,,,,,,,,,,,,,181.11,3,181.12,5,181.17,7,181.18,8,181.2,4,181.21,3,181.22,5,181.28,7,181.29,2,181.34,2
2020-10-29 09:36:44,181.055,181.04,1,181.0,13,181.11,2,181.11,181.0,181.0,13,180.99,15,,,,,,,,,,,,,,,,,181.11,2,181.12,5,181.17,7,181.18,8,181.2,4,181.21,3,181.22,5,181.28,7,181.29,2,181.34,2
2020-10-29 09:36:45,181.06,181.04,1,181.0,13,181.12,5,181.12,181.0,181.0,13,180.99,15,,,,,,,,,,,,,,,,,181.12,5,181.17,7,181.18,8,181.2,4,181.21,3,181.22,5,181.28,7,181.29,2,181.34,2,181.35,9
2020-10-29 09:36:46,181.06,181.04,1,181.01,5,181.11,2,181.11,181.01,181.01,5,181.0,18,180.99,15,,,,,,,,,,,,,,,181.11,2,181.12,13,181.17,7,181.18,8,181.2,4,181.21,3,181.22,5,181.28,7,181.29,2,181.34,2
2020-10-29 09:36:47,181.06,181.04,1,181.01,10,181.11,2,181.11,181.01,181.01,10,181.0,19,180.99,15,,,,,,,,,,,,,,,181.11,2,181.12,13,181.17,7,181.18,8,181.2,4,181.21,3,181.22,5,181.28,7,181.29,2,181.34,2
2020-10-29 09:36:48,181.055,181.04,1,181.0,21,181.11,6,181.11,181.0,181.0,21,180.99,15,,,,,,,,,,,,,,,,,181.11,6,181.12,13,181.17,7,181.18,8,181.2,4,181.21,3,181.22,5,181.28,7,181.29,2,181.34,2
2020-10-29 09:36:49,181.06,181.04,1,181.01,5,181.11,6,181.11,181.01,181.01,5,181.0,21,180.99,15,,,,,,,,,,,,,,,181.11,6,181.12,13,181.17,7,181.18,8,181.2,4,181.21,3,181.22,5,181.28,7,181.29,2,181.34,2
2020-10-29 09:36:50,181.14,181.12,1,181.04,3,181.24,3,181.24,181.04,181.04,3,181.03,6,181.01,12,181.0,21,180.99,15,,,,,,,,,,,181.24,3,181.26,2,181.28,7,181.29,2,181.34,2,181.35,9,181.36,1,181.37,5,181.38,1,181.4,4
2020-10-29 09:36:51,181.07,181.09,1,181.01,1,181.13,2,181.13,181.01,181.01,1,181.0,17,180.99,15,,,,,,,,,,,,,,,181.13,2,181.16,1,181.17,2,181.22,1,181.23,2,181.24,3,181.26,2,181.28,7,181.29,2,181.34,2
2020-10-29 09:36:52,181.07,181.09,1,181.01,2,181.13,2,181.13,181.01,181.01,2,181.0,17,180.99,15,,,,,,,,,,,,,,,181.13,2,181.16,1,181.17,2,181.22,1,181.23,2,181.24,3,181.26,2,181.28,7,181.29,2,181.34,2
2020-10-29 09:36:53,181.07,181.05,1,181.01,7,181.13,4,181.13,181.01,181.01,7,181.0,17,180.99,15,,,,,,,,,,,,,,,181.13,4,181.16,1,181.17,2,181.22,1,181.23,2,181.24,3,181.26,2,181.28,7,181.29,2,181.34,2
2020-10-29 09:36:54,181.075,181.12,1,181.02,11,181.13,5,181.13,181.02,181.02,11,181.01,17,181.0,17,180.99,15,,,,,,,,,,,,,181.13,5,181.16,1,181.17,2,181.22,1,181.23,2,181.24,3,181.26,2,181.28,7,181.29,2,181.34,2
2020-10-29 09:36:55,181.07,181.12,1,181.01,10,181.13,5,181.13,181.01,181.01,10,181.0,17,180.99,15,,,,,,,,,,,,,,,181.13,5,181.16,1,181.17,2,181.22,1,181.23,2,181.24,3,181.26,2,181.28,7,181.29,2,181.34,2
2020-10-29 09:36:56,181.07,181.02,1,181.01,10,181.13,9,181.13,181.01,181.01,10,181.0,17,180.99,15,,,,,,,,,,,,,,,181.13,9,181.16,1,181.17,2,181.22,1,181.23,2,181.24,3,181.26,2,181.28,7,181.29,2,181.34,2
2020-10-29 09:36:57,181.07,181.07,1,181.01,13,181.13,8,181.13,181.01,181.01,13,181.0,17,180.99,15,,,,,,,,,,,,,,,181.13,8,181.16,1,181.17,2,181.22,1,181.23,2,181.24,3,181.26,2,181.28,7,181.29,2,181.34,2
2020-10-29 09:36:58,181.06,181.1,1,181.02,2,181.1,2,181.1,181.02,181.02,2,181.01,17,181.0,17,180.99,15,,,,,,,,,,,,,181.1,2,181.12,7,181.13,9,181.16,1,181.17,2,181.22,1,181.23,2,181.24,3,181.26,2,181.28,7
2020-10-29 09:36:59,181.035,180.99,1,180.99,13,181.08,2,181.08,180.99,180.99,13,,,,,,,,,,,,,,,,,,,181.08,2,181.13,8,181.16,1,181.17,2,181.22,1,181.23,2,181.24,3,181.26,2,181.28,7,181.29,2
2020-10-29 09:37:00,181.045,181.06,1,181.02,2,181.07,4,181.07,181.02,181.02,2,180.99,16,,,,,,,,,,,,,,,,,181.07,4,181.08,2,181.13,8,181.16,1,181.17,2,181.22,1,181.23,2,181.24,3,181.26,2,181.28,7
2020-10-29 09:37:01,181.155,181.08,1,181.11,2,181.2,1,181.2,181.11,181.11,2,181.1,4,181.07,21,181.02,2,181.01,2,180.99,16,,,,,,,,,181.2,1,181.22,1,181.23,2,181.24,3,181.26,2,181.28,7,181.29,2,181.34,2,181.35,9,181.36,1
2020-10-29 09:37:02,181.155,181.16,1,181.11,1,181.2,3,181.2,181.11,181.11,1,181.08,2,181.07,21,181.02,2,181.01,2,180.99,16,,,,,,,,,181.2,3,181.22,1,181.23,2,181.24,3,181.26,2,181.28,7,181.29,2,181.34,2,181.35,9,181.36,1
2020-10-29 09:37:03,181.19,181.16,1,181.13,7,181.25,8,181.25,181.13,181.13,7,181.11,1,181.08,2,181.07,21,181.02,2,181.01,2,180.99,16,,,,,,,181.25,8,181.28,10,181.29,2,181.34,2,181.35,9,181.36,1,181.37,5,181.38,1,181.4,4,181.45,3
2020-10-29 09:37:04,181.06,180.99,4,180.99,14,181.13,5,181.13,180.99,180.99,14,,,,,,,,,,,,,,,,,,,181.13,5,181.14,1,181.24,8,181.25,8,181.28,10,181.29,2,181.34,2,181.35,9,181.36,1,181.37,5
2020-10-29 09:37:05,181.06,180.99,4,180.99,14,181.13,7,181.13,180.99,180.99,14,,,,,,,,,,,,,,,,,,,181.13,7,181.14,1,181.24,8,181.25,8,181.28,10,181.29,2,181.34,2,181.35,9,181.36,1,181.37,5
2020-10-29 09:37:06,181.06,181.06,1,180.99,15,181.13,7,181.13,180.99,180.99,15,,,,,,,,,,,,,,,,,,,181.13,7,181.14,1,181.24,8,181.25,8,181.28,10,181.29,2,181.34,2,181.35,9,181.36,1,181.37,5
2020-10-29 09:37:07,181.06,180.99,1,180.99,17,181.13,7,181.13,180.99,180.99,17,,,,,,,,,,,,,,,,,,,181.13,7,181.14,1,181.24,8,181.25,8,181.28,10,181.29,2,181.34,2,181.35,9,181.36,1,181.37,5
2020-10-29 09:37:08,181.06,181.12,1,180.99,17,181.13,7,181.13,180.99,180.99,17,,,,,,,,,,,,,,,,,,,181.13,7,181.14,1,181.24,8,181.25,8,181.28,10,181.29,2,181.34,2,181.35,9,181.36,1,181.37,5
2020-10-29 09:37:09,181.06,181.06,1,180.99,18,181.13,7,181.13,180.99,180.99,18,,,,,,,,,,,,,,,,,,,181.13,7,181.14,1,181.24,8,181.25,8,181.28,10,181.29,2,181.34,2,181.35,9,181.36,1,181.37,5
2020-10-29 09:37:10,181.06,181.06,1,180.99,18,181.13,12,181.13,180.99,180.99,18,,,,,,,,,,,,,,,,,,,181.13,12,181.14,1,181.24,8,181.25,8,181.28,10,181.29,2,181.34,2,181.35,9,181.36,1,181.37,5
2020-10-29 09:37:11,181.065,181.06,1,181.0,2,181.13,12,181.13,181.0,181.0,2,180.99,18,,,,,,,,,,,,,,,,,181.13,12,181.14,1,181.24,8,181.25,8,181.28,10,181.29,2,181.34,2,181.35,9,181.36,1,181.37,5
2020-10-29 09:37:12,181.065,181.07,2,181.0,5,181.13,12,181.13,181.0,181.0,5,180.99,18,,,,,,,,,,,,,,,,,181.13,12,181.14,1,181.24,8,181.25,8,181.28,10,181.29,2,181.34,2,181.35,9,181.36,1,181.37,5
2020-10-29 09:37:13,181.065,181.11,1,181.0,6,181.13,12,181.13,181.0,181.0,6,180.99,18,,,,,,,,,,,,,,,,,181.13,12,181.14,1,181.24,8,181.25,8,181.28,10,181.29,2,181.34,2,181.35,9,181.36,1,181.37,5
2020-10-29 09:37:14,181.035,181.11,1,181.0,8,181.07,1,181.07,181.0,181.0,8,180.99,18,,,,,,,,,,,,,,,,,181.07,1,181.12,10,181.13,12,181.14,1,181.24,8,181.25,8,181.28,10,181.29,2,181.34,2,181.35,9
2020-10-29 09:37:15,181.025,181.05,1,181.0,3,181.05,1,181.05,181.0,181.0,3,180.99,17,,,,,,,,,,,,,,,,,181.05,1,181.06,17,181.07,5,181.12,10,181.13,12,181.14,1,181.24,8,181.25,8,181.28,10,181.29,2
2020-10-29 09:37:16,180.92,180.88,1,180.87,58,180.97,8,180.97,180.87,180.87,58,,,,,,,,,,,,,,,,,,,180.97,8,180.98,6,181.01,11,181.03,1,181.05,5,181.06,17,181.07,5,181.12,10,181.13,12,181.14,1
2020-10-29 09:37:17,180.95,180.99,1,180.91,3,180.99,1,180.99,180.91,180.91,3,180.85,1,180.81,10,180.8,3,,,,,,,,,,,,,180.99,1,181.01,13,181.03,1,181.05,5,181.06,17,181.07,5,181.12,10,181.13,12,181.14,1,181.24,8
2020-10-29 09:37:18,181.18,181.18,1,181.09,2,181.27,3,181.27,181.09,181.09,2,181.05,3,181.04,4,180.99,3,180.91,4,180.85,1,180.81,10,180.8,3,,,,,181.27,3,181.28,13,181.29,2,181.34,2,181.35,9,181.36,1,181.37,5,181.38,1,181.4,4,181.45,3
2020-10-29 09:37:19,181.18,181.1,1,181.09,2,181.27,3,181.27,181.09,181.09,2,181.05,3,181.04,4,180.99,3,180.91,4,180.85,1,180.81,10,180.8,3,,,,,181.27,3,181.28,13,181.29,2,181.34,2,181.35,9,181.36,1,181.37,5,181.38,1,181.4,4,181.45,3
2020-10-29 09:37:20,181.205,181.27,1,181.14,5,181.27,13,181.27,181.14,181.14,5,181.1,1,181.09,5,181.05,3,181.04,4,180.99,3,180.91,4,180.85,1,180.81,10,180.8,3,181.27,13,181.28,13,181.29,2,181.34,2,181.35,9,181.36,1,181.37,5,181.38,1,181.4,4,181.45,3
2020-10-29 09:37:21,181.205,181.26,1,181.14,5,181.27,11,181.27,181.14,181.14,5,181.1,1,181.09,5,181.05,3,181.04,4,180.99,3,180.91,4,180.85,1,180.81,10,180.8,3,181.27,11,181.28,13,181.29,2,181.34,2,181.35,9,181.36,1,181.37,5,181.38,1,181.4,4,181.45,3
2020-10-29 09:37:22,181.2,181.25,1,181.14,8,181.26,8,181.26,181.14,181.14,8,181.1,1,181.09,5,181.05,3,181.04,4,180.99,3,180.91,4,180.85,1,180.81,10,180.8,3,181.26,8,181.27,10,181.28,13,181.29,2,181.34,2,181.35,9,181.36,1,181.37,5,181.38,1,181.4,4
2020-10-29 09:37:23,181.3,181.26,1,181.24,7,181.36,5,181.36,181.24,181.24,7,181.23,5,181.2,6,181.14,9,181.1,1,181.09,5,181.05,3,181.04,4,180.99,3,180.91,4,181.36,5,181.37,5,181.38,1,181.4,4,181.45,3,181.46,2,181.47,3,181.51,1,181.52,5,181.55,2
2020-10-29 09:37:24,181.3,181.26,1,181.24,7,181.36,5,181.36,181.24,181.24,7,181.23,5,181.2,6,181.14,9,181.1,1,181.09,5,181.05,3,181.04,4,180.99,3,180.91,4,181.36,5,181.37,5,181.38,1,181.4,4,181.45,3,181.46,2,181.47,3,181.51,1,181.52,5,181.55,2
2020-10-29 09:37:25,181.45,181.39,1,181.4,6,181.5,13,181.5,181.4,181.4,6,181.32,4,181.31,5,181.29,5,181.27,4,181.24,7,181.23,5,181.2,6,181.14,9,181.1,1,181.5,13,181.51,1,181.52,5,181.55,2,181.6,3,181.63,3,181.64,3,181.65,4,181.66,6,181.67,1
2020-10-29 09:37:26,181.35,181.35,1,181.26,10,181.44,2,181.44,181.26,181.26,10,181.25,9,181.24,13,181.23,5,181.2,6,181.14,9,181.1,1,181.09,5,181.05,3,181.04,4,181.44,2,181.46,4,181.48,1,181.5,13,181.51,1,181.52,5,181.55,2,181.6,3,181.63,3,181.64,3
2020-10-29 09:37:27,181.355,181.44,1,181.26,17,181.45,9,181.45,181.26,181.26,17,181.25,9,181.24,13,181.23,5,181.2,6,181.14,9,181.1,1,181.09,5,181.05,3,181.04,4,181.45,9,181.46,4,181.48,1,181.5,13,181.51,1,181.52,5,181.55,2,181.6,3,181.63,3,181.64,3
2020-10-29 09:37:28,181.355,181.36,2,181.27,9,181.44,1,181.44,181.27,181.27,9,181.26,18,181.25,9,181.24,13,181.23,5,181.2,6,181.14,9,181.1,1,181.09,5,181.05,3,181.44,1,181.45,9,181.46,4,181.48,1,181.5,13,181.51,1,181.52,5,181.55,2,181.6,3,181.63,3
2020-10-29 09:37:29,181.335,181.27,2,181.27,2,181.4,1,181.4,181.27,181.27,2,181.26,17,181.25,9,181.24,13,181.23,5,181.2,6,181.14,9,181.1,1,181.09,5,181.05,3,181.4,1,181.44,1,181.45,9,181.46,4,181.48,1,181.5,13,181.51,1,181.52,5,181.55,2,181.6,3
2020-10-29 09:37:30,181.345,181.4,1,181.27,5,181.42,3,181.42,181.27,181.27,5,181.26,17,181.25,9,181.24,13,181.23,5,181.2,6,181.14,9,181.1,1,181.09,5,181.05,3,181.42,3,181.44,1,181.45,9,181.46,4,181.48,1,181.5,13,181.51,1,181.52,5,181.55,2,181.6,3
2020-10-29 09:37:31,181.345,181.36,1,181.27,7,181.42,3,181.42,181.27,181.27,7,181.26,17,181.25,9,181.24,13,181.23,5,181.2,6,181.14,9,181.1,1,181.09,5,181.05,3,181.42,3,181.44,1,181.45,9,181.46,4,181.48,1,181.5,13,181.51,1,181.52,5,181.55,2,181.6,3
2020-10-29 09:37:32,181.355,181.4,1,181.29,5,181.42,3,181.42,181.29,181.29,5,181.27,7,181.26,17,181.25,9,181.24,13,181.23,5,181.2,6,181.14,9,181.1,1,181.09,5,181.42,3,181.44,1,181.45,9,181.46,4,181.48,1,181.5,13,181.51,1,181.52,5,181.55,2,181.6,3
2020-10-29 09:37:33,181.345,181.31,1,181.29,5,181.4,3,181.4,181.29,181.29,5,181.27,7,181.26,17,181.25,9,181.24,13,181.23,5,181.2,6,181.14,9,181.1,1,181.09,5,181.4,3,181.42,3,181.44,1,181.45,9,181.46,4,181.48,1,181.5,13,181.51,1,181.52,5,181.55,2
2020-10-29 09:37:34,181.345,181.31,1,181.29,6,181.4,11,181.4,181.29,181.29,6,181.27,7,181.26,17,181.25,9,181.24,13,181.23,5,181.2,6,181.14,9,181.1,1,181.09,5,181.4,11,181.42,3,181.44,1,181.45,9,181.46,4,181.48,1,181.5,13,181.51,1,181.52,5,181.55,2
2020-10-29 09:37:35,181.35,181.3,1,181.3,6,181.4,10,181.4,181.3,181.3,6,181.29,6,181.27,7,181.26,17,181.25,9,181.24,13,181.23,5,181.2,6,181.14,9,181.1,1,181.4,10,181.42,3,181.44,1,181.45,9,181.46,4,181.48,1,181.5,13,181.51,1,181.52,5,181.55,2
2020-10-29 09:37:36,181.58,181.59,1,181.51,7,181.65,9,181.65,181.51,181.51,7,181.43,14,181.42,5,181.4,5,181.39,5,181.3,11,181.29,6,181.27,7,181.26,17,181.25,9,181.65,9,181.66,7,181.67,15,181.68,4,181.69,1,181.7,5,181.71,8,181.72,3,181.73,6,181.75,2
2020-10-29 09:37:37,181.51,181.51,1,181.43,8,181.59,5,181.59,181.43,181.43,8,181.42,5,181.4,5,181.39,5,181.3,11,181.29,6,181.27,7,181.26,17,181.25,9,181.24,13,181.59,5,181.63,2,181.65,9,181.66,7,181.67,15,181.68,4,181.69,1,181.7,5,181.71,8,181.72,3
2020-10-29 09:37:38,181.49,181.54,1,181.43,7,181.55,3,181.55,181.43,181.43,7,181.42,5,181.4,5,181.39,5,181.3,11,181.29,6,181.27,7,181.26,17,181.25,9,181.24,13,181.55,3,181.59,5,181.63,2,181.65,9,181.66,7,181.67,15,181.68,4,181.69,1,181.7,5,181.71,8
2020-10-29 09:37:39,181.425,181.43,1,181.38,1,181.47,2,181.47,181.38,181.38,1,181.3,11,181.29,6,181.27,7,181.26,17,181.25,9,181.24,13,181.23,5,181.2,6,181.14,9,181.47,2,181.53,1,181.56,2,181.58,17,181.59,5,181.63,2,181.65,9,181.66,7,181.67,15,181.68,4
2020-10-29 09:37:40,181.425,181.4,1,181.38,5,181.47,3,181.47,181.38,181.38,5,181.3,11,181.29,6,181.27,7,181.26,17,181.25,9,181.24,13,181.23,5,181.2,6,181.14,9,181.47,3,181.53,1,181.56,2,181.58,17,181.59,5,181.63,2,181.65,9,181.66,7,181.67,15,181.68,4
2020-10-29 09:37:41,181.44,181.42,2,181.42,11,181.46,1,181.46,181.42,181.42,11,181.38,5,181.3,11,181.29,6,181.27,7,181.26,17,181.25,9,181.24,13,181.23,5,181.2,6,181.46,1,181.5,4,181.53,1,181.56,2,181.58,17,181.59,5,181.63,2,181.65,9,181.66,7,181.67,15
2020-10-29 09:37:42,181.44,181.42,2,181.42,11,181.46,1,181.46,181.42,181.42,11,181.38,5,181.3,11,181.29,6,181.27,7,181.26,17,181.25,9,181.24,13,181.23,5,181.2,6,181.46,1,181.5,4,181.53,1,181.56,2,181.58,17,181.59,5,181.63,2,181.65,9,181.66,7,181.67,15
2020-10-29 09:37:43,181.525,181.52,1,181.47,4,181.58,18,181.58,181.47,181.47,4,181.46,1,181.45,1,181.38,6,181.3,11,181.29,6,181.27,7,181.26,17,181.25,9,181.24,13,181.58,18,181.59,5,181.63,2,181.65,9,181.66,7,181.67,15,181.68,4,181.69,1,181.7,5,181.71,8
2020-10-29 09:37:44,181.505,181.53,1,181.47,8,181.54,1,181.54,181.47,181.47,8,181.46,1,181.45,1,181.38,6,181.3,11,181.29,6,181.27,7,181.26,17,181.25,9,181.24,13,181.54,1,181.6,5,181.63,6,181.65,9,181.66,7,181.67,15,181.68,4,181.69,1,181.7,5,181.71,8
2020-10-29 09:37:45,181.515,181.53,1,181.47,7,181.56,2,181.56,181.47,181.47,7,181.46,1,181.45,1,181.38,6,181.3,11,181.29,6,181.27,7,181.26,17,181.25,9,181.24,13,181.56,2,181.61,8,181.63,6,181.65,9,181.66,7,181.67,15,181.68,4,181.69,1,181.7,5,181.71,8
2020-10-29 09:37:46,181.515,181.53,1,181.47,7,181.56,2,181.56,181.47,181.47,7,181.46,1,181.45,1,181.38,6,181.3,11,181.29,6,181.27,7,181.26,17,181.25,9,181.24,13,181.56,2,181.61,8,181.63,6,181.65,9,181.66,7,181.67,15,181.68,4,181.69,1,181.7,5,181.71,8
2020-10-29 09:37:47,181.56,181.54,1,181.49,2,181.63,1,181.63,181.49,181.49,2,181.48,2,181.47,8,181.46,1,181.45,1,181.38,6,181.3,11,181.29,6,181.27,7,181.26,17,181.63,1,181.66,8,181.67,15,181.68,4,181.69,1,181.7,5,181.71,8,181.72,3,181.73,6,181.75,2
2020-10-29 09:37:48,181.565,181.51,1,181.5,3,181.63,3,181.63,181.5,181.5,3,181.49,2,181.48,2,181.47,8,181.46,1,181.45,1,181.38,6,181.3,11,181.29,6,181.27,7,181.63,3,181.66,8,181.67,15,181.68,4,181.69,1,181.7,5,181.71,8,181.72,3,181.73,6,181.75,2
2020-10-29 09:37:49,181.525,181.47,1,181.47,3,181.58,11,181.58,181.47,181.47,3,181.43,4,181.38,6,181.3,11,181.29,6,181.27,7,181.26,17,181.25,9,181.24,13,181.23,5,181.58,11,181.59,1,181.62,2,181.63,3,181.66,8,181.67,15,181.68,4,181.69,1,181.7,5,181.71,8
2020-10-29 09:37:50,181.425,181.33,1,181.32,4,181.53,3,181.53,181.32,181.32,4,181.3,11,181.29,6,181.27,7,181.26,17,181.25,9,181.24,13,181.23,5,181.2,6,181.14,9,181.53,3,181.55,2,181.58,11,181.59,1,181.62,2,181.63,3,181.66,8,181.67,15,181.68,4,181.69,1
2020-10-29 09:37:51,181.405,181.46,2,181.32,8,181.49,1,181.49,181.32,181.32,8,181.3,11,181.29,6,181.27,7,181.26,17,181.25,9,181.24,13,181.23,5,181.2,6,181.14,9,181.49,1,181.53,3,181.55,2,181.58,11,181.59,1,181.62,2,181.63,3,181.66,8,181.67,15,181.68,4
2020-10-29 09:37:52,181.395,181.46,2,181.32,8,181.47,11,181.47,181.32,181.32,8,181.3,11,181.29,6,181.27,7,181.26,17,181.25,9,181.24,13,181.23,5,181.2,6,181.14,9,181.47,11,181.48,9,181.49,5,181.53,3,181.55,2,181.58,11,181.59,1,181.62,2,181.63,3,181.66,8
2020-10-29 09:37:53,181.39,181.4,1,181.32,8,181.46,12,181.46,181.32,181.32,8,181.3,11,181.29,6,181.27,7,181.26,17,181.25,9,181.24,13,181.23,5,181.2,6,181.14,9,181.46,12,181.47,14,181.48,9,181.49,5,181.53,3,181.55,2,181.58,11,181.59,1,181.62,2,181.63,3
2020-10-29 09:37:54,181.395,181.4,1,181.33,2,181.46,8,181.46,181.33,181.33,2,181.32,9,181.3,11,181.29,6,181.27,7,181.26,17,181.25,9,181.24,13,181.23,5,181.2,6,181.46,8,181.47,14,181.48,9,181.49,5,181.53,3,181.55,2,181.58,11,181.59,1,181.62,2,181.63,3
2020-10-29 09:37:55,181.395,181.4,1,181.33,6,181.46,8,181.46,181.33,181.33,6,181.32,9,181.3,11,181.29,6,181.27,7,181.26,17,181.25,9,181.24,13,181.23,5,181.2,6,181.46,8,181.47,14,181.48,9,181.49,5,181.53,3,181.55,2,181.58,11,181.59,1,181.62,2,181.63,3
2020-10-29 09:37:56,181.395,181.4,1,181.33,6,181.46,9,181.46,181.33,181.33,6,181.32,9,181.3,11,181.29,6,181.27,7,181.26,17,181.25,9,181.24,13,181.23,5,181.2,6,181.46,9,181.47,14,181.48,9,181.49,5,181.53,3,181.55,2,181.58,11,181.59,1,181.62,2,181.63,3
