sim_time,mid_price,last_price,last_size,best_bid_price,best_bid_size,best_ask_price,best_ask_size,close_price_buy,close_price_sell,bid1_price,bid1_size,bid2_price,bid2_size,bid3_price,bid3_size,bid4_price,bid4_size,bid5_price,bid5_size,bid6_price,bid6_size,bid7_price,bid7_size,bid8_price,bid8_size,bid9_price,bid9_size,bid10_price,bid10_size,ask1_price,ask1_size,ask2_price,ask2_size,ask3_price,ask3_size,ask4_price,ask4_size,ask5_price,ask5_size,ask6_price,ask6_size,ask7_price,ask7_size,ask8_price,ask8_size,ask9_price,ask9_size,ask10_price,ask10_size
2026-02-05 09:30:17,,0.0,0,0.0,0,0.0,0,0.0,0.0,,,,,,,,,,,,,,,,,,,,,,,,,,,,,,,,,,,,,,,,
2026-02-05 09:30:18,,0.0,0,0.0,0,0.0,0,0.0,0.0,,,,,,,,,,,,,,,,,,,,,,,,,,,,,,,,,,,,,,,,
2026-02-05 09:30:20,,0.0,0,0.0,0,0.0,0,0.0,0.0,,,,,,,,,,,,,,,,,,,,,,,,,,,,,,,,,,,,,,,,
2026-02-05 09:30:21,,0.0,0,0.0,0,0.0,0,0.0,0.0,,,,,,,,,,,,,,,,,,,,,,,,,,,,,,,,,,,,,,,,
2026-02-05 09:30:22,,0.0,0,0.0,0,0.0,0,0.0,0.0,,,,,,,,,,,,,,,,,,,,,,,,,,,,,,,,,,,,,,,,
2026-02-05 09:30:22,47.115,47.13,2,47.1,1400,47.13,1300,47.13,47.1,47.1,1400,47.09,2000,47.08,600,47.07,500,47.06,500,47.05,1300,46.99,400,,,,,,,47.13,1300,47.15,1500,47.16,700,47.17,600,47.18,400,47.19,700,47.2,400,47.22,500,,,,
2026-02-05 09:30:24,47.115,47.13,2,47.1,1400,47.13,1300,47.13,47.1,47.1,1400,47.09,2000,47.08,600,47.07,500,47.06,500,47.05,1300,46.99,400,,,,,,,47.13,1300,47.15,1500,47.16,700,47.17,600,47.18,400,47.19,700,47.2,400,47.22,500,,,,
2026-02-05 09:30:25,47.115,47.12,4,47.1,2400,47.13,1500,47.13,47.1,47.1,2400,47.09,2000,47.08,600,47.07,500,47.06,500,47.05,1300,46.99,400,,,,,,,47.13,1500,47.15,1500,47.16,700,47.17,600,47.18,400,47.19,700,47.2,400,47.22,500,,,,
2026-02-05 09:30:26,47.115,47.12,2,47.1,2400,47.13,2300,47.13,47.1,47.1,2400,47.09,2000,47.08,600,47.07,500,47.06,500,47.05,1300,46.99,400,,,,,,,47.13,2300,47.15,1500,47.16,700,47.17,600,47.18,400,47.19,700,47.2,400,47.22,500,,,,
2026-02-05 09:30:27,47.115,47.12,8,47.1,2400,47.13,2300,47.13,47.1,47.1,2400,47.09,2000,47.08,600,47.07,500,47.06,500,47.05,1300,46.99,400,,,,,,,47.13,2300,47.15,1500,47.16,700,47.17,600,47.18,400,47.19,700,47.2,400,47.22,500,,,,
2026-02-05 09:30:28,47.115,47.12,8,47.1,2400,47.13,2300,47.13,47.1,47.1,2400,47.09,2000,47.08,600,47.07,500,47.06,500,47.05,1300,46.99,400,,,,,,,47.13,2300,47.15,1500,47.16,700,47.17,600,47.18,400,47.19,700,47.2,400,47.22,500,,,,
2026-02-05 09:30:29,47.11,47.12,2,47.09,2800,47.13,2100,47.13,47.09,47.09,2800,47.08,600,47.07,500,47.06,500,47.05,1300,46.99,400,,,,,,,,,47.13,2100,47.15,1500,47.16,700,47.17,600,47.18,400,47.19,700,47.2,400,47.22,500,,,,
2026-02-05 09:30:30,47.115,47.12,8,47.1,800,47.13,2100,47.13,47.1,47.1,800,47.09,2800,47.08,600,47.07,500,47.06,500,47.05,1300,46.99,400,,,,,,,47.13,2100,47.15,1500,47.16,700,47.17,600,47.18,400,47.19,700,47.2,400,47.22,500,,,,
2026-02-05 09:30:31,47.115,47.12,1,47.1,800,47.13,2200,47.13,47.1,47.1,800,47.09,2800,47.08,600,47.07,500,47.06,500,47.05,1300,46.99,400,,,,,,,47.13,2200,47.15,1500,47.16,700,47.17,600,47.18,400,47.19,700,47.2,400,47.22,500,,,,
2026-02-05 09:30:32,47.11,47.13,1,47.09,2100,47.13,2200,47.13,47.09,47.09,2100,47.08,600,47.07,500,47.06,500,47.05,1300,46.99,400,,,,,,,,,47.13,2200,47.15,1500,47.16,700,47.17,600,47.18,400,47.19,700,47.2,400,47.22,500,,,,
2026-02-05 09:30:33,47.11,47.13,1,47.09,2100,47.13,2200,47.13,47.09,47.09,2100,47.08,600,47.07,500,47.06,500,47.05,1300,46.99,400,,,,,,,,,47.13,2200,47.15,1500,47.16,700,47.17,600,47.18,400,47.19,700,47.2,400,47.22,500,,,,
2026-02-05 09:30:34,47.09,47.09,2,47.08,1900,47.1,700,47.1,47.08,47.08,1900,47.07,500,47.06,500,47.05,1300,46.99,400,,,,,,,,,,,47.1,700,47.11,1600,47.12,200,47.13,2400,47.15,1500,47.16,700,47.17,600,47.18,400,47.19,700,47.2,400
2026-02-05 09:30:35,47.065,47.05,5,47.05,1300,47.08,800,47.08,47.05,47.05,1300,46.99,400,,,,,,,,,,,,,,,,,47.08,800,47.09,1500,47.1,1300,47.11,1600,47.12,200,47.13,2400,47.15,1500,47.16,700,47.17,600,47.18,400
2026-02-05 09:30:36,47.055,47.05,1,47.05,100,47.06,900,47.06,47.05,47.05,100,47.04,1300,47.03,1200,46.99,400,,,,,,,,,,,,,47.06,900,47.07,1500,47.08,800,47.09,1500,47.1,1300,47.11,1600,47.12,200,47.13,2400,47.15,1500,47.16,700
2026-02-05 09:30:37,47.045,47.05,1,47.03,2500,47.06,2000,47.06,47.03,47.03,2500,47.02,1100,46.99,400,,,,,,,,,,,,,,,47.06,2000,47.07,1700,47.08,800,47.09,1500,47.1,1300,47.11,1600,47.12,200,47.13,2400,47.15,1500,47.16,700
2026-02-05 09:30:38,47.04,47.03,1,47.03,100,47.05,1900,47.05,47.03,47.03,100,47.02,1100,47.01,2600,46.99,400,,,,,,,,,,,,,47.05,1900,47.06,2200,47.07,1700,47.08,800,47.09,1500,47.1,1300,47.11,1600,47.12,200,47.13,2400,47.15,1500
2026-02-05 09:30:39,47.02,47.02,6,47.01,1200,47.03,1300,47.03,47.01,47.01,1200,47.0,4800,46.99,400,,,,,,,,,,,,,,,47.03,1300,47.04,1000,47.05,1900,47.06,2200,47.07,1700,47.08,800,47.09,1500,47.1,1300,47.11,1600,47.12,200
2026-02-05 09:30:40,47.035,47.03,1,47.02,1600,47.05,2000,47.05,47.02,47.02,1600,47.01,1200,47.0,4800,46.99,400,,,,,,,,,,,,,47.05,2000,47.06,2200,47.07,1700,47.08,800,47.09,1500,47.1,1300,47.11,1600,47.12,200,47.13,2400,47.15,1500
2026-02-05 09:30:41,47.045,47.05,2,47.03,1400,47.06,2100,47.06,47.03,47.03,1400,47.02,1600,47.01,1200,47.0,4800,46.99,400,,,,,,,,,,,47.06,2100,47.07,1700,47.08,800,47.09,1500,47.1,1300,47.11,1600,47.12,200,47.13,2400,47.15,1500,47.16,700
2026-02-05 09:30:41,47.08,47.08,1,47.07,300,47.09,1700,47.09,47.07,47.07,300,47.05,300,47.04,2300,47.03,1400,47.02,1600,47.01,1200,47.0,4800,46.99,400,,,,,47.09,1700,47.1,1300,47.11,1600,47.12,200,47.13,2400,47.15,1500,47.16,700,47.17,600,47.18,400,47.19,700
2026-02-05 09:30:43,47.075,47.07,1,47.06,700,47.09,2600,47.09,47.06,47.06,700,47.05,300,47.04,2300,47.03,1400,47.02,1600,47.01,1200,47.0,4800,46.99,400,,,,,47.09,2600,47.1,1300,47.11,1600,47.12,200,47.13,2400,47.15,1500,47.16,700,47.17,600,47.18,400,47.19,700
2026-02-05 09:30:44,47.075,47.08,5,47.06,900,47.09,2100,47.09,47.06,47.06,900,47.05,300,47.04,2300,47.03,1400,47.02,1600,47.01,1200,47.0,4800,46.99,400,,,,,47.09,2100,47.1,1300,47.11,1600,47.12,200,47.13,2400,47.15,1500,47.16,700,47.17,600,47.18,400,47.19,700
2026-02-05 09:30:45,47.065,47.07,2,47.05,1800,47.08,2000,47.08,47.05,47.05,1800,47.04,2300,47.03,1400,47.02,1600,47.01,1200,47.0,4800,46.99,400,,,,,,,47.08,2000,47.09,1900,47.1,1300,47.11,1600,47.12,200,47.13,2400,47.15,1500,47.16,700,47.17,600,47.18,400
2026-02-05 09:30:46,47.065,47.06,3,47.05,1500,47.08,1800,47.08,47.05,47.05,1500,47.04,2300,47.03,1400,47.02,1600,47.01,1200,47.0,4800,46.99,400,,,,,,,47.08,1800,47.09,1900,47.1,1300,47.11,1600,47.12,200,47.13,2400,47.15,1500,47.16,700,47.17,600,47.18,400
2026-02-05 09:30:47,47.07,47.07,4,47.05,1500,47.09,2100,47.09,47.05,47.05,1500,47.04,2300,47.03,1400,47.02,1600,47.01,1200,47.0,4800,46.99,400,,,,,,,47.09,2100,47.1,1300,47.11,1600,47.12,200,47.13,2400,47.15,1500,47.16,700,47.17,600,47.18,400,47.19,700
2026-02-05 09:30:48,47.07,47.09,1,47.05,900,47.09,2100,47.09,47.05,47.05,900,47.04,2300,47.03,1400,47.02,1600,47.01,1200,47.0,4800,46.99,400,,,,,,,47.09,2100,47.1,1300,47.11,1600,47.12,200,47.13,2400,47.15,1500,47.16,700,47.17,600,47.18,400,47.19,700
2026-02-05 09:30:48,47.07,47.09,1,47.05,900,47.09,2100,47.09,47.05,47.05,900,47.04,2300,47.03,1400,47.02,1600,47.01,1200,47.0,4800,46.99,400,,,,,,,47.09,2100,47.1,1300,47.11,1600,47.12,200,47.13,2400,47.15,1500,47.16,700,47.17,600,47.18,400,47.19,700
2026-02-05 09:30:50,47.065,47.07,4,47.04,2400,47.09,2100,47.09,47.04,47.04,2400,47.03,1400,47.02,1600,47.01,1200,47.0,4800,46.99,400,,,,,,,,,47.09,2100,47.1,1300,47.11,1600,47.12,200,47.13,2400,47.15,1500,47.16,700,47.17,600,47.18,400,47.19,700
2026-02-05 09:30:51,47.075,47.06,1,47.06,1100,47.09,2500,47.09,47.06,47.06,1100,47.05,5600,47.04,2500,47.03,1400,47.02,1600,47.01,1200,47.0,4800,46.99,400,,,,,47.09,2500,47.1,1300,47.11,1600,47.12,200,47.13,2400,47.15,1500,47.16,700,47.17,600,47.18,400,47.19,700
2026-02-05 09:30:52,47.075,47.06,1,47.06,1100,47.09,2400,47.09,47.06,47.06,1100,47.05,5600,47.04,2500,47.03,1400,47.02,1600,47.01,1200,47.0,4800,46.99,400,,,,,47.09,2300,47.1,1300,47.11,1600,47.12,200,47.13,2400,47.15,1500,47.16,700,47.17,600,47.18,400,47.19,700
2026-02-05 09:30:53,47.075,47.07,1,47.06,1900,47.09,2200,47.09,47.06,47.06,1900,47.05,5600,47.04,2500,47.03,1400,47.02,1600,47.01,1200,47.0,4800,46.99,400,,,,,47.09,2200,47.1,1300,47.11,1600,47.12,200,47.13,2400,47.15,1500,47.16,700,47.17,600,47.18,400,47.19,700
2026-02-05 09:30:54,47.075,47.08,8,47.06,1900,47.09,2000,47.09,47.06,47.06,1900,47.05,5600,47.04,2500,47.03,1400,47.02,1600,47.01,1200,47.0,4800,46.99,400,,,,,47.09,2000,47.1,1300,47.11,1600,47.12,200,47.13,2400,47.15,1500,47.16,700,47.17,600,47.18,400,47.19,700
2026-02-05 09:30:55,47.07,47.08,8,47.05,5600,47.09,2100,47.09,47.05,47.05,5600,47.04,2500,47.03,1400,47.02,1600,47.01,1200,47.0,4800,46.99,400,,,,,,,47.09,2100,47.1,1300,47.11,1600,47.12,200,47.13,2400,47.15,1500,47.16,700,47.17,600,47.18,400,47.19,700
2026-02-05 09:30:56,47.07,47.06,14,47.05,5700,47.09,2100,47.09,47.05,47.05,5700,47.04,2500,47.03,1400,47.02,1600,47.01,1200,47.0,4800,46.99,400,,,,,,,47.09,2100,47.1,1300,47.11,1600,47.12,200,47.13,2400,47.15,1500,47.16,700,47.17,600,47.18,400,47.19,700
2026-02-05 09:30:57,47.085,47.07,3,47.08,300,47.09,1300,47.09,47.08,47.08,300,47.07,300,47.06,1900,47.05,5300,47.04,2500,47.03,1400,47.02,1600,47.01,1200,47.0,4800,46.99,400,47.09,1300,47.1,2100,47.11,2400,47.12,200,47.13,2400,47.15,1500,47.16,700,47.17,600,47.18,400,47.19,700
2026-02-05 09:30:58,47.12,47.12,1,47.11,900,47.13,2000,47.13,47.11,47.11,900,47.1,2000,47.09,1500,47.08,1400,47.07,300,47.06,1900,47.05,5300,47.04,2500,47.03,1400,47.02,1600,47.13,2000,47.15,1500,47.16,700,47.17,600,47.18,400,47.19,700,47.2,400,47.22,500,,,,
2026-02-05 09:30:59,47.12,47.11,22,47.11,900,47.13,400,47.13,47.11,47.11,900,47.1,2000,47.09,1500,47.08,1400,47.07,300,47.06,1900,47.05,5300,47.04,2500,47.03,1400,47.02,1600,47.13,400,47.14,900,47.15,1500,47.16,700,47.17,600,47.18,400,47.19,700,47.2,400,47.22,500,,
2026-02-05 09:31:00,47.12,47.11,22,47.11,900,47.13,600,47.13,47.11,47.11,900,47.1,2000,47.09,1500,47.08,1400,47.07,300,47.06,1900,47.05,5300,47.04,2500,47.03,1400,47.02,1600,47.13,600,47.14,900,47.15,1500,47.16,700,47.17,600,47.18,400,47.19,700,47.2,400,47.22,500,,
2026-02-05 09:31:01,47.12,47.11,22,47.11,900,47.13,600,47.13,47.11,47.11,900,47.1,2000,47.09,1500,47.08,1400,47.07,300,47.06,1900,47.05,5300,47.04,2500,47.03,1400,47.02,1600,47.13,600,47.14,900,47.15,1500,47.16,700,47.17,600,47.18,400,47.19,700,47.2,400,47.22,500,,
2026-02-05 09:31:02,47.13,47.13,1,47.11,1700,47.15,3000,47.15,47.11,47.11,1700,47.1,2000,47.09,1500,47.08,1400,47.07,300,47.06,1900,47.05,5300,47.04,2500,47.03,1400,47.02,1600,47.15,3000,47.16,700,47.17,600,47.18,400,47.19,700,47.2,400,47.22,500,,,,,,
2026-02-05 09:31:03,47.11,47.11,6,47.1,1200,47.12,1400,47.12,47.1,47.1,1200,47.09,1500,47.08,1400,47.07,300,47.06,1900,47.05,5300,47.04,2500,47.03,1400,47.02,1600,47.01,1200,47.12,1400,47.13,1000,47.14,600,47.15,3200,47.16,700,47.17,600,47.18,400,47.19,700,47.2,400,47.22,500
2026-02-05 09:31:04,47.11,47.1,4,47.1,1100,47.12,2200,47.12,47.1,47.1,1100,47.09,1500,47.08,1400,47.07,300,47.06,1900,47.05,5300,47.04,2500,47.03,1400,47.02,1600,47.01,1200,47.12,2200,47.13,1000,47.14,600,47.15,3200,47.16,700,47.17,600,47.18,400,47.19,700,47.2,400,47.22,500
2026-02-05 09:31:05,47.11,47.1,4,47.1,1100,47.12,1400,47.12,47.1,47.1,1100,47.09,1500,47.08,1400,47.07,300,47.06,1900,47.05,5300,47.04,2500,47.03,1400,47.02,1600,47.01,1200,47.12,1400,47.13,1000,47.14,600,47.15,3200,47.16,700,47.17,600,47.18,400,47.19,700,47.2,400,47.22,500
2026-02-05 09:31:06,47.16,47.15,2,47.15,1800,47.17,1400,47.17,47.15,47.15,1800,47.14,300,47.13,200,47.12,1000,47.11,800,47.1,1200,47.09,1500,47.08,1400,47.07,300,47.06,1900,47.17,1400,47.18,400,47.19,700,47.2,400,47.22,500,,,,,,,,,,
2026-02-05 09:31:07,47.16,47.16,2,47.15,300,47.17,1500,47.17,47.15,47.15,300,47.14,800,47.13,200,47.12,1000,47.11,800,47.1,1200,47.09,1500,47.08,1400,47.07,300,47.06,1900,47.17,1500,47.18,400,47.19,700,47.2,400,47.22,500,,,,,,,,,,
2026-02-05 09:31:08,47.155,47.16,2,47.14,1300,47.17,1100,47.17,47.14,47.14,1300,47.13,200,47.12,1000,47.11,800,47.1,1200,47.09,1500,47.08,1400,47.07,300,47.06,1900,47.05,5300,47.17,1100,47.18,400,47.19,700,47.2,400,47.22,500,,,,,,,,,,
2026-02-05 09:31:09,47.16,47.15,1,47.15,500,47.17,400,47.17,47.15,47.15,500,47.14,1300,47.13,200,47.12,1000,47.11,800,47.1,1200,47.09,1500,47.08,1400,47.07,300,47.06,1900,47.17,400,47.18,100,47.19,2000,47.2,400,47.22,500,,,,,,,,,,
2026-02-05 09:31:10,47.155,47.14,4,47.14,1700,47.17,800,47.17,47.14,47.14,1700,47.13,200,47.12,1000,47.11,800,47.1,1200,47.09,1500,47.08,1400,47.07,300,47.06,1900,47.05,5300,47.17,800,47.18,100,47.19,2000,47.2,400,47.22,500,,,,,,,,,,
2026-02-05 09:31:11,47.155,47.16,2,47.14,1700,47.17,1100,47.17,47.14,47.14,1700,47.13,200,47.12,1000,47.11,800,47.1,1200,47.09,1500,47.08,1400,47.07,300,47.06,1900,47.05,5300,47.17,1100,47.18,100,47.19,2000,47.2,400,47.22,500,,,,,,,,,,
2026-02-05 09:31:12,47.155,47.16,16,47.14,2200,47.17,3600,47.17,47.14,47.14,2200,47.13,200,47.12,1000,47.11,800,47.1,1200,47.09,1500,47.08,1400,47.07,300,47.06,1900,47.05,5300,47.17,3600,47.18,100,47.19,2000,47.2,400,47.22,500,,,,,,,,,,
2026-02-05 09:31:13,47.155,47.16,16,47.14,2300,47.17,3600,47.17,47.14,47.14,2300,47.13,200,47.12,1000,47.11,800,47.1,1200,47.09,1500,47.08,1400,47.07,300,47.06,1900,47.05,5300,47.17,3600,47.18,100,47.19,2000,47.2,400,47.22,500,,,,,,,,,,
2026-02-05 09:31:14,47.15,47.16,16,47.13,1000,47.17,3600,47.17,47.13,47.13,1000,47.12,1000,47.11,800,47.1,1200,47.09,1500,47.08,1400,47.07,300,47.06,1900,47.05,5300,47.04,2500,47.17,3600,47.18,100,47.19,2000,47.2,400,47.22,500,,,,,,,,,,
2026-02-05 09:31:15,47.15,47.15,2,47.13,1000,47.17,3600,47.17,47.13,47.13,1000,47.12,1000,47.11,800,47.1,1200,47.09,1500,47.08,1400,47.07,300,47.06,1900,47.05,5300,47.04,2500,47.17,3600,47.18,100,47.19,2000,47.2,400,47.22,500,,,,,,,,,,
2026-02-05 09:31:16,47.175,47.18,1,47.16,900,47.19,2000,47.19,47.16,47.16,900,47.15,600,47.14,2200,47.13,1000,47.12,1000,47.11,800,47.1,1200,47.09,1500,47.08,1400,47.07,300,47.19,2000,47.2,400,47.22,500,,,,,,,,,,,,,,
2026-02-05 09:31:17,47.185,47.19,1,47.17,1000,47.2,1400,47.2,47.17,47.17,1000,47.16,1400,47.15,600,47.14,2200,47.13,1000,47.12,1000,47.11,800,47.1,1200,47.09,1500,47.08,1400,47.2,1400,47.22,500,,,,,,,,,,,,,,,,
2026-02-05 09:31:18,47.235,47.23,1,47.23,600,47.24,2300,47.24,47.23,47.23,600,47.22,700,47.21,2500,47.2,1300,47.19,1000,47.18,900,47.17,1100,47.16,1400,47.15,600,47.14,2200,47.24,2300,,,,,,,,,,,,,,,,,,
2026-02-05 09:31:19,47.23,47.24,1,47.22,1500,47.24,1700,47.24,47.22,47.22,1500,47.21,2500,47.2,1300,47.19,1000,47.18,900,47.17,1100,47.16,1400,47.15,600,47.14,2200,47.13,1000,47.24,1700,,,,,,,,,,,,,,,,,,
2026-02-05 09:31:20,47.27,47.27,1,47.26,700,47.28,1300,47.28,47.26,47.26,700,47.25,1200,47.24,1300,47.23,500,47.22,2200,47.21,2500,47.2,1300,47.19,1000,47.18,900,47.17,1100,47.28,1300,,,,,,,,,,,,,,,,,,
2026-02-05 09:31:21,47.255,47.26,1,47.24,2200,47.27,1400,47.27,47.24,47.24,2200,47.23,500,47.22,2200,47.21,2500,47.2,1300,47.19,1000,47.18,900,47.17,1100,47.16,1400,47.15,600,47.27,1400,47.28,1500,47.29,4000,,,,,,,,,,,,,,
2026-02-05 09:31:22,47.26,47.26,1,47.26,400,47.26,100,47.27,47.26,47.26,400,47.25,1100,47.24,1700,47.23,500,47.22,2200,47.21,2500,47.2,1300,47.19,1000,47.18,900,47.17,1100,47.26,100,47.27,800,47.28,1700,47.29,4000,,,,,,,,,,,,
2026-02-05 09:31:23,47.16,47.16,1,47.15,100,47.17,1800,47.17,47.15,47.15,100,47.14,2000,47.13,1000,47.12,1000,47.11,800,47.1,1200,47.09,1500,47.08,1400,47.07,300,47.06,1900,47.17,1800,47.18,2600,47.19,1600,47.2,2200,47.21,1600,47.22,1500,47.23,1000,47.24,2800,47.25,1800,47.26,1300
2026-02-05 09:31:24,47.055,47.05,1,47.04,1600,47.07,900,47.07,47.04,47.04,1600,47.03,1400,47.02,1600,47.01,1200,47.0,4800,46.99,400,,,,,,,,,47.07,900,47.08,800,47.09,700,47.1,2700,47.11,600,47.12,800,47.14,1500,47.15,900,47.16,1300,47.17,1300
2026-02-05 09:31:25,47.055,47.05,1,47.04,2000,47.07,1400,47.07,47.04,47.04,2000,47.03,1400,47.02,1600,47.01,1200,47.0,4800,46.99,400,,,,,,,,,47.07,1400,47.08,1700,47.09,700,47.1,2700,47.11,600,47.12,800,47.14,1500,47.15,900,47.16,1300,47.17,1300
2026-02-05 09:31:26,47.065,47.06,1,47.05,900,47.08,1600,47.08,47.05,47.05,900,47.04,2500,47.03,1400,47.02,1600,47.01,1200,47.0,4800,46.99,400,,,,,,,47.08,1600,47.09,700,47.1,2700,47.11,600,47.12,800,47.14,1500,47.15,900,47.16,1300,47.17,1300,47.18,2600
2026-02-05 09:31:27,47.055,47.06,2,47.04,2300,47.07,2100,47.07,47.04,47.04,2300,47.03,1400,47.02,1600,47.01,1200,47.0,4800,46.99,400,,,,,,,,,47.07,2100,47.08,1600,47.09,700,47.1,2700,47.11,600,47.12,800,47.14,1500,47.15,900,47.16,1300,47.17,1300
2026-02-05 09:31:28,47.05,47.06,2,47.03,1400,47.07,2500,47.07,47.03,47.03,1400,47.02,1600,47.01,1200,47.0,4800,46.99,400,,,,,,,,,,,47.07,2500,47.08,1600,47.09,700,47.1,2700,47.11,600,47.12,800,47.14,1500,47.15,900,47.16,1300,47.17,1300
2026-02-05 09:31:29,47.05,47.06,1,47.03,1400,47.07,2500,47.07,47.03,47.03,1400,47.02,1600,47.01,1200,47.0,4800,46.99,400,,,,,,,,,,,47.07,2500,47.08,1600,47.09,700,47.1,2700,47.11,600,47.12,800,47.14,1500,47.15,900,47.16,1300,47.17,1300
2026-02-05 09:31:30,47.05,47.05,16,47.03,1400,47.07,2500,47.07,47.03,47.03,1400,47.02,1600,47.01,1200,47.0,4800,46.99,400,,,,,,,,,,,47.07,2500,47.08,1600,47.09,700,47.1,2700,47.11,600,47.12,800,47.14,1500,47.15,900,47.16,1300,47.17,1300
2026-02-05 09:31:31,47.085,47.1,1,47.07,1500,47.1,1100,47.1,47.07,47.07,1500,47.06,1000,47.05,2100,47.04,500,47.03,2700,47.02,1600,47.01,1200,47.0,4800,46.99,400,,,47.1,1100,47.11,2100,47.12,2000,47.14,1500,47.15,900,47.16,1300,47.17,1300,47.18,2600,47.19,1600,47.2,2200
2026-02-05 09:31:32,47.075,47.08,1,47.06,2300,47.09,1500,47.09,47.06,47.06,2300,47.05,2100,47.04,500,47.03,2700,47.02,1600,47.01,1200,47.0,4800,46.99,400,,,,,47.09,1500,47.1,1300,47.11,2100,47.12,2000,47.14,1500,47.15,900,47.16,1300,47.17,1300,47.18,2600,47.19,1600
2026-02-05 09:31:33,47.07,47.08,1,47.05,2800,47.09,2500,47.09,47.05,47.05,2800,47.04,500,47.03,2700,47.02,1600,47.01,1200,47.0,4800,46.99,400,,,,,,,47.09,2500,47.1,1300,47.11,2100,47.12,2000,47.14,1500,47.15,900,47.16,1300,47.17,1300,47.18,2600,47.19,1600
2026-02-05 09:31:34,47.07,47.05,5,47.05,2700,47.09,2500,47.09,47.05,47.05,2700,47.04,500,47.03,2700,47.02,1600,47.01,1200,47.0,4800,46.99,400,,,,,,,47.09,2500,47.1,1300,47.11,2100,47.12,2000,47.14,1500,47.15,900,47.16,1300,47.17,1300,47.18,2600,47.19,1600
2026-02-05 09:31:35,47.095,47.09,1,47.08,1600,47.11,2500,47.1,47.08,47.08,1600,47.07,800,47.06,400,47.05,1900,47.04,500,47.03,2700,47.02,1600,47.01,1200,47.0,4800,46.99,400,47.11,2500,47.12,2000,47.14,1500,47.15,900,47.16,1300,47.17,1300,47.18,2600,47.19,1600,47.2,2200,47.21,1600
2026-02-05 09:31:36,47.095,47.08,1,47.08,1600,47.11,1100,47.11,47.08,47.08,1600,47.07,1500,47.06,400,47.05,1900,47.04,500,47.03,2700,47.02,1600,47.01,1200,47.0,4800,46.99,400,47.11,1100,47.12,1000,47.13,1300,47.14,1500,47.15,900,47.16,1300,47.17,1300,47.18,2600,47.19,1600,47.2,2200
2026-02-05 09:31:37,47.09,47.11,2,47.08,1500,47.1,300,47.1,47.08,47.08,1500,47.07,1500,47.06,400,47.05,1900,47.04,500,47.03,2700,47.02,1600,47.01,1200,47.0,4800,46.99,400,47.1,300,47.11,1200,47.12,1500,47.13,1300,47.14,1500,47.15,900,47.16,1300,47.17,1300,47.18,2600,47.19,1600
2026-02-05 09:31:38,47.1,47.1,1,47.09,1900,47.11,1000,47.11,47.09,47.09,1900,47.08,1200,47.07,1500,47.06,400,47.05,1900,47.04,500,47.03,2700,47.02,1600,47.01,1200,47.0,4800,47.11,1000,47.12,1500,47.13,1300,47.14,1500,47.15,900,47.16,1300,47.17,1300,47.18,2600,47.19,1600,47.2,2200
2026-02-05 09:31:39,47.135,47.13,2,47.13,400,47.14,1400,47.14,47.13,47.13,400,47.12,300,47.11,700,47.1,400,47.09,1900,47.08,1200,47.07,1500,47.06,400,47.05,1900,47.04,500,47.14,1400,47.15,900,47.16,1300,47.17,1300,47.18,2600,47.19,1600,47.2,2200,47.21,1600,47.22,1500,47.23,1000
2026-02-05 09:31:40,47.125,47.13,10,47.11,1200,47.14,1700,47.14,47.11,47.11,1200,47.1,400,47.09,1900,47.08,1200,47.07,1500,47.06,400,47.05,1900,47.04,500,47.03,2700,47.02,1600,47.14,1700,47.15,900,47.16,1300,47.17,1300,47.18,2600,47.19,1600,47.2,2200,47.21,1600,47.22,1500,47.23,1000
2026-02-05 09:31:41,47.125,47.13,1,47.11,1600,47.14,1000,47.14,47.11,47.11,1600,47.1,1200,47.09,1900,47.08,1200,47.07,1500,47.06,400,47.05,1900,47.04,500,47.03,2700,47.02,1600,47.14,1000,47.15,900,47.16,1300,47.17,1300,47.18,2600,47.19,1600,47.2,2200,47.21,1600,47.22,1500,47.23,1000
2026-02-05 09:31:42,47.13,47.13,1,47.12,700,47.14,1900,47.14,47.12,47.12,700,47.11,400,47.1,1500,47.09,1900,47.08,1200,47.07,1500,47.06,400,47.05,1900,47.04,500,47.03,2700,47.14,1900,47.15,900,47.16,1300,47.17,1300,47.18,2600,47.19,1600,47.2,2200,47.21,1600,47.22,1500,47.23,1000
2026-02-05 09:31:43,47.125,47.13,6,47.11,1200,47.14,2200,47.14,47.11,47.11,1200,47.1,1500,47.09,1900,47.08,1200,47.07,1500,47.06,400,47.05,1900,47.04,500,47.03,2700,47.02,1600,47.14,2200,47.15,900,47.16,1300,47.17,1300,47.18,2600,47.19,1600,47.2,2200,47.21,1600,47.22,1500,47.23,1000
2026-02-05 09:31:44,47.125,47.11,1,47.11,1200,47.14,2200,47.14,47.11,47.11,1200,47.1,1500,47.09,1900,47.08,1200,47.07,1500,47.06,400,47.05,1900,47.04,500,47.03,2700,47.02,1600,47.14,2200,47.15,900,47.16,1300,47.17,1300,47.18,2600,47.19,1600,47.2,2200,47.21,1600,47.22,1500,47.23,1000
2026-02-05 09:31:45,47.105,47.11,1,47.09,1900,47.12,300,47.12,47.09,47.09,1900,47.08,1200,47.07,1500,47.06,400,47.05,1900,47.04,500,47.03,2700,47.02,1600,47.01,1200,47.0,4800,47.12,300,47.13,1600,47.14,1600,47.15,900,47.16,1300,47.17,1300,47.18,2600,47.19,1600,47.2,2200,47.21,1600
2026-02-05 09:31:46,47.12,47.13,2,47.1,2200,47.14,1900,47.14,47.1,47.1,2200,47.09,1600,47.08,1200,47.07,1500,47.06,400,47.05,1900,47.04,500,47.03,2700,47.02,1600,47.01,1200,47.14,1900,47.15,900,47.16,1300,47.17,1300,47.18,2600,47.19,1600,47.2,2200,47.21,1600,47.22,1500,47.23,1000
2026-02-05 09:31:47,47.12,47.13,1,47.1,2100,47.14,2100,47.14,47.1,47.1,2100,47.09,1600,47.08,1200,47.07,1500,47.06,400,47.05,1900,47.04,500,47.03,2700,47.02,1600,47.01,1200,47.14,2100,47.15,900,47.16,1300,47.17,1300,47.18,2600,47.19,1600,47.2,2200,47.21,1600,47.22,1500,47.23,1000
2026-02-05 09:31:48,47.125,47.13,1,47.11,600,47.14,1800,47.14,47.11,47.11,600,47.1,2100,47.09,1600,47.08,1200,47.07,1500,47.06,400,47.05,1900,47.04,500,47.03,2700,47.02,1600,47.14,1800,47.15,900,47.16,1300,47.17,1300,47.18,2600,47.19,1600,47.2,2200,47.21,1600,47.22,1500,47.23,1000
2026-02-05 09:31:49,47.125,47.13,1,47.11,300,47.14,1300,47.14,47.11,47.11,300,47.1,2800,47.09,1600,47.08,1200,47.07,1500,47.06,400,47.05,1900,47.04,500,47.03,2700,47.02,1600,47.14,1300,47.15,900,47.16,1300,47.17,1300,47.18,2600,47.19,1600,47.2,2200,47.21,1600,47.22,1500,47.23,1000
2026-02-05 09:31:50,47.09,47.09,18,47.07,2500,47.11,1600,47.11,47.07,47.07,2500,47.06,400,47.05,1900,47.04,500,47.03,2700,47.02,1600,47.01,1200,47.0,4800,46.99,400,,,47.11,1600,47.12,300,47.13,700,47.14,2300,47.15,900,47.16,1300,47.17,1300,47.18,2600,47.19,1600,47.2,2200
2026-02-05 09:31:51,47.09,47.09,3,47.07,2500,47.11,800,47.11,47.07,47.07,2500,47.06,400,47.05,1900,47.04,500,47.03,2700,47.02,1600,47.01,1200,47.0,4800,46.99,400,,,47.11,800,47.12,300,47.13,700,47.14,2300,47.15,900,47.16,1300,47.17,1300,47.18,2600,47.19,1600,47.2,2200
2026-02-05 09:31:52,47.09,47.09,1,47.07,2800,47.11,800,47.11,47.07,47.07,2800,47.06,400,47.05,1900,47.04,500,47.03,2700,47.02,1600,47.01,1200,47.0,4800,46.99,400,,,47.11,800,47.12,300,47.13,700,47.14,2300,47.15,900,47.16,1300,47.17,1300,47.18,2600,47.19,1600,47.2,2200
2026-02-05 09:31:53,47.025,47.03,2,47.01,3100,47.04,900,47.04,47.01,47.01,3100,47.0,4900,46.99,400,,,,,,,,,,,,,,,47.04,900,47.05,1200,47.06,800,47.07,800,47.08,700,47.09,600,47.1,500,47.11,2000,47.12,300,47.13,700
2026-02-05 09:31:54,47.03,47.03,2,47.02,1100,47.04,900,47.04,47.02,47.02,1100,47.01,3100,47.0,4900,46.99,400,,,,,,,,,,,,,47.04,900,47.05,1200,47.06,800,47.07,800,47.08,700,47.09,600,47.1,500,47.11,2000,47.12,300,47.13,700
2026-02-05 09:31:55,47.035,47.03,1,47.02,1600,47.05,1800,47.05,47.02,47.02,1600,47.01,2800,47.0,4900,46.99,400,,,,,,,,,,,,,47.05,1800,47.06,800,47.07,800,47.08,700,47.09,600,47.1,500,47.11,2000,47.12,300,47.13,700,47.14,2300
2026-02-05 09:31:56,47.04,47.03,1,47.03,800,47.05,2600,47.05,47.03,47.03,800,47.02,1600,47.01,2800,47.0,4900,46.99,400,,,,,,,,,,,47.05,2600,47.06,800,47.07,800,47.08,700,47.09,600,47.1,500,47.11,2000,47.12,300,47.13,700,47.14,2300
2026-02-05 09:31:57,47.045,47.05,3,47.03,1400,47.06,1500,47.06,47.03,47.03,1400,47.02,1600,47.01,2800,47.0,4900,46.99,400,,,,,,,,,,,47.06,1500,47.07,800,47.08,700,47.09,600,47.1,500,47.11,2000,47.12,300,47.13,700,47.14,2300,47.15,900
2026-02-05 09:31:58,47.035,47.03,7,47.02,1700,47.05,1500,47.05,47.02,47.02,1700,47.01,2800,47.0,4900,46.99,400,,,,,,,,,,,,,47.05,1500,47.06,2700,47.07,800,47.08,700,47.09,600,47.1,500,47.11,2000,47.12,300,47.13,700,47.14,2300
2026-02-05 09:31:59,47.035,47.03,7,47.02,1700,47.05,1700,47.05,47.02,47.02,1700,47.01,3000,47.0,4900,46.99,400,,,,,,,,,,,,,47.05,1700,47.06,2700,47.07,800,47.08,700,47.09,600,47.1,500,47.11,2000,47.12,300,47.13,700,47.14,2300
2026-02-05 09:32:00,47.045,47.04,1,47.03,2000,47.06,1100,47.06,47.03,47.03,2000,47.02,1800,47.01,3000,47.0,4900,46.99,400,,,,,,,,,,,47.06,1100,47.07,1900,47.08,700,47.09,600,47.1,500,47.11,2000,47.12,300,47.13,700,47.14,2300,47.15,900
2026-02-05 09:32:01,47.045,47.05,1,47.03,1300,47.06,1000,47.06,47.03,47.03,1300,47.02,1800,47.01,3000,47.0,4900,46.99,400,,,,,,,,,,,47.06,1000,47.07,1900,47.08,700,47.09,600,47.1,500,47.11,2000,47.12,300,47.13,700,47.14,2300,47.15,900
2026-02-05 09:32:02,47.045,47.05,1,47.03,300,47.06,1900,47.06,47.03,47.03,300,47.02,2400,47.01,3000,47.0,4900,46.99,400,,,,,,,,,,,47.06,1900,47.07,1900,47.08,700,47.09,600,47.1,500,47.11,2000,47.12,300,47.13,700,47.14,2300,47.15,900
2026-02-05 09:32:03,47.045,47.05,1,47.03,400,47.06,1700,47.06,47.03,47.03,400,47.02,2400,47.01,3000,47.0,4900,46.99,400,,,,,,,,,,,47.06,1700,47.07,1900,47.08,700,47.09,600,47.1,500,47.11,2000,47.12,300,47.13,700,47.14,2300,47.15,900
2026-02-05 09:32:04,47.045,47.05,1,47.03,400,47.06,2000,47.06,47.03,47.03,400,47.02,2400,47.01,3000,47.0,4900,46.99,400,,,,,,,,,,,47.06,2000,47.07,1900,47.08,700,47.09,600,47.1,500,47.11,2000,47.12,300,47.13,700,47.14,2300,47.15,900
2026-02-05 09:32:05,47.045,47.05,1,47.03,400,47.06,2000,47.06,47.03,47.03,400,47.02,2400,47.01,3000,47.0,4900,46.99,400,,,,,,,,,,,47.06,2000,47.07,1900,47.08,700,47.09,600,47.1,500,47.11,2000,47.12,300,47.13,700,47.14,2300,47.15,900
2026-02-05 09:32:06,47.045,47.06,3,47.03,400,47.06,1900,47.06,47.03,47.03,400,47.02,2400,47.01,3000,47.0,4900,46.99,400,,,,,,,,,,,47.06,1900,47.07,1900,47.08,700,47.09,600,47.1,500,47.11,2000,47.12,300,47.13,700,47.14,2300,47.15,900
2026-02-05 09:32:07,47.045,47.06,3,47.03,400,47.06,1800,47.06,47.03,47.03,400,47.02,2400,47.01,3000,47.0,4900,46.99,400,,,,,,,,,,,47.06,1800,47.07,1900,47.08,700,47.09,600,47.1,500,47.11,2000,47.12,300,47.13,700,47.14,2300,47.15,900
2026-02-05 09:32:08,47.045,47.05,2,47.03,400,47.06,1800,47.06,47.03,47.03,400,47.02,2400,47.01,3000,47.0,4900,46.99,400,,,,,,,,,,,47.06,1800,47.07,1900,47.08,700,47.09,600,47.1,500,47.11,2000,47.12,300,47.13,700,47.14,2300,47.15,900
2026-02-05 09:32:09,47.045,47.05,2,47.03,400,47.06,1800,47.06,47.03,47.03,400,47.02,2400,47.01,3000,47.0,4900,46.99,400,,,,,,,,,,,47.06,1800,47.07,1900,47.08,700,47.09,600,47.1,500,47.11,2000,47.12,300,47.13,700,47.14,2300,47.15,900
2026-02-05 09:32:10,47.045,47.05,14,47.03,1600,47.06,2000,47.06,47.03,47.03,1600,47.02,2400,47.01,3000,47.0,4900,46.99,400,,,,,,,,,,,47.06,2000,47.07,1900,47.08,700,47.09,600,47.1,500,47.11,2000,47.12,300,47.13,700,47.14,2300,47.15,900
2026-02-05 09:32:11,47.04,47.04,1,47.03,700,47.05,500,47.05,47.03,47.03,700,47.02,2400,47.01,3000,47.0,4900,46.99,400,,,,,,,,,,,47.05,500,47.06,1200,47.07,2000,47.08,700,47.09,600,47.1,500,47.11,2000,47.12,300,47.13,700,47.14,2300
2026-02-05 09:32:12,47.06,47.06,1,47.05,500,47.07,2400,47.07,47.05,47.05,500,47.04,900,47.03,300,47.02,2400,47.01,3000,47.0,4900,46.99,400,,,,,,,47.07,2400,47.08,700,47.09,600,47.1,500,47.11,2000,47.12,300,47.13,700,47.14,2300,47.15,900,47.16,1300
2026-02-05 09:32:13,47.055,47.06,1,47.04,800,47.07,2300,47.07,47.04,47.04,800,47.03,300,47.02,2400,47.01,3000,47.0,4900,46.99,400,,,,,,,,,47.07,2300,47.08,700,47.09,600,47.1,500,47.11,2000,47.12,300,47.13,700,47.14,2300,47.15,900,47.16,1300
2026-02-05 09:32:14,47.055,47.06,1,47.04,800,47.07,2400,47.07,47.04,47.04,800,47.03,300,47.02,2400,47.01,3000,47.0,4900,46.99,400,,,,,,,,,47.07,2400,47.08,700,47.09,600,47.1,500,47.11,2000,47.12,300,47.13,700,47.14,2300,47.15,900,47.16,1300
2026-02-05 09:32:15,47.075,47.08,2,47.06,500,47.09,1300,47.09,47.06,47.06,500,47.05,2200,47.04,1800,47.03,300,47.02,2400,47.01,3000,47.0,4900,46.99,400,,,,,47.09,1300,47.1,500,47.11,2000,47.12,300,47.13,700,47.14,2300,47.15,900,47.16,1300,47.17,1300,47.18,2600
2026-02-05 09:32:16,47.07,47.08,2,47.05,2700,47.09,1300,47.09,47.05,47.05,2700,47.04,1800,47.03,300,47.02,2400,47.01,3000,47.0,4900,46.99,400,,,,,,,47.09,1300,47.1,500,47.11,2000,47.12,300,47.13,700,47.14,2300,47.15,900,47.16,1300,47.17,1300,47.18,2600
2026-02-05 09:32:17,47.065,47.07,18,47.05,2000,47.08,1000,47.08,47.05,47.05,2000,47.04,1800,47.03,300,47.02,2400,47.01,3000,47.0,4900,46.99,400,,,,,,,47.08,1000,47.09,1300,47.1,500,47.11,2000,47.12,300,47.13,700,47.14,2300,47.15,900,47.16,1300,47.17,1300
2026-02-05 09:32:18,47.06,47.06,1,47.05,300,47.07,1300,47.07,47.05,47.05,300,47.04,1700,47.03,300,47.02,2400,47.01,3000,47.0,4900,46.99,400,,,,,,,47.07,1300,47.08,1000,47.09,1300,47.1,500,47.11,2000,47.12,300,47.13,700,47.14,2300,47.15,900,47.16,1300
2026-02-05 09:32:19,47.065,47.06,1,47.05,2100,47.08,1700,47.08,47.05,47.05,2100,47.04,1700,47.03,300,47.02,2400,47.01,3000,47.0,4900,46.99,400,,,,,,,47.08,1700,47.09,1300,47.1,500,47.11,2000,47.12,300,47.13,700,47.14,2300,47.15,900,47.16,1300,47.17,1300
2026-02-05 09:32:20,47.065,47.08,30,47.05,1700,47.08,800,47.08,47.05,47.05,1700,47.04,1700,47.03,300,47.02,2400,47.01,3000,47.0,4900,46.99,400,,,,,,,47.08,800,47.09,2600,47.1,500,47.11,2000,47.12,300,47.13,700,47.14,2300,47.15,900,47.16,1300,47.17,1300
2026-02-05 09:32:21,47.06,47.08,30,47.04,1700,47.08,2300,47.08,47.04,47.04,1700,47.03,300,47.02,2400,47.01,3000,47.0,4900,46.99,400,,,,,,,,,47.08,2300,47.09,2400,47.1,500,47.11,2000,47.12,300,47.13,700,47.14,2300,47.15,900,47.16,1300,47.17,1300
2026-02-05 09:32:22,47.08,47.08,1,47.07,1700,47.09,1000,47.09,47.07,47.07,1700,47.06,100,47.05,1000,47.04,1600,47.03,300,47.02,2400,47.01,3000,47.0,4900,46.99,400,,,47.09,1000,47.1,1700,47.11,2000,47.12,300,47.13,700,47.14,2300,47.15,900,47.16,1300,47.17,1300,47.18,2600
2026-02-05 09:32:23,47.075,47.08,1,47.06,1200,47.09,1500,47.09,47.06,47.06,1200,47.05,1000,47.04,1600,47.03,300,47.02,2400,47.01,3000,47.0,4900,46.99,400,,,,,47.09,1500,47.1,1700,47.11,2000,47.12,300,47.13,700,47.14,2300,47.15,900,47.16,1300,47.17,1300,47.18,2600
2026-02-05 09:32:24,47.075,47.08,1,47.06,900,47.09,1400,47.09,47.06,47.06,900,47.05,1000,47.04,1600,47.03,300,47.02,2400,47.01,3000,47.0,4900,46.99,400,,,,,47.09,1400,47.1,1700,47.11,2000,47.12,300,47.13,700,47.14,2300,47.15,900,47.16,1300,47.17,1300,47.18,2600
2026-02-05 09:32:25,47.07,47.07,2,47.05,1900,47.09,2100,47.09,47.05,47.05,1900,47.04,1600,47.03,300,47.02,2400,47.01,3000,47.0,4900,46.99,400,,,,,,,47.09,2100,47.1,1700,47.11,2000,47.12,300,47.13,700,47.14,2300,47.15,900,47.16,1300,47.17,1300,47.18,2600
2026-02-05 09:32:26,47.07,47.07,1,47.05,800,47.09,2100,47.09,47.05,47.05,800,47.04,1600,47.03,300,47.02,2400,47.01,3000,47.0,4900,46.99,400,,,,,,,47.09,2100,47.1,1700,47.11,2000,47.12,300,47.13,700,47.14,2300,47.15,900,47.16,1300,47.17,1300,47.18,2600
2026-02-05 09:32:27,47.07,47.07,2,47.05,1500,47.09,2100,47.09,47.05,47.05,1500,47.04,1600,47.03,300,47.02,2400,47.01,3000,47.0,4900,46.99,400,,,,,,,47.09,2100,47.1,1700,47.11,2000,47.12,300,47.13,700,47.14,2300,47.15,900,47.16,1300,47.17,1300,47.18,2600
2026-02-05 09:32:28,47.075,47.07,1,47.06,1400,47.09,2300,47.09,47.06,47.06,1400,47.05,1400,47.04,1600,47.03,300,47.02,2400,47.01,3000,47.0,4900,46.99,400,,,,,47.09,2300,47.1,1700,47.11,2000,47.12,300,47.13,700,47.14,2300,47.15,900,47.16,1300,47.17,1300,47.18,2600
2026-02-05 09:32:29,47.075,47.07,1,47.06,1400,47.09,3200,47.09,47.06,47.06,1400,47.05,1400,47.04,1600,47.03,300,47.02,2400,47.01,3000,47.0,4900,46.99,400,,,,,47.09,3200,47.1,1700,47.11,2000,47.12,300,47.13,700,47.14,2300,47.15,900,47.16,1300,47.17,1300,47.18,2600
2026-02-05 09:32:30,47.11,47.11,2,47.1,1900,47.12,2000,47.12,47.1,47.1,1900,47.09,1100,47.08,500,47.07,1000,47.06,1700,47.05,1400,47.04,1600,47.03,300,47.02,2400,47.01,3000,47.12,2000,47.13,700,47.14,2300,47.15,900,47.16,1300,47.17,1300,47.18,2600,47.19,1600,47.2,2200,47.21,1600
2026-02-05 09:32:31,47.12,47.11,4,47.11,1300,47.13,1200,47.13,47.11,47.11,1300,47.1,1800,47.09,1100,47.08,500,47.07,1000,47.06,1700,47.05,1400,47.04,1600,47.03,300,47.02,2400,47.13,1200,47.14,2500,47.15,900,47.16,1300,47.17,1300,47.18,2600,47.19,1600,47.2,2200,47.21,1600,47.22,1500
2026-02-05 09:32:32,47.115,47.11,15,47.1,1000,47.13,1800,47.13,47.1,47.1,1000,47.09,1100,47.08,500,47.07,1000,47.06,1700,47.05,1400,47.04,1600,47.03,300,47.02,2400,47.01,3000,47.13,1800,47.14,2500,47.15,900,47.16,1300,47.17,1300,47.18,2600,47.19,1600,47.2,2200,47.21,1600,47.22,1500
2026-02-05 09:32:33,47.11,47.11,15,47.1,1100,47.12,1200,47.12,47.1,47.1,1100,47.09,1100,47.08,500,47.07,1000,47.06,1700,47.05,1400,47.04,1600,47.03,300,47.02,2400,47.01,3000,47.12,1200,47.13,1800,47.14,2500,47.15,900,47.16,1300,47.17,1300,47.18,2600,47.19,1600,47.2,2200,47.21,1600
2026-02-05 09:32:34,47.095,47.11,1,47.09,1400,47.1,1100,47.1,47.09,47.09,1400,47.08,500,47.07,1000,47.06,1700,47.05,1400,47.04,1600,47.03,300,47.02,2400,47.01,3000,47.0,4900,47.1,1100,47.11,1800,47.12,1200,47.13,1800,47.14,2500,47.15,900,47.16,1300,47.17,1300,47.18,2600,47.19,1600
2026-02-05 09:32:35,47.115,47.11,1,47.1,2200,47.13,2400,47.13,47.1,47.1,2200,47.09,1000,47.08,500,47.07,1000,47.06,1700,47.05,1400,47.04,1600,47.03,300,47.02,2400,47.01,3000,47.13,2400,47.14,2500,47.15,900,47.16,1300,47.17,1300,47.18,2600,47.19,1600,47.2,2200,47.21,1600,47.22,1500
2026-02-05 09:32:36,47.115,47.11,1,47.1,1100,47.13,2400,47.13,47.1,47.1,1100,47.09,1000,47.08,500,47.07,1000,47.06,1700,47.05,1400,47.04,1600,47.03,300,47.02,2400,47.01,3000,47.13,2400,47.14,2500,47.15,900,47.16,1300,47.17,1300,47.18,2600,47.19,1600,47.2,2200,47.21,1600,47.22,1500
2026-02-05 09:32:37,47.115,47.12,1,47.1,1200,47.13,2400,47.13,47.1,47.1,1200,47.09,1000,47.08,500,47.07,1000,47.06,1700,47.05,1400,47.04,1600,47.03,300,47.02,2400,47.01,3000,47.13,2400,47.14,2500,47.15,900,47.16,1300,47.17,1300,47.18,2600,47.19,1600,47.2,2200,47.21,1600,47.22,1500
2026-02-05 09:32:38,47.115,47.12,1,47.1,2000,47.13,2300,47.13,47.1,47.1,2000,47.09,1000,47.08,500,47.07,1000,47.06,1700,47.05,1400,47.04,1600,47.03,300,47.02,2400,47.01,3000,47.13,2300,47.14,2500,47.15,900,47.16,1300,47.17,1300,47.18,2600,47.19,1600,47.2,2200,47.21,1600,47.22,1500
2026-02-05 09:32:39,47.125,47.13,1,47.11,2100,47.14,2500,47.14,47.11,47.11,2100,47.1,1800,47.09,1000,47.08,500,47.07,1000,47.06,1700,47.05,1400,47.04,1600,47.03,300,47.02,2400,47.14,2500,47.15,900,47.16,1300,47.17,1300,47.18,2600,47.19,1600,47.2,2200,47.21,1600,47.22,1500,47.23,1000
2026-02-05 09:32:40,47.125,47.13,1,47.11,1100,47.14,2800,47.14,47.11,47.11,1100,47.1,1800,47.09,1000,47.08,500,47.07,1000,47.06,1700,47.05,1400,47.04,1600,47.03,300,47.02,2400,47.14,2800,47.15,900,47.16,1300,47.17,1300,47.18,2600,47.19,1600,47.2,2200,47.21,1600,47.22,1500,47.23,1000
2026-02-05 09:32:41,47.125,47.13,1,47.11,1600,47.14,2500,47.14,47.11,47.11,1600,47.1,1800,47.09,1000,47.08,500,47.07,1000,47.06,1700,47.05,1400,47.04,1600,47.03,300,47.02,2400,47.14,2500,47.15,900,47.16,1300,47.17,1300,47.18,2600,47.19,1600,47.2,2200,47.21,1600,47.22,1500,47.23,1000
2026-02-05 09:32:42,47.125,47.11,1,47.11,1600,47.14,2900,47.14,47.11,47.11,1600,47.1,1800,47.09,1000,47.08,500,47.07,1000,47.06,1700,47.05,1400,47.04,1600,47.03,300,47.02,2400,47.14,2900,47.15,900,47.16,1300,47.17,1300,47.18,2600,47.19,1600,47.2,2200,47.21,1600,47.22,1500,47.23,1000
2026-02-05 09:32:43,47.135,47.13,1,47.12,1900,47.15,2000,47.15,47.12,47.12,1900,47.11,1700,47.1,1800,47.09,1000,47.08,500,47.07,1000,47.06,1700,47.05,1400,47.04,1600,47.03,300,47.15,2000,47.16,1300,47.17,1300,47.18,2600,47.19,1600,47.2,2200,47.21,1600,47.22,1500,47.23,1000,47.24,2800
2026-02-05 09:32:44,47.125,47.13,1,47.11,1800,47.14,1100,47.14,47.11,47.11,1800,47.1,1800,47.09,1000,47.08,500,47.07,1000,47.06,1700,47.05,1400,47.04,1600,47.03,300,47.02,2400,47.14,1100,47.15,2000,47.16,1300,47.17,1300,47.18,2600,47.19,1600,47.2,2200,47.21,1600,47.22,1500,47.23,1000
2026-02-05 09:32:45,47.15,47.15,1,47.14,1600,47.16,1100,47.16,47.14,47.14,1600,47.13,2000,47.12,100,47.11,1500,47.1,1800,47.09,1000,47.08,500,47.07,1000,47.06,1700,47.05,1400,47.16,1100,47.17,1300,47.18,2600,47.19,1600,47.2,2200,47.21,1600,47.22,1500,47.23,1000,47.24,2800,47.25,1800
2026-02-05 09:32:46,47.15,47.16,1,47.14,500,47.16,600,47.16,47.14,47.14,500,47.13,1900,47.12,100,47.11,1500,47.1,1800,47.09,1000,47.08,500,47.07,1000,47.06,1700,47.05,1400,47.16,600,47.17,1300,47.18,2600,47.19,1600,47.2,2200,47.21,1600,47.22,1500,47.23,1000,47.24,2800,47.25,1800
2026-02-05 09:32:47,47.145,47.14,1,47.13,2000,47.16,1500,47.16,47.13,47.13,2000,47.12,100,47.11,1500,47.1,1800,47.09,1000,47.08,500,47.07,1000,47.06,1700,47.05,1400,47.04,1600,47.16,1500,47.17,1300,47.18,2600,47.19,1600,47.2,2200,47.21,1600,47.22,1500,47.23,1000,47.24,2800,47.25,1800
2026-02-05 09:32:48,47.145,47.14,1,47.13,1000,47.16,1400,47.16,47.13,47.13,1000,47.12,2500,47.11,1500,47.1,1800,47.09,1000,47.08,500,47.07,1000,47.06,1700,47.05,1400,47.04,1600,47.16,1400,47.17,1300,47.18,2600,47.19,1600,47.2,2200,47.21,1600,47.22,1500,47.23,1000,47.24,2800,47.25,1800
2026-02-05 09:32:49,47.135,47.14,6,47.12,2100,47.15,1600,47.15,47.12,47.12,2100,47.11,1500,47.1,1800,47.09,1000,47.08,500,47.07,1000,47.06,1700,47.05,1400,47.04,1600,47.03,300,47.15,1600,47.16,1300,47.17,1300,47.18,2600,47.19,1600,47.2,2200,47.21,1600,47.22,1500,47.23,1000,47.24,2800
2026-02-05 09:32:50,47.135,47.14,6,47.12,2300,47.15,1400,47.15,47.12,47.12,2300,47.11,1500,47.1,1800,47.09,1000,47.08,500,47.07,1000,47.06,1700,47.05,1400,47.04,1600,47.03,300,47.15,1400,47.16,1300,47.17,1300,47.18,2600,47.19,1600,47.2,2200,47.21,1600,47.22,1500,47.23,1000,47.24,2800
2026-02-05 09:32:51,47.11,47.11,1,47.1,1900,47.12,700,47.12,47.1,47.1,1900,47.09,1000,47.08,500,47.07,1000,47.06,1700,47.05,1400,47.04,1600,47.03,300,47.02,2400,47.01,3000,47.12,700,47.13,2300,47.14,1000,47.15,2100,47.16,1300,47.17,1300,47.18,2600,47.19,1600,47.2,2200,47.21,1600
2026-02-05 09:32:52,47.115,47.1,1,47.1,1300,47.13,2400,47.13,47.1,47.1,1300,47.09,1000,47.08,500,47.07,1000,47.06,1700,47.05,1400,47.04,1600,47.03,300,47.02,2400,47.01,3000,47.13,2400,47.14,1000,47.15,2100,47.16,1300,47.17,1300,47.18,2600,47.19,1600,47.2,2200,47.21,1600,47.22,1500
2026-02-05 09:32:53,47.105,47.1,1,47.09,1600,47.12,500,47.12,47.09,47.09,1600,47.08,500,47.07,1000,47.06,1700,47.05,1400,47.04,1600,47.03,300,47.02,2400,47.01,3000,47.0,4900,47.12,500,47.13,2400,47.14,1000,47.15,2100,47.16,1300,47.17,1300,47.18,2600,47.19,1600,47.2,2200,47.21,1600
2026-02-05 09:32:54,47.16,47.16,1,47.15,500,47.17,2000,47.17,47.15,47.15,500,47.14,600,47.13,1100,47.12,500,47.11,1800,47.1,1000,47.09,1600,47.08,500,47.07,1000,47.06,1700,47.17,2000,47.18,2600,47.19,1600,47.2,2200,47.21,1600,47.22,1500,47.23,1000,47.24,2800,47.25,1800,47.26,1300
2026-02-05 09:32:55,47.205,47.21,1,47.2,1300,47.21,1400,47.21,47.2,47.2,1300,47.19,1500,47.18,1200,47.17,700,47.16,600,47.15,500,47.14,600,47.13,1100,47.12,500,47.11,1800,47.21,1400,47.22,1400,47.23,2100,47.24,2800,47.25,1800,47.26,1300,47.27,1000,47.28,1700,47.29,4000,,
2026-02-05 09:32:56,47.2,47.2,15,47.19,2200,47.21,1200,47.21,47.19,47.19,2200,47.18,2200,47.17,700,47.16,600,47.15,500,47.14,600,47.13,1100,47.12,500,47.11,1800,47.1,1000,47.21,1200,47.22,1300,47.23,2100,47.24,2800,47.25,1800,47.26,1300,47.27,1000,47.28,1700,47.29,4000,,
2026-02-05 09:32:57,47.205,47.21,3,47.2,1300,47.21,100,47.21,47.2,47.2,1300,47.19,2300,47.18,2200,47.17,700,47.16,600,47.15,500,47.14,600,47.13,1100,47.12,500,47.11,1800,47.21,100,47.22,400,47.23,2300,47.24,2800,47.25,1800,47.26,1300,47.27,1000,47.28,1700,47.29,4000,,
2026-02-05 09:32:58,47.2,47.2,1,47.19,2200,47.21,200,47.21,47.19,47.19,2200,47.18,2200,47.17,700,47.16,600,47.15,500,47.14,600,47.13,1100,47.12,500,47.11,1800,47.1,1000,47.21,200,47.22,400,47.23,2300,47.24,2800,47.25,1800,47.26,1300,47.27,1000,47.28,1700,47.29,4000,,
2026-02-05 09:32:59,47.205,47.2,7,47.19,2200,47.22,1300,47.22,47.19,47.19,2200,47.18,2200,47.17,700,47.16,600,47.15,500,47.14,600,47.13,1100,47.12,500,47.11,1800,47.1,1000,47.22,1300,47.23,2300,47.24,2800,47.25,1800,47.26,1300,47.27,1000,47.28,1700,47.29,4000,,,,
2026-02-05 09:33:00,47.215,47.2,7,47.21,100,47.22,1400,47.22,47.21,47.21,100,47.2,700,47.19,2200,47.18,2200,47.17,700,47.16,600,47.15,500,47.14,600,47.13,1100,47.12,500,47.22,1400,47.23,2300,47.24,2800,47.25,1800,47.26,1300,47.27,1000,47.28,1700,47.29,4000,,,,
2026-02-05 09:33:01,47.215,47.22,5,47.21,1000,47.22,500,47.22,47.21,47.21,1000,47.2,700,47.19,2200,47.18,2200,47.17,700,47.16,600,47.15,500,47.14,600,47.13,1100,47.12,500,47.22,500,47.23,1000,47.24,1400,47.25,3200,47.26,1300,47.27,1000,47.28,1700,47.29,4000,,,,
2026-02-05 09:33:02,47.24,47.23,2,47.23,1500,47.25,2700,47.25,47.23,47.23,1500,47.22,1400,47.21,1100,47.2,700,47.19,2200,47.18,2200,47.17,700,47.16,600,47.15,500,47.14,600,47.25,2700,47.26,1300,47.27,1000,47.28,1700,47.29,4000,,,,,,,,,,
2026-02-05 09:33:03,47.26,47.24,1,47.25,1000,47.27,1200,47.27,47.25,47.25,1000,47.24,1100,47.23,1600,47.22,1400,47.21,1100,47.2,700,47.19,2200,47.18,2200,47.17,700,47.16,600,47.27,1200,47.28,1700,47.29,4000,,,,,,,,,,,,,,
2026-02-05 09:33:04,47.26,47.27,1,47.24,1800,47.28,3900,47.28,47.24,47.24,1800,47.23,1600,47.22,1400,47.21,1100,47.2,700,47.19,2200,47.18,2200,47.17,700,47.16,600,47.15,500,47.28,3900,47.29,4000,,,,,,,,,,,,,,,,
2026-02-05 09:33:05,47.27,47.28,2,47.26,1300,47.28,3600,47.28,47.26,47.26,1300,47.25,1000,47.24,1800,47.23,1600,47.22,1400,47.21,1100,47.2,700,47.19,2200,47.18,2200,47.17,700,47.28,3600,47.29,4000,,,,,,,,,,,,,,,,
2026-02-05 09:33:06,47.28,47.28,1,47.27,1200,47.29,4000,47.29,47.27,47.27,1200,47.26,2000,47.25,2200,47.24,1800,47.23,1600,47.22,1400,47.21,1100,47.2,700,47.19,2200,47.18,2200,47.29,4000,,,,,,,,,,,,,,,,,,
2026-02-05 09:33:07,47.28,47.28,1,47.27,800,47.29,4000,47.29,47.27,47.27,800,47.26,2000,47.25,2200,47.24,1800,47.23,1600,47.22,1400,47.21,1100,47.2,700,47.19,2200,47.18,2200,47.29,4000,,,,,,,,,,,,,,,,,,
2026-02-05 09:33:08,47.3,47.3,1,47.29,1400,47.31,1300,47.31,47.29,47.29,1400,47.28,800,47.27,1000,47.26,2000,47.25,2200,47.24,1800,47.23,1600,47.22,1400,47.21,1100,47.2,700,47.31,1300,47.32,1200,47.33,1500,,,,,,,,,,,,,,
2026-02-05 09:33:09,47.305,47.29,1,47.29,1600,47.32,1400,47.32,47.29,47.29,1600,47.28,1400,47.27,1000,47.26,2000,47.25,2200,47.24,1800,47.23,1600,47.22,1400,47.21,1100,47.2,700,47.32,1400,47.33,1500,,,,,,,,,,,,,,,,
2026-02-05 09:33:10,47.305,47.29,1,47.29,1600,47.32,900,47.32,47.29,47.29,1600,47.28,1400,47.27,1000,47.26,2000,47.25,2200,47.24,1800,47.23,1600,47.22,1400,47.21,1100,47.2,700,47.32,900,47.33,1500,,,,,,,,,,,,,,,,
2026-02-05 09:33:11,47.32,47.29,1,47.31,1400,47.33,1200,47.33,47.31,47.31,1400,47.3,1000,47.29,1600,47.28,1400,47.27,1000,47.26,2000,47.25,2200,47.24,1800,47.23,1600,47.22,1400,47.33,1200,,,,,,,,,,,,,,,,,,
2026-02-05 09:33:12,47.325,47.33,1,47.31,2000,47.34,1300,47.34,47.31,47.31,2000,47.3,1000,47.29,1600,47.28,1400,47.27,1000,47.26,2000,47.25,2200,47.24,1800,47.23,1600,47.22,1400,47.34,1300,,,,,,,,,,,,,,,,,,
2026-02-05 09:33:13,47.335,47.34,1,47.32,1100,47.35,1400,47.35,47.32,47.32,1100,47.31,2000,47.3,1000,47.29,1600,47.28,1400,47.27,1000,47.26,2000,47.25,2200,47.24,1800,47.23,1600,47.35,1400,,,,,,,,,,,,,,,,,,
2026-02-05 09:33:14,47.33,47.33,1,47.32,1500,47.34,1700,47.34,47.32,47.32,1500,47.31,1600,47.3,1000,47.29,1600,47.28,1400,47.27,1000,47.26,2000,47.25,2200,47.24,1800,47.23,1600,47.34,1700,47.35,2900,,,,,,,,,,,,,,,,
2026-02-05 09:33:15,47.325,47.33,1,47.31,2700,47.34,2000,47.34,47.31,47.31,2700,47.3,1000,47.29,1600,47.28,1400,47.27,1000,47.26,2000,47.25,2200,47.24,1800,47.23,1600,47.22,1400,47.34,2000,47.35,2800,,,,,,,,,,,,,,,,
2026-02-05 09:33:16,47.32,47.32,6,47.31,2500,47.33,1900,47.33,47.31,47.31,2500,47.3,1000,47.29,1600,47.28,1400,47.27,1000,47.26,2000,47.25,2200,47.24,1800,47.23,1600,47.22,1400,47.33,1900,47.34,2200,47.35,2800,,,,,,,,,,,,,,
2026-02-05 09:33:17,47.325,47.33,1,47.31,2900,47.34,2400,47.34,47.31,47.31,2900,47.3,1000,47.29,1600,47.28,1400,47.27,1000,47.26,2000,47.25,2200,47.24,1800,47.23,1600,47.22,1400,47.34,2400,47.35,2800,,,,,,,,,,,,,,,,
2026-02-05 09:33:18,47.325,47.33,1,47.31,2900,47.34,2400,47.34,47.31,47.31,2900,47.3,1000,47.29,1600,47.28,1400,47.27,1000,47.26,2000,47.25,2200,47.24,1800,47.23,1600,47.22,1400,47.34,2400,47.35,2800,,,,,,,,,,,,,,,,
2026-02-05 09:33:19,47.325,47.33,1,47.31,2600,47.34,2900,47.34,47.31,47.31,2600,47.3,1000,47.29,1600,47.28,1400,47.27,1000,47.26,2000,47.25,2200,47.24,1800,47.23,1600,47.22,1400,47.34,2900,47.35,2800,,,,,,,,,,,,,,,,
2026-02-05 09:33:20,47.325,47.34,1,47.31,2900,47.34,3200,47.34,47.31,47.31,2900,47.3,1000,47.29,1600,47.28,1400,47.27,1000,47.26,2000,47.25,2200,47.24,1800,47.23,1600,47.22,1400,47.34,3200,47.35,2800,,,,,,,,,,,,,,,,
2026-02-05 09:33:21,47.325,47.33,1,47.31,2700,47.34,3200,47.34,47.31,47.31,2700,47.3,1000,47.29,1600,47.28,1400,47.27,1000,47.26,2000,47.25,2200,47.24,1800,47.23,1600,47.22,1400,47.34,3200,47.35,2800,,,,,,,,,,,,,,,,
2026-02-05 09:33:22,47.325,47.33,1,47.31,2800,47.34,2900,47.34,47.31,47.31,2800,47.3,1000,47.29,1600,47.28,1400,47.27,1000,47.26,2000,47.25,2200,47.24,1800,47.23,1600,47.22,1400,47.34,2900,47.35,2800,,,,,,,,,,,,,,,,
2026-02-05 09:33:23,47.3,47.3,1,47.29,2500,47.31,500,47.31,47.29,47.29,2500,47.28,1400,47.27,1000,47.26,2000,47.25,2200,47.24,1800,47.23,1600,47.22,1400,47.21,1100,47.2,700,47.31,500,47.32,1700,47.33,1900,47.34,1900,47.35,2200,,,,,,,,,,
2026-02-05 09:33:24,47.305,47.31,3,47.3,100,47.31,1200,47.31,47.3,47.3,100,47.29,2600,47.28,1400,47.27,1000,47.26,2000,47.25,2200,47.24,1800,47.23,1600,47.22,1400,47.21,1100,47.31,1200,47.32,900,47.33,1200,47.34,1900,47.35,2200,,,,,,,,,,
2026-02-05 09:33:25,47.305,47.31,3,47.29,2900,47.32,1100,47.32,47.29,47.29,2900,47.28,1400,47.27,1000,47.26,2000,47.25,2200,47.24,1800,47.23,1600,47.22,1400,47.21,1100,47.2,700,47.32,1100,47.33,1200,47.34,1900,47.35,2200,,,,,,,,,,,,
2026-02-05 09:33:26,47.31,47.31,2,47.3,900,47.32,1100,47.32,47.3,47.3,900,47.29,2800,47.28,1400,47.27,1000,47.26,2000,47.25,2200,47.24,1800,47.23,1600,47.22,1400,47.21,1100,47.32,1100,47.33,1800,47.34,1900,47.35,2200,,,,,,,,,,,,
2026-02-05 09:33:27,47.33,47.33,1,47.32,1500,47.34,1600,47.34,47.32,47.32,1500,47.31,2100,47.3,900,47.29,2800,47.28,1400,47.27,1000,47.26,2000,47.25,2200,47.24,1800,47.23,1600,47.34,1600,47.35,2200,,,,,,,,,,,,,,,,
2026-02-05 09:33:28,47.33,47.33,2,47.32,1500,47.34,1600,47.34,47.32,47.32,1500,47.31,2100,47.3,900,47.29,2800,47.28,1400,47.27,1000,47.26,2000,47.25,2200,47.24,1800,47.23,1600,47.34,1600,47.35,2200,,,,,,,,,,,,,,,,
2026-02-05 09:33:29,47.33,47.33,2,47.32,1500,47.34,1700,47.34,47.32,47.32,1500,47.31,2100,47.3,900,47.29,2800,47.28,1400,47.27,1000,47.26,2000,47.25,2200,47.24,1800,47.23,1600,47.34,1700,47.35,2200,,,,,,,,,,,,,,,,
2026-02-05 09:33:30,47.345,47.35,2,47.34,300,47.35,2100,47.35,47.34,47.34,300,47.33,1900,47.32,1500,47.31,2100,47.3,900,47.29,2800,47.28,1400,47.27,1000,47.26,2000,47.25,2200,47.35,2100,,,,,,,,,,,,,,,,,,
2026-02-05 09:33:31,47.325,47.32,1,47.32,1100,47.33,500,47.33,47.32,47.32,1100,47.31,2100,47.3,900,47.29,2800,47.28,1400,47.27,1000,47.26,2000,47.25,2200,47.24,1800,47.23,1600,47.33,500,47.34,1600,47.35,2100,,,,,,,,,,,,,,
2026-02-05 09:33:32,47.33,47.33,2,47.32,700,47.34,2100,47.34,47.32,47.32,700,47.31,2100,47.3,900,47.29,2800,47.28,1400,47.27,1000,47.26,2000,47.25,2200,47.24,1800,47.23,1600,47.34,2100,47.35,2100,,,,,,,,,,,,,,,,
2026-02-05 09:33:33,47.335,47.32,5,47.32,1900,47.35,3000,47.35,47.32,47.32,1900,47.31,2100,47.3,900,47.29,2800,47.28,1400,47.27,1000,47.26,2000,47.25,2200,47.24,1800,47.23,1600,47.35,3000,,,,,,,,,,,,,,,,,,
2026-02-05 09:33:34,47.34,47.34,1,47.33,1400,47.35,1900,47.35,47.33,47.33,1400,47.32,1900,47.31,2100,47.3,900,47.29,2800,47.28,1400,47.27,1000,47.26,2000,47.25,2200,47.24,1800,47.35,1900,,,,,,,,,,,,,,,,,,
2026-02-05 09:33:35,47.33,47.35,10,47.32,2100,47.34,300,47.34,47.32,47.32,2100,47.31,2100,47.3,900,47.29,2800,47.28,1400,47.27,1000,47.26,2000,47.25,2200,47.24,1800,47.23,1600,47.34,300,47.35,800,47.36,800,,,,,,,,,,,,,,
2026-02-05 09:33:36,47.33,47.33,1,47.32,1700,47.34,1600,47.34,47.32,47.32,1700,47.31,2100,47.3,900,47.29,2800,47.28,1400,47.27,1000,47.26,2000,47.25,2200,47.24,1800,47.23,1600,47.34,1600,47.35,800,47.36,800,,,,,,,,,,,,,,
2026-02-05 09:33:37,47.33,47.33,1,47.32,1700,47.34,1600,47.34,47.32,47.32,1700,47.31,2100,47.3,900,47.29,2800,47.28,1400,47.27,1000,47.26,2000,47.25,2200,47.24,1800,47.23,1600,47.34,1600,47.35,800,47.36,800,,,,,,,,,,,,,,
2026-02-05 09:33:38,47.33,47.33,10,47.32,1700,47.34,1700,47.34,47.32,47.32,1700,47.31,2100,47.3,900,47.29,2800,47.28,1400,47.27,1000,47.26,2000,47.25,2200,47.24,1800,47.23,1600,47.34,1700,47.35,800,47.36,800,,,,,,,,,,,,,,
2026-02-05 09:33:39,47.33,47.33,1,47.32,1700,47.34,1600,47.34,47.32,47.32,1700,47.31,2100,47.3,900,47.29,2800,47.28,1400,47.27,1000,47.26,2000,47.25,2200,47.24,1800,47.23,1600,47.34,1600,47.35,800,47.36,800,,,,,,,,,,,,,,
2026-02-05 09:33:40,47.335,47.34,2,47.32,1300,47.35,1300,47.35,47.32,47.32,1300,47.31,2100,47.3,900,47.29,2800,47.28,1400,47.27,1000,47.26,2000,47.25,2200,47.24,1800,47.23,1600,47.35,1300,47.36,800,,,,,,,,,,,,,,,,
2026-02-05 09:33:41,47.34,47.34,2,47.33,600,47.35,1600,47.35,47.33,47.33,600,47.32,1400,47.31,2100,47.3,900,47.29,2800,47.28,1400,47.27,1000,47.26,2000,47.25,2200,47.24,1800,47.35,1600,47.36,800,,,,,,,,,,,,,,,,
2026-02-05 09:33:42,47.34,47.34,2,47.33,900,47.35,1400,47.35,47.33,47.33,900,47.32,1400,47.31,2100,47.3,900,47.29,2800,47.28,1400,47.27,1000,47.26,2000,47.25,2200,47.24,1800,47.35,1400,47.36,800,,,,,,,,,,,,,,,,
2026-02-05 09:33:43,47.34,47.34,1,47.33,1400,47.35,1700,47.35,47.33,47.33,1400,47.32,1400,47.31,2100,47.3,900,47.29,2800,47.28,1400,47.27,1000,47.26,2000,47.25,2200,47.24,1800,47.35,1700,47.36,800,,,,,,,,,,,,,,,,
2026-02-05 09:33:44,47.34,47.33,10,47.33,1000,47.35,2300,47.35,47.33,47.33,1000,47.32,1400,47.31,2100,47.3,900,47.29,2800,47.28,1400,47.27,1000,47.26,2000,47.25,2200,47.24,1800,47.35,2300,47.36,800,,,,,,,,,,,,,,,,
2026-02-05 09:33:45,47.34,47.33,10,47.33,1000,47.35,2100,47.35,47.33,47.33,1000,47.32,1400,47.31,2100,47.3,900,47.29,2800,47.28,1400,47.27,1000,47.26,2000,47.25,2200,47.24,1800,47.35,2100,47.36,800,,,,,,,,,,,,,,,,
2026-02-05 09:33:46,47.34,47.33,10,47.33,1000,47.35,2200,47.35,47.33,47.33,1000,47.32,1400,47.31,2100,47.3,900,47.29,2800,47.28,1400,47.27,1000,47.26,2000,47.25,2200,47.24,1800,47.35,2200,47.36,800,,,,,,,,,,,,,,,,
2026-02-05 09:33:47,47.31,47.31,2,47.3,2300,47.32,800,47.32,47.3,47.3,2300,47.29,2800,47.28,1400,47.27,1000,47.26,2000,47.25,2200,47.24,1800,47.23,1600,47.22,1400,47.21,1100,47.32,800,47.33,1500,47.34,2000,47.35,2400,47.36,800,,,,,,,,,,
2026-02-05 09:33:48,47.305,47.31,12,47.29,3000,47.32,2400,47.32,47.29,47.29,3000,47.28,1400,47.27,1000,47.26,2000,47.25,2200,47.24,1800,47.23,1600,47.22,1400,47.21,1100,47.2,700,47.32,2400,47.33,1500,47.34,2000,47.35,2400,47.36,800,,,,,,,,,,
2026-02-05 09:33:49,47.275,47.28,1,47.27,400,47.28,2000,47.28,47.27,47.27,400,47.26,1800,47.25,1800,47.24,1800,47.23,1600,47.22,1400,47.21,1100,47.2,700,47.19,2200,47.18,2200,47.28,2000,47.29,400,47.3,1300,47.31,800,47.32,2400,47.33,1500,47.34,2000,47.35,2400,47.36,800,,
2026-02-05 09:33:50,47.275,47.28,3,47.26,2800,47.29,1100,47.29,47.26,47.26,2800,47.25,1800,47.24,1800,47.23,1600,47.22,1400,47.21,1100,47.2,700,47.19,2200,47.18,2200,47.17,700,47.29,1100,47.3,2000,47.31,800,47.32,2400,47.33,1500,47.34,2000,47.35,2400,47.36,800,,,,
2026-02-05 09:33:51,47.275,47.28,3,47.26,2800,47.29,1200,47.29,47.26,47.26,2800,47.25,1800,47.24,1800,47.23,1600,47.22,1400,47.21,1100,47.2,700,47.19,2200,47.18,2200,47.17,700,47.29,1200,47.3,2000,47.31,800,47.32,2400,47.33,1500,47.34,2000,47.35,2400,47.36,800,,,,
2026-02-05 09:33:52,47.31,47.3,1,47.3,800,47.32,2100,47.32,47.3,47.3,800,47.29,1000,47.28,1300,47.27,500,47.26,2800,47.25,1800,47.24,1800,47.23,1600,47.22,1400,47.21,1100,47.32,2100,47.33,1500,47.34,2000,47.35,2400,47.36,800,,,,,,,,,,
2026-02-05 09:33:53,47.305,47.31,1,47.29,1900,47.32,2600,47.32,47.29,47.29,1900,47.28,1300,47.27,500,47.26,2800,47.25,1800,47.24,1800,47.23,1600,47.22,1400,47.21,1100,47.2,700,47.32,2600,47.33,1500,47.34,2000,47.35,2400,47.36,800,,,,,,,,,,
2026-02-05 09:33:54,47.305,47.31,1,47.29,1900,47.32,2600,47.32,47.29,47.29,1900,47.28,1300,47.27,500,47.26,2800,47.25,1800,47.24,1800,47.23,1600,47.22,1400,47.21,1100,47.2,700,47.32,2600,47.33,1500,47.34,2000,47.35,2400,47.36,800,,,,,,,,,,
2026-02-05 09:33:55,47.31,47.32,1,47.3,2400,47.32,3200,47.32,47.3,47.3,2400,47.29,1900,47.28,1300,47.27,500,47.26,2800,47.25,1800,47.24,1800,47.23,1600,47.22,1400,47.21,1100,47.32,3200,47.33,1500,47.34,2000,47.35,2400,47.36,800,,,,,,,,,,
2026-02-05 09:33:56,47.31,47.32,1,47.3,2000,47.32,3400,47.32,47.3,47.3,2000,47.29,1900,47.28,1300,47.27,500,47.26,2800,47.25,1800,47.24,1800,47.23,1600,47.22,1400,47.21,1100,47.32,3400,47.33,1500,47.34,2000,47.35,2400,47.36,800,,,,,,,,,,
2026-02-05 09:33:57,47.31,47.32,2,47.3,2000,47.32,3800,47.32,47.3,47.3,2000,47.29,1900,47.28,1300,47.27,500,47.26,2800,47.25,1800,47.24,1800,47.23,1600,47.22,1400,47.21,1100,47.32,3800,47.33,1500,47.34,2000,47.35,2400,47.36,800,,,,,,,,,,
2026-02-05 09:33:58,47.31,47.32,2,47.3,2000,47.32,3900,47.32,47.3,47.3,2000,47.29,1900,47.28,1300,47.27,500,47.26,2800,47.25,1800,47.24,1800,47.23,1600,47.22,1400,47.21,1100,47.32,3900,47.33,1500,47.34,2000,47.35,2400,47.36,800,,,,,,,,,,
2026-02-05 09:33:59,47.325,47.32,1,47.32,700,47.33,2200,47.33,47.32,47.32,700,47.31,2100,47.3,2600,47.29,1900,47.28,1300,47.27,500,47.26,2800,47.25,1800,47.24,1800,47.23,1600,47.33,2200,47.34,2000,47.35,2400,47.36,800,,,,,,,,,,,,
2026-02-05 09:34:00,47.33,47.33,1,47.32,200,47.34,2100,47.34,47.32,47.32,200,47.31,1900,47.3,2600,47.29,1900,47.28,1300,47.27,500,47.26,2800,47.25,1800,47.24,1800,47.23,1600,47.34,2100,47.35,2300,47.36,800,,,,,,,,,,,,,,
2026-02-05 09:34:01,47.315,47.31,1,47.3,2200,47.33,1600,47.33,47.3,47.3,2200,47.29,1900,47.28,1300,47.27,500,47.26,2800,47.25,1800,47.24,1800,47.23,1600,47.22,1400,47.21,1100,47.33,1600,47.34,2000,47.35,2300,47.36,800,,,,,,,,,,,,
2026-02-05 09:34:02,47.305,47.31,1,47.3,500,47.31,1400,47.31,47.3,47.3,500,47.29,1900,47.28,1300,47.27,500,47.26,2800,47.25,1800,47.24,1800,47.23,1600,47.22,1400,47.21,1100,47.31,1400,47.32,1500,47.33,1500,47.34,2000,47.35,2300,47.36,800,,,,,,,,
2026-02-05 09:34:03,47.355,47.35,2,47.34,2100,47.36,1100,47.36,47.34,47.35,100,47.34,1500,47.33,700,47.32,900,47.31,700,47.3,1400,47.29,1600,47.28,1300,47.27,500,47.26,2800,47.36,1100,,,,,,,,,,,,,,,,,,
2026-02-05 09:34:04,47.345,47.3,2,47.33,1300,47.36,2300,47.36,47.33,47.33,1300,47.32,900,47.31,700,47.3,1400,47.29,1600,47.28,1300,47.27,500,47.26,2800,47.25,1800,47.24,1800,47.36,2300,,,,,,,,,,,,,,,,,,
2026-02-05 09:34:05,47.365,47.38,5,47.35,2100,47.38,1700,47.38,47.35,47.35,2100,47.34,400,47.33,2400,47.32,900,47.31,700,47.3,1400,47.29,1600,47.28,1300,47.27,500,47.26,2800,47.38,1700,,,,,,,,,,,,,,,,,,
2026-02-05 09:34:06,47.36,47.37,1,47.34,1900,47.38,1400,47.38,47.34,47.34,1900,47.33,2400,47.32,900,47.31,700,47.3,1400,47.29,1600,47.28,1300,47.27,500,47.26,2800,47.25,1800,47.38,1400,,,,,,,,,,,,,,,,,,
2026-02-05 09:34:07,47.37,47.38,20,47.35,2400,47.39,1600,47.39,47.35,47.35,2400,47.34,1900,47.33,2400,47.32,900,47.31,700,47.3,1400,47.29,1600,47.28,1300,47.27,500,47.26,2800,47.39,1600,,,,,,,,,,,,,,,,,,
2026-02-05 09:34:08,47.36,47.36,5,47.34,1900,47.38,1400,47.38,47.34,47.34,1900,47.33,2400,47.32,900,47.31,700,47.3,1400,47.29,1600,47.28,1300,47.27,500,47.26,2800,47.25,1800,47.38,1400,47.39,1600,,,,,,,,,,,,,,,,
2026-02-05 09:34:09,47.365,47.36,5,47.35,1000,47.38,600,47.38,47.35,47.35,1000,47.34,1900,47.33,2400,47.32,900,47.31,700,47.3,1400,47.29,1600,47.28,1300,47.27,500,47.26,2800,47.38,600,47.39,1600,,,,,,,,,,,,,,,,
2026-02-05 09:34:10,47.36,47.37,12,47.34,1800,47.38,1600,47.38,47.34,47.34,1800,47.33,2400,47.32,900,47.31,700,47.3,1400,47.29,1600,47.28,1300,47.27,500,47.26,2800,47.25,1800,47.38,1600,47.39,1600,,,,,,,,,,,,,,,,
2026-02-05 09:34:11,47.365,47.38,1,47.35,1700,47.38,1500,47.38,47.35,47.35,1700,47.34,1800,47.33,2400,47.32,900,47.31,700,47.3,1400,47.29,1600,47.28,1300,47.27,500,47.26,2800,47.38,1500,47.39,1600,,,,,,,,,,,,,,,,
2026-02-05 09:34:12,47.37,47.38,1,47.35,1100,47.39,3600,47.39,47.35,47.35,1100,47.34,1800,47.33,2400,47.32,900,47.31,700,47.3,1400,47.29,1600,47.28,1300,47.27,500,47.26,2800,47.39,3600,,,,,,,,,,,,,,,,,,
2026-02-05 09:34:13,47.35,47.35,1,47.34,1200,47.36,1400,47.36,47.34,47.34,1200,47.33,2400,47.32,900,47.31,700,47.3,1400,47.29,1600,47.28,1300,47.27,500,47.26,2800,47.25,1800,47.36,1400,47.37,300,47.38,1100,47.39,3600,,,,,,,,,,,,
2026-02-05 09:34:14,47.35,47.35,4,47.34,600,47.36,1500,47.36,47.34,47.34,600,47.33,2400,47.32,900,47.31,700,47.3,1400,47.29,1600,47.28,1300,47.27,500,47.26,2800,47.25,1800,47.36,1500,47.37,300,47.38,1100,47.39,3600,,,,,,,,,,,,
2026-02-05 09:34:15,47.35,47.35,4,47.34,600,47.36,1500,47.36,47.34,47.34,600,47.33,2400,47.32,900,47.31,700,47.3,1400,47.29,1600,47.28,1300,47.27,500,47.26,2800,47.25,1800,47.36,1500,47.37,300,47.38,1100,47.39,3600,,,,,,,,,,,,
2026-02-05 09:34:16,47.355,47.36,2,47.34,600,47.37,1200,47.37,47.34,47.34,600,47.33,2400,47.32,900,47.31,700,47.3,1400,47.29,1600,47.28,1300,47.27,500,47.26,2800,47.25,1800,47.37,1200,47.38,1100,47.39,3600,,,,,,,,,,,,,,
2026-02-05 09:34:17,47.355,47.36,2,47.34,600,47.37,1200,47.37,47.34,47.34,600,47.33,2400,47.32,900,47.31,700,47.3,1400,47.29,1600,47.28,1300,47.27,500,47.26,2800,47.25,1800,47.37,1200,47.38,1100,47.39,3600,,,,,,,,,,,,,,
2026-02-05 09:34:18,47.355,47.36,2,47.34,600,47.37,1200,47.37,47.34,47.34,600,47.33,2400,47.32,900,47.31,700,47.3,1400,47.29,1600,47.28,1300,47.27,500,47.26,2800,47.25,1800,47.37,1200,47.38,1100,47.39,3600,,,,,,,,,,,,,,
2026-02-05 09:34:19,47.33,47.33,1,47.32,600,47.34,1900,47.34,47.32,47.32,600,47.31,700,47.3,1400,47.29,1600,47.28,1300,47.27,500,47.26,2800,47.25,1800,47.24,1800,47.23,1600,47.34,1900,47.35,1500,47.36,100,47.37,1200,47.38,1100,47.39,3600,,,,,,,,
2026-02-05 09:34:20,47.33,47.33,1,47.32,600,47.34,1900,47.34,47.32,47.32,600,47.31,700,47.3,1400,47.29,1600,47.28,1300,47.27,500,47.26,2800,47.25,1800,47.24,1800,47.23,1600,47.34,1900,47.35,1500,47.36,100,47.37,1200,47.38,1100,47.39,3600,,,,,,,,
2026-02-05 09:34:21,47.335,47.32,4,47.32,100,47.35,1500,47.35,47.32,47.32,100,47.31,2200,47.3,1400,47.29,1600,47.28,1300,47.27,500,47.26,2800,47.25,1800,47.24,1800,47.23,1600,47.35,1500,47.36,100,47.37,1200,47.38,1100,47.39,3600,,,,,,,,,,
2026-02-05 09:34:22,47.335,47.32,1,47.32,100,47.35,1500,47.35,47.32,47.32,100,47.31,2200,47.3,1400,47.29,1600,47.28,1300,47.27,500,47.26,2800,47.25,1800,47.24,1800,47.23,1600,47.35,1500,47.36,100,47.37,1200,47.38,1100,47.39,3600,,,,,,,,,,
2026-02-05 09:34:23,47.35,47.35,2,47.34,200,47.36,1700,47.36,47.34,47.34,200,47.33,1400,47.32,600,47.31,2200,47.3,1400,47.29,1600,47.28,1300,47.27,500,47.26,2800,47.25,1800,47.36,1700,47.37,1000,47.38,1100,47.39,3600,,,,,,,,,,,,
2026-02-05 09:34:24,47.35,47.34,1,47.34,400,47.36,1500,47.36,47.34,47.34,400,47.33,1600,47.32,600,47.31,2200,47.3,1400,47.29,1600,47.28,1300,47.27,500,47.26,2800,47.25,1800,47.36,1500,47.37,1000,47.38,1100,47.39,3600,,,,,,,,,,,,
2026-02-05 09:34:25,47.35,47.34,1,47.33,1600,47.37,1200,47.37,47.33,47.33,1600,47.32,600,47.31,2200,47.3,1400,47.29,1600,47.28,1300,47.27,500,47.26,2800,47.25,1800,47.24,1800,47.37,1200,47.38,1100,47.39,3600,,,,,,,,,,,,,,
2026-02-05 09:34:26,47.35,47.35,1,47.33,1600,47.37,1200,47.37,47.33,47.33,1600,47.32,600,47.31,2200,47.3,1400,47.29,1600,47.28,1300,47.27,500,47.26,2800,47.25,1800,47.24,1800,47.37,1200,47.38,1100,47.39,3600,,,,,,,,,,,,,,
2026-02-05 09:34:27,47.355,47.36,2,47.34,1400,47.37,1200,47.37,47.34,47.34,1400,47.33,1600,47.32,600,47.31,2200,47.3,1400,47.29,1600,47.28,1300,47.27,500,47.26,2800,47.25,1800,47.37,1200,47.38,1100,47.39,3600,,,,,,,,,,,,,,
2026-02-05 09:34:28,47.32,47.33,6,47.31,700,47.33,1800,47.33,47.31,47.31,700,47.3,1400,47.29,1600,47.28,1300,47.27,500,47.26,2800,47.25,1800,47.24,1800,47.23,1600,47.22,1400,47.33,1800,47.34,600,47.35,400,47.36,300,47.37,1200,47.38,1100,47.39,3600,,,,,,
2026-02-05 09:34:29,47.32,47.32,1,47.31,2300,47.33,800,47.33,47.31,47.31,2300,47.3,1400,47.29,1600,47.28,1300,47.27,500,47.26,2800,47.25,1800,47.24,1800,47.23,1600,47.22,1400,47.33,800,47.34,600,47.35,400,47.36,300,47.37,1200,47.38,1100,47.39,3600,,,,,,
2026-02-05 09:34:30,47.32,47.32,1,47.31,2300,47.33,800,47.33,47.31,47.31,2300,47.3,1400,47.29,1600,47.28,1300,47.27,500,47.26,2800,47.25,1800,47.24,1800,47.23,1600,47.22,1400,47.33,800,47.34,600,47.35,400,47.36,300,47.37,1200,47.38,1100,47.39,3600,,,,,,
2026-02-05 09:34:31,47.32,47.32,1,47.31,2500,47.33,1300,47.33,47.31,47.31,2500,47.3,1400,47.29,1600,47.28,1300,47.27,500,47.26,2800,47.25,1800,47.24,1800,47.23,1600,47.22,1400,47.33,1300,47.34,600,47.35,400,47.36,300,47.37,1200,47.38,1100,47.39,3600,,,,,,
2026-02-05 09:34:32,47.335,47.33,1,47.33,700,47.34,500,47.34,47.33,47.33,700,47.32,2600,47.31,2500,47.3,1400,47.29,1600,47.28,1300,47.27,500,47.26,2800,47.25,1800,47.24,1800,47.34,500,47.35,2100,47.36,300,47.37,1200,47.38,1100,47.39,3600,,,,,,,,
2026-02-05 09:34:33,47.335,47.34,1,47.33,700,47.34,700,47.34,47.33,47.33,700,47.32,2600,47.31,2500,47.3,1400,47.29,1600,47.28,1300,47.27,500,47.26,2800,47.25,1800,47.24,1800,47.34,700,47.35,2100,47.36,300,47.37,1200,47.38,1100,47.39,3600,,,,,,,,
2026-02-05 09:34:34,47.345,47.34,1,47.34,300,47.35,1600,47.35,47.34,47.34,300,47.33,1100,47.32,2600,47.31,2500,47.3,1400,47.29,1600,47.28,1300,47.27,500,47.26,2800,47.25,1800,47.35,1600,47.36,300,47.37,1200,47.38,1100,47.39,3600,,,,,,,,,,
2026-02-05 09:34:35,47.34,47.34,1,47.33,2000,47.35,1600,47.35,47.33,47.33,2000,47.32,2600,47.31,2500,47.3,1400,47.29,1600,47.28,1300,47.27,500,47.26,2800,47.25,1800,47.24,1800,47.35,1600,47.36,300,47.37,1200,47.38,1100,47.39,3600,,,,,,,,,,
2026-02-05 09:34:36,47.345,47.34,1,47.34,100,47.35,1600,47.35,47.34,47.34,100,47.33,2000,47.32,2600,47.31,2500,47.3,1400,47.29,1600,47.28,1300,47.27,500,47.26,2800,47.25,1800,47.35,1600,47.36,300,47.37,1200,47.38,1100,47.39,3600,,,,,,,,,,
2026-02-05 09:34:37,47.345,47.34,1,47.34,100,47.35,1600,47.35,47.34,47.34,100,47.33,2000,47.32,2600,47.31,2500,47.3,1400,47.29,1600,47.28,1300,47.27,500,47.26,2800,47.25,1800,47.35,1600,47.36,300,47.37,1200,47.38,1100,47.39,3600,,,,,,,,,,
2026-02-05 09:34:38,47.32,47.32,12,47.31,1500,47.33,2400,47.33,47.31,47.31,1500,47.3,2700,47.29,1800,47.28,1300,47.27,500,47.26,2800,47.25,1800,47.24,1800,47.23,1600,47.22,1400,47.33,2400,47.34,1400,47.35,1800,47.36,300,47.37,1200,47.38,1100,47.39,3600,,,,,,
2026-02-05 09:34:39,47.31,47.31,14,47.29,2500,47.33,3400,47.33,47.29,47.29,2500,47.28,1300,47.27,500,47.26,2800,47.25,1800,47.24,1800,47.23,1600,47.22,1400,47.21,1100,47.2,700,47.33,3400,47.34,1400,47.35,1800,47.36,300,47.37,1200,47.38,1100,47.39,3600,,,,,,
2026-02-05 09:34:40,47.31,47.31,1,47.29,3300,47.33,3400,47.33,47.29,47.29,3300,47.28,1300,47.27,500,47.26,2800,47.25,1800,47.24,1800,47.23,1600,47.22,1400,47.21,1100,47.2,700,47.33,3400,47.34,1400,47.35,1800,47.36,300,47.37,1200,47.38,1100,47.39,3600,,,,,,
2026-02-05 09:34:41,47.315,47.32,9,47.3,800,47.33,3400,47.33,47.3,47.3,800,47.29,3400,47.28,1300,47.27,500,47.26,2800,47.25,1800,47.24,1800,47.23,1600,47.22,1400,47.21,1100,47.33,3400,47.34,1400,47.35,1800,47.36,300,47.37,1200,47.38,1100,47.39,3600,,,,,,
2026-02-05 09:34:42,47.315,47.32,4,47.3,500,47.33,3400,47.33,47.3,47.3,500,47.29,3400,47.28,1300,47.27,500,47.26,2800,47.25,1800,47.24,1800,47.23,1600,47.22,1400,47.21,1100,47.33,3400,47.34,1400,47.35,1800,47.36,300,47.37,1200,47.38,1100,47.39,3600,,,,,,
2026-02-05 09:34:43,47.31,47.31,1,47.3,500,47.32,1100,47.32,47.3,47.3,500,47.29,3400,47.28,1300,47.27,500,47.26,2800,47.25,1800,47.24,1800,47.23,1600,47.22,1400,47.21,1100,47.32,1100,47.33,3400,47.34,1400,47.35,1800,47.36,300,47.37,1200,47.38,1100,47.39,3600,,,,
2026-02-05 09:34:44,47.315,47.32,1,47.31,100,47.32,300,47.32,47.31,47.31,100,47.3,800,47.29,3100,47.28,1300,47.27,500,47.26,2800,47.25,1800,47.24,1800,47.23,1600,47.22,1400,47.32,300,47.33,3200,47.34,1400,47.35,1800,47.36,300,47.37,1200,47.38,1100,47.39,3600,,,,
2026-02-05 09:34:45,47.31,47.32,1,47.3,900,47.32,300,47.32,47.3,47.3,900,47.29,3100,47.28,1300,47.27,500,47.26,2800,47.25,1800,47.24,1800,47.23,1600,47.22,1400,47.21,1100,47.32,300,47.33,3300,47.34,1400,47.35,1800,47.36,300,47.37,1200,47.38,1100,47.39,3600,,,,
2026-02-05 09:34:46,47.315,47.32,1,47.3,900,47.33,3300,47.33,47.3,47.3,900,47.29,3100,47.28,1300,47.27,500,47.26,2800,47.25,1800,47.24,1800,47.23,1600,47.22,1400,47.21,1100,47.33,3300,47.34,1400,47.35,1800,47.36,300,47.37,1200,47.38,1100,47.39,3600,,,,,,
2026-02-05 09:34:47,47.32,47.31,1,47.31,2400,47.33,2300,47.33,47.31,47.31,2400,47.3,3500,47.29,3100,47.28,1300,47.27,500,47.26,2800,47.25,1800,47.24,1800,47.23,1600,47.22,1400,47.33,2300,47.34,1400,47.35,1800,47.36,300,47.37,1200,47.38,1100,47.39,3600,,,,,,
2026-02-05 09:34:48,47.32,47.32,1,47.31,2400,47.33,2300,47.33,47.31,47.31,2400,47.3,3500,47.29,3100,47.28,1300,47.27,500,47.26,2800,47.25,1800,47.24,1800,47.23,1600,47.22,1400,47.33,2300,47.34,1400,47.35,1800,47.36,300,47.37,1200,47.38,1100,47.39,3600,,,,,,
2026-02-05 09:34:49,47.32,47.32,4,47.31,2400,47.33,2300,47.33,47.31,47.31,2400,47.3,3500,47.29,3100,47.28,1300,47.27,500,47.26,2800,47.25,1800,47.24,1800,47.23,1600,47.22,1400,47.33,2300,47.34,1400,47.35,1800,47.36,300,47.37,1200,47.38,1100,47.39,3600,,,,,,
2026-02-05 09:34:50,47.31,47.31,1,47.3,4300,47.32,2100,47.32,47.3,47.3,4300,47.29,3100,47.28,1300,47.27,500,47.26,2800,47.25,1800,47.24,1800,47.23,1600,47.22,1400,47.21,1100,47.32,2100,47.33,2300,47.34,1400,47.35,1800,47.36,300,47.37,1200,47.38,1100,47.39,3600,,,,
2026-02-05 09:34:51,47.31,47.31,1,47.3,1500,47.32,1200,47.32,47.3,47.3,1500,47.29,3100,47.28,1300,47.27,500,47.26,2800,47.25,1800,47.24,1800,47.23,1600,47.22,1400,47.21,1100,47.32,1200,47.33,2100,47.34,1400,47.35,1800,47.36,300,47.37,1200,47.38,1100,47.39,3600,,,,
2026-02-05 09:34:52,47.31,47.31,1,47.3,1800,47.32,800,47.32,47.3,47.3,1800,47.29,3100,47.28,1300,47.27,500,47.26,2800,47.25,1800,47.24,1800,47.23,1600,47.22,1400,47.21,1100,47.32,800,47.33,2100,47.34,1400,47.35,1800,47.36,300,47.37,1200,47.38,1100,47.39,3600,,,,
2026-02-05 09:34:53,47.31,47.31,14,47.3,1400,47.32,1200,47.32,47.3,47.3,1400,47.29,3100,47.28,1300,47.27,500,47.26,2800,47.25,1800,47.24,1800,47.23,1600,47.22,1400,47.21,1100,47.32,1200,47.33,2100,47.34,1400,47.35,1800,47.36,300,47.37,1200,47.38,1100,47.39,3600,,,,
2026-02-05 09:34:54,47.31,47.3,1,47.3,1400,47.32,1600,47.32,47.3,47.3,1400,47.29,3100,47.28,1300,47.27,500,47.26,2800,47.25,1800,47.24,1800,47.23,1600,47.22,1400,47.21,1100,47.32,1600,47.33,2100,47.34,1400,47.35,1800,47.36,300,47.37,1200,47.38,1100,47.39,3600,,,,
2026-02-05 09:34:55,47.31,47.31,1,47.3,1300,47.32,1400,47.32,47.3,47.3,1300,47.29,2800,47.28,1300,47.27,500,47.26,2800,47.25,1800,47.24,1800,47.23,1600,47.22,1400,47.21,1100,47.32,1400,47.33,2100,47.34,1400,47.35,1800,47.36,300,47.37,1200,47.38,1100,47.39,3600,,,,
2026-02-05 09:34:56,47.305,47.31,1,47.29,2700,47.32,1500,47.32,47.29,47.29,2700,47.28,1300,47.27,500,47.26,2800,47.25,1800,47.24,1800,47.23,1600,47.22,1400,47.21,1100,47.2,700,47.32,1500,47.33,2100,47.34,1400,47.35,1800,47.36,300,47.37,1200,47.38,1100,47.39,3600,,,,
2026-02-05 09:34:57,47.255,47.26,8,47.24,2100,47.27,1800,47.27,47.24,47.24,2100,47.23,1600,47.22,1400,47.21,1100,47.2,700,47.19,2200,47.18,2200,47.17,700,47.16,600,47.15,500,47.27,1800,47.28,1500,47.29,1700,47.3,2500,47.31,700,47.32,1500,47.33,2100,47.34,1400,47.35,1800,47.36,300
2026-02-05 09:34:58,47.25,47.25,1,47.24,2100,47.26,1200,47.26,47.24,47.24,2100,47.23,1600,47.22,1400,47.21,1100,47.2,700,47.19,2200,47.18,2200,47.17,700,47.16,600,47.15,500,47.26,1200,47.27,1800,47.28,1500,47.29,1700,47.3,2500,47.31,700,47.32,1500,47.33,2100,47.34,1400,47.35,1800
2026-02-05 09:34:59,47.22,47.22,2,47.21,1600,47.23,1500,47.23,47.21,47.21,1600,47.2,700,47.19,2200,47.18,2200,47.17,700,47.16,600,47.15,500,47.14,600,47.13,1100,47.12,500,47.23,1500,47.24,800,47.25,900,47.26,1100,47.27,1800,47.28,1500,47.29,1700,47.3,2500,47.31,700,47.32,1500
2026-02-05 09:35:00,47.22,47.22,1,47.21,2400,47.23,1700,47.23,47.21,47.21,2400,47.2,700,47.19,2200,47.18,2200,47.17,700,47.16,600,47.15,500,47.14,600,47.13,1100,47.12,500,47.23,1700,47.24,800,47.25,900,47.26,1100,47.27,1800,47.28,1500,47.29,1700,47.3,2500,47.31,700,47.32,1500
2026-02-05 09:35:01,47.22,47.18,4,47.21,1900,47.23,2200,47.23,47.21,47.21,1900,47.2,700,47.19,2200,47.18,2200,47.17,700,47.16,600,47.15,500,47.14,600,47.13,1100,47.12,500,47.23,2200,47.24,800,47.25,900,47.26,1100,47.27,1800,47.28,1500,47.29,1700,47.3,2500,47.31,700,47.32,1500
2026-02-05 09:35:02,47.22,47.22,9,47.21,2700,47.23,2400,47.23,47.21,47.21,2700,47.2,700,47.19,2200,47.18,2200,47.17,700,47.16,600,47.15,500,47.14,600,47.13,1100,47.12,500,47.23,2400,47.24,800,47.25,900,47.26,1100,47.27,1800,47.28,1500,47.29,1700,47.3,2500,47.31,700,47.32,1500
2026-02-05 09:35:03,47.22,47.21,1,47.21,2700,47.23,2400,47.23,47.21,47.21,2700,47.2,700,47.19,2200,47.18,2200,47.17,700,47.16,600,47.15,500,47.14,600,47.13,1100,47.12,500,47.23,2400,47.24,800,47.25,900,47.26,1100,47.27,1800,47.28,1500,47.29,1700,47.3,2500,47.31,700,47.32,1500
2026-02-05 09:35:04,47.22,47.21,1,47.21,2700,47.23,2500,47.23,47.21,47.21,2700,47.2,700,47.19,2200,47.18,2200,47.17,700,47.16,600,47.15,500,47.14,600,47.13,1100,47.12,500,47.23,2500,47.24,800,47.25,900,47.26,1100,47.27,1800,47.28,1500,47.29,1700,47.3,2500,47.31,700,47.32,1500
2026-02-05 09:35:05,47.23,47.23,1,47.22,1300,47.24,2400,47.24,47.22,47.22,1300,47.21,1500,47.2,1900,47.19,2300,47.18,2200,47.17,700,47.16,600,47.15,500,47.14,600,47.13,1100,47.24,2400,47.25,1800,47.26,1100,47.27,1800,47.28,1500,47.29,1700,47.3,2500,47.31,700,47.32,1500,47.33,2100
2026-02-05 09:35:06,47.225,47.22,1,47.22,300,47.23,2400,47.23,47.22,47.22,300,47.21,2500,47.2,2500,47.19,2300,47.18,2200,47.17,700,47.16,600,47.15,500,47.14,600,47.13,1100,47.23,2400,47.24,2400,47.25,1800,47.26,1100,47.27,1800,47.28,1500,47.29,1700,47.3,2500,47.31,700,47.32,1500
2026-02-05 09:35:07,47.225,47.23,1,47.22,700,47.23,2200,47.23,47.22,47.22,700,47.21,2500,47.2,2500,47.19,2300,47.18,2200,47.17,700,47.16,600,47.15,500,47.14,600,47.13,1100,47.23,2200,47.24,2400,47.25,1800,47.26,1100,47.27,1800,47.28,1500,47.29,1700,47.3,2500,47.31,700,47.32,1500
2026-02-05 09:35:08,47.225,47.23,1,47.22,700,47.23,2200,47.23,47.22,47.22,700,47.21,2500,47.2,2500,47.19,2300,47.18,2200,47.17,700,47.16,600,47.15,500,47.14,600,47.13,1100,47.23,2200,47.24,2400,47.25,1800,47.26,1100,47.27,1800,47.28,1500,47.29,1700,47.3,2500,47.31,700,47.32,1500
2026-02-05 09:35:09,47.205,47.22,1,47.19,3200,47.22,2100,47.22,47.19,47.19,3200,47.18,2200,47.17,700,47.16,600,47.15,500,47.14,600,47.13,1100,47.12,500,47.11,1800,47.1,1000,47.22,2100,47.23,2700,47.24,2400,47.25,1800,47.26,1100,47.27,1800,47.28,1500,47.29,1700,47.3,2500,47.31,700
2026-02-05 09:35:10,47.21,47.22,1,47.2,1900,47.22,600,47.22,47.2,47.2,1900,47.19,2400,47.18,3000,47.17,700,47.16,600,47.15,500,47.14,600,47.13,1100,47.12,500,47.11,1800,47.22,600,47.23,2700,47.24,2400,47.25,1800,47.26,1100,47.27,1800,47.28,1500,47.29,1700,47.3,2500,47.31,700
2026-02-05 09:35:11,47.215,47.22,1,47.21,700,47.22,800,47.22,47.21,47.21,700,47.2,200,47.19,3500,47.18,3000,47.17,700,47.16,600,47.15,500,47.14,600,47.13,1100,47.12,500,47.22,800,47.23,2700,47.24,2400,47.25,1800,47.26,1100,47.27,1800,47.28,1500,47.29,1700,47.3,2500,47.31,700
2026-02-05 09:35:12,47.215,47.21,1,47.21,600,47.22,1000,47.22,47.21,47.21,600,47.2,2300,47.19,3500,47.18,3000,47.17,700,47.16,600,47.15,500,47.14,600,47.13,1100,47.12,500,47.22,1000,47.23,2700,47.24,2400,47.25,1800,47.26,1100,47.27,1800,47.28,1500,47.29,1700,47.3,2500,47.31,700
2026-02-05 09:35:13,47.215,47.22,1,47.21,1000,47.22,600,47.22,47.21,47.21,1000,47.2,2300,47.19,3500,47.18,3000,47.17,700,47.16,600,47.15,500,47.14,600,47.13,1100,47.12,500,47.22,600,47.23,2700,47.24,2400,47.25,1800,47.26,1100,47.27,1800,47.28,1500,47.29,1700,47.3,2500,47.31,700
2026-02-05 09:35:14,47.215,47.22,10,47.21,1000,47.22,600,47.22,47.21,47.21,1000,47.2,2300,47.19,3500,47.18,3000,47.17,700,47.16,600,47.15,500,47.14,600,47.13,1100,47.12,500,47.22,600,47.23,2700,47.24,2400,47.25,1800,47.26,1100,47.27,1800,47.28,1500,47.29,1700,47.3,2500,47.31,700
2026-02-05 09:35:15,47.22,47.22,1,47.21,2100,47.23,1800,47.23,47.21,47.21,2100,47.2,2200,47.19,3500,47.18,3000,47.17,700,47.16,600,47.15,500,47.14,600,47.13,1100,47.12,500,47.23,1800,47.24,2400,47.25,1800,47.26,1100,47.27,1800,47.28,1500,47.29,1700,47.3,2500,47.31,700,47.32,1500
2026-02-05 09:35:16,47.225,47.22,2,47.22,300,47.23,2200,47.23,47.22,47.22,300,47.21,2100,47.2,2200,47.19,3500,47.18,3000,47.17,700,47.16,600,47.15,500,47.14,600,47.13,1100,47.23,2200,47.24,2400,47.25,1800,47.26,1100,47.27,1800,47.28,1500,47.29,1700,47.3,2500,47.31,700,47.32,1500
2026-02-05 09:35:17,47.22,47.22,46,47.21,1400,47.23,2300,47.23,47.21,47.21,1400,47.2,2200,47.19,3500,47.18,3000,47.17,700,47.16,600,47.15,500,47.14,600,47.13,1100,47.12,500,47.23,2300,47.24,2400,47.25,1800,47.26,1100,47.27,1800,47.28,1500,47.29,1700,47.3,2500,47.31,700,47.32,1500
2026-02-05 09:35:18,47.255,47.25,1,47.25,100,47.26,1200,47.26,47.25,47.25,100,47.24,2600,47.23,1600,47.22,800,47.21,2100,47.2,2200,47.19,3500,47.18,3000,47.17,700,47.16,600,47.26,1200,47.27,1800,47.28,1500,47.29,1700,47.3,2500,47.31,700,47.32,1500,47.33,2100,47.34,1400,47.35,1800
2026-02-05 09:35:19,47.25,47.25,1,47.24,2500,47.26,1100,47.26,47.24,47.24,2500,47.23,1600,47.22,800,47.21,2100,47.2,2200,47.19,3500,47.18,3000,47.17,700,47.16,600,47.15,500,47.26,1100,47.27,1800,47.28,1500,47.29,1700,47.3,2500,47.31,700,47.32,1500,47.33,2100,47.34,1400,47.35,1800
2026-02-05 09:35:20,47.26,47.26,1,47.25,2100,47.27,2000,47.27,47.25,47.25,2100,47.24,2500,47.23,1600,47.22,800,47.21,2100,47.2,2200,47.19,3500,47.18,3000,47.17,700,47.16,600,47.27,2000,47.28,1500,47.29,1700,47.3,2500,47.31,700,47.32,1500,47.33,2100,47.34,1400,47.35,1800,47.36,300
2026-02-05 09:35:21,47.28,47.28,3,47.27,1500,47.29,1700,47.29,47.27,47.27,1500,47.26,800,47.25,2100,47.24,2500,47.23,1600,47.22,800,47.21,2100,47.2,2200,47.19,3500,47.18,3000,47.29,1700,47.3,2500,47.31,700,47.32,1500,47.33,2100,47.34,1400,47.35,1800,47.36,300,47.37,1200,47.38,1100
2026-02-05 09:35:22,47.315,47.31,2,47.31,800,47.32,800,47.32,47.31,47.31,800,47.3,2600,47.29,1200,47.28,800,47.27,1500,47.26,800,47.25,2100,47.24,2500,47.23,1600,47.22,800,47.32,800,47.33,2100,47.34,1400,47.35,1800,47.36,300,47.37,1200,47.38,1100,47.39,3600,,,,
2026-02-05 09:35:23,47.32,47.32,1,47.31,2500,47.33,1800,47.33,47.31,47.31,2500,47.3,2600,47.29,1200,47.28,800,47.27,1500,47.26,800,47.25,2100,47.24,2500,47.23,1600,47.22,800,47.33,1800,47.34,1400,47.35,1800,47.36,300,47.37,1200,47.38,1100,47.39,3600,,,,,,
2026-02-05 09:35:24,47.32,47.32,1,47.31,2500,47.33,1900,47.33,47.31,47.31,2500,47.3,2600,47.29,1200,47.28,800,47.27,1500,47.26,800,47.25,2100,47.24,2500,47.23,1600,47.22,800,47.33,1900,47.34,1400,47.35,1800,47.36,300,47.37,1200,47.38,1100,47.39,3600,,,,,,
2026-02-05 09:35:25,47.34,47.34,2,47.33,900,47.35,2600,47.35,47.33,47.33,900,47.32,1600,47.31,2500,47.3,2600,47.29,1200,47.28,800,47.27,1500,47.26,800,47.25,2100,47.24,2500,47.35,2600,47.36,300,47.37,1200,47.38,1100,47.39,3600,,,,,,,,,,
2026-02-05 09:35:26,47.35,47.35,2,47.34,2500,47.36,1300,47.36,47.34,47.34,2500,47.33,2000,47.32,1600,47.31,2500,47.3,2600,47.29,1200,47.28,800,47.27,1500,47.26,800,47.25,2100,47.36,1300,47.37,1200,47.38,1100,47.39,3600,,,,,,,,,,,,
2026-02-05 09:35:27,47.35,47.34,2,47.34,2500,47.36,600,47.36,47.34,47.34,2500,47.33,2000,47.32,1600,47.31,2500,47.3,2600,47.29,1200,47.28,800,47.27,1500,47.26,800,47.25,2100,47.36,600,47.37,1200,47.38,1100,47.39,3600,,,,,,,,,,,,
2026-02-05 09:35:28,47.355,47.35,1,47.35,400,47.36,500,47.36,47.35,47.35,400,47.34,3300,47.33,2000,47.32,1600,47.31,2500,47.3,2600,47.29,1200,47.28,800,47.27,1500,47.26,800,47.36,500,47.37,2600,47.38,1100,47.39,3600,,,,,,,,,,,,
2026-02-05 09:35:29,47.36,47.36,5,47.35,1000,47.37,1700,47.37,47.35,47.35,1000,47.34,3300,47.33,2000,47.32,1600,47.31,2500,47.3,2600,47.29,1200,47.28,800,47.27,1500,47.26,800,47.37,1700,47.38,1100,47.39,3600,,,,,,,,,,,,,,
2026-02-05 09:35:30,47.36,47.36,5,47.35,2700,47.37,1700,47.37,47.35,47.35,2700,47.34,3300,47.33,2000,47.32,1600,47.31,2500,47.3,2600,47.29,1200,47.28,800,47.27,1500,47.26,800,47.37,1700,47.38,1100,47.39,3600,,,,,,,,,,,,,,
2026-02-05 09:35:31,47.37,47.36,1,47.36,1200,47.38,1900,47.38,47.36,47.36,1200,47.35,2700,47.34,3300,47.33,2000,47.32,1600,47.31,2500,47.3,2600,47.29,1200,47.28,800,47.27,1500,47.38,1900,47.39,3600,,,,,,,,,,,,,,,,
2026-02-05 09:35:32,47.37,47.37,1,47.36,1100,47.38,2000,47.38,47.36,47.36,1100,47.35,2700,47.34,3300,47.33,2000,47.32,1600,47.31,2500,47.3,2600,47.29,1200,47.28,800,47.27,1500,47.38,2000,47.39,3600,,,,,,,,,,,,,,,,
2026-02-05 09:35:33,47.36,47.36,3,47.35,2600,47.37,2500,47.37,47.35,47.35,2600,47.34,3300,47.33,2000,47.32,1600,47.31,2500,47.3,2600,47.29,1200,47.28,800,47.27,1500,47.26,800,47.37,2500,47.38,1900,47.39,3600,,,,,,,,,,,,,,
2026-02-05 09:35:34,47.365,47.37,13,47.35,2600,47.38,2100,47.38,47.35,47.35,2600,47.34,3300,47.33,2000,47.32,1600,47.31,2500,47.3,2600,47.29,1200,47.28,800,47.27,1500,47.26,800,47.38,2100,47.39,3600,,,,,,,,,,,,,,,,
2026-02-05 09:35:35,47.365,47.37,13,47.35,2600,47.38,2000,47.38,47.35,47.35,2600,47.34,3300,47.33,2000,47.32,1600,47.31,2500,47.3,2600,47.29,1200,47.28,800,47.27,1500,47.26,800,47.38,2000,47.39,3600,,,,,,,,,,,,,,,,
2026-02-05 09:35:36,47.365,47.37,1,47.35,2600,47.38,2100,47.38,47.35,47.35,2600,47.34,3300,47.33,2000,47.32,1600,47.31,2500,47.3,2600,47.29,1200,47.28,800,47.27,1500,47.26,800,47.38,2100,47.39,3600,,,,,,,,,,,,,,,,
2026-02-05 09:35:37,47.365,47.36,1,47.35,2600,47.38,2100,47.38,47.35,47.35,2600,47.34,3300,47.33,2000,47.32,1600,47.31,2500,47.3,2600,47.29,1200,47.28,800,47.27,1500,47.26,800,47.38,2100,47.39,3600,,,,,,,,,,,,,,,,
2026-02-05 09:35:38,47.315,47.31,1,47.31,2300,47.32,1200,47.32,47.31,47.31,2300,47.3,2600,47.29,1200,47.28,800,47.27,1500,47.26,800,47.25,2100,47.24,2500,47.23,1600,47.22,800,47.32,1200,47.33,1100,47.34,1900,47.35,1300,47.36,1100,47.37,700,47.38,1900,47.39,3600,,,,
2026-02-05 09:35:39,47.245,47.25,3,47.24,2300,47.25,1800,47.25,47.24,47.24,2300,47.23,1600,47.22,800,47.21,2100,47.2,2200,47.19,3500,47.18,3000,47.17,700,47.16,600,47.15,500,47.25,1800,47.26,1000,47.27,2000,47.28,1800,47.29,700,47.3,1300,47.31,1700,47.32,1900,47.33,1100,47.34,1900
2026-02-05 09:35:40,47.24,47.23,1,47.23,1700,47.25,2100,47.25,47.23,47.23,1700,47.22,1600,47.21,2100,47.2,2200,47.19,3500,47.18,3000,47.17,700,47.16,600,47.15,500,47.14,600,47.25,2100,47.26,1000,47.27,2000,47.28,1800,47.29,700,47.3,1300,47.31,1700,47.32,1900,47.33,1100,47.34,1900
2026-02-05 09:35:41,47.245,47.24,1,47.23,2400,47.26,2100,47.26,47.23,47.23,2400,47.22,1600,47.21,2100,47.2,2200,47.19,3500,47.18,3000,47.17,700,47.16,600,47.15,500,47.14,600,47.26,2100,47.27,2000,47.28,1800,47.29,700,47.3,1300,47.31,1700,47.32,1900,47.33,1100,47.34,1900,47.35,1300
2026-02-05 09:35:42,47.245,47.25,1,47.23,2300,47.26,2100,47.26,47.23,47.23,2300,47.22,1600,47.21,2100,47.2,2200,47.19,3500,47.18,3000,47.17,700,47.16,600,47.15,500,47.14,600,47.26,2100,47.27,2000,47.28,1800,47.29,700,47.3,1300,47.31,1700,47.32,1900,47.33,1100,47.34,1900,47.35,1300
2026-02-05 09:35:43,47.245,47.25,1,47.23,1900,47.26,2100,47.26,47.23,47.23,1900,47.22,1600,47.21,2100,47.2,2200,47.19,3500,47.18,3000,47.17,700,47.16,600,47.15,500,47.14,600,47.26,2100,47.27,2000,47.28,1800,47.29,700,47.3,1300,47.31,1700,47.32,1900,47.33,1100,47.34,1900,47.35,1300
2026-02-05 09:35:44,47.235,47.24,1,47.23,1500,47.24,1200,47.24,47.23,47.23,1500,47.22,1600,47.21,2100,47.2,2200,47.19,3500,47.18,3000,47.17,700,47.16,600,47.15,500,47.14,600,47.24,1200,47.25,1200,47.26,2100,47.27,2000,47.28,1800,47.29,700,47.3,1300,47.31,1700,47.32,1900,47.33,1100
2026-02-05 09:35:45,47.255,47.25,1,47.25,600,47.26,2100,47.26,47.25,47.25,600,47.24,1900,47.23,1300,47.22,1600,47.21,2100,47.2,2200,47.19,3500,47.18,3000,47.17,700,47.16,600,47.26,2100,47.27,2000,47.28,1800,47.29,700,47.3,1300,47.31,1700,47.32,1900,47.33,1100,47.34,1900,47.35,1300
2026-02-05 09:35:46,47.27,47.27,2,47.26,1800,47.28,1900,47.28,47.26,47.26,1800,47.25,800,47.24,3300,47.23,1300,47.22,1600,47.21,2100,47.2,2200,47.19,3500,47.18,3000,47.17,700,47.28,1900,47.29,700,47.3,1300,47.31,1700,47.32,1900,47.33,1100,47.34,1900,47.35,1300,47.36,1100,47.37,700
2026-02-05 09:35:47,47.27,47.27,9,47.26,1600,47.28,1200,47.28,47.26,47.26,1600,47.25,800,47.24,3300,47.23,1300,47.22,1600,47.21,2100,47.2,2200,47.19,3500,47.18,3000,47.17,700,47.28,1200,47.29,700,47.3,1300,47.31,1700,47.32,1900,47.33,1100,47.34,1900,47.35,1300,47.36,1100,47.37,700
2026-02-05 09:35:49,47.27,47.27,9,47.26,1400,47.28,2000,47.28,47.26,47.26,1400,47.25,800,47.24,3300,47.23,1300,47.22,1600,47.21,2100,47.2,2200,47.19,3500,47.18,3000,47.17,700,47.28,2000,47.29,700,47.3,1300,47.31,1700,47.32,1900,47.33,1100,47.34,1900,47.35,1300,47.36,1100,47.37,700
2026-02-05 09:35:49,47.27,47.27,1,47.26,1300,47.28,2200,47.28,47.26,47.26,1300,47.25,800,47.24,3300,47.23,1300,47.22,1600,47.21,2100,47.2,2200,47.19,3500,47.18,3000,47.17,700,47.28,2200,47.29,700,47.3,1300,47.31,1700,47.32,1900,47.33,1100,47.34,1900,47.35,1300,47.36,1100,47.37,700
2026-02-05 09:35:51,47.27,47.27,1,47.26,1300,47.28,2400,47.28,47.26,47.26,1300,47.25,800,47.24,3300,47.23,1300,47.22,1600,47.21,2100,47.2,2200,47.19,3500,47.18,3000,47.17,700,47.28,2400,47.29,700,47.3,1300,47.31,1700,47.32,1900,47.33,1100,47.34,1900,47.35,1300,47.36,1100,47.37,700
2026-02-05 09:35:51,47.27,47.27,1,47.26,1300,47.28,2500,47.28,47.26,47.26,1300,47.25,800,47.24,3300,47.23,1300,47.22,1600,47.21,2100,47.2,2200,47.19,3500,47.18,3000,47.17,700,47.28,2500,47.29,700,47.3,1300,47.31,1700,47.32,1900,47.33,1100,47.34,1900,47.35,1300,47.36,1100,47.37,700
2026-02-05 09:35:52,47.27,47.27,1,47.26,3500,47.28,2400,47.28,47.26,47.26,3500,47.25,800,47.24,3300,47.23,1300,47.22,1600,47.21,2100,47.2,2200,47.19,3500,47.18,3000,47.17,700,47.28,2400,47.29,700,47.3,1300,47.31,1700,47.32,1900,47.33,1100,47.34,1900,47.35,1300,47.36,1100,47.37,700
2026-02-05 09:35:53,47.27,47.27,1,47.26,3500,47.28,2300,47.28,47.26,47.26,3500,47.25,800,47.24,3300,47.23,1300,47.22,1600,47.21,2100,47.2,2200,47.19,3500,47.18,3000,47.17,700,47.28,2300,47.29,700,47.3,1300,47.31,1700,47.32,1900,47.33,1100,47.34,1900,47.35,1300,47.36,1100,47.37,700
2026-02-05 09:35:55,47.27,47.27,5,47.26,3500,47.28,2000,47.28,47.26,47.26,3500,47.25,800,47.24,3300,47.23,1300,47.22,1600,47.21,2100,47.2,2200,47.19,3500,47.18,3000,47.17,700,47.28,2000,47.29,700,47.3,1300,47.31,1700,47.32,1900,47.33,1100,47.34,1900,47.35,1300,47.36,1100,47.37,700
2026-02-05 09:35:56,47.27,47.27,5,47.26,3500,47.28,2000,47.28,47.26,47.26,3500,47.25,800,47.24,3300,47.23,1300,47.22,1600,47.21,2100,47.2,2200,47.19,3500,47.18,3000,47.17,700,47.28,2000,47.29,700,47.3,1300,47.31,1700,47.32,1900,47.33,1100,47.34,1900,47.35,1300,47.36,1100,47.37,700
2026-02-05 09:35:57,47.29,47.29,5,47.28,1000,47.3,1900,47.3,47.28,47.28,1000,47.27,2000,47.26,3500,47.25,800,47.24,3300,47.23,1300,47.22,1600,47.21,2100,47.2,2200,47.19,3500,47.3,1900,47.31,1700,47.32,1900,47.33,1100,47.34,1900,47.35,1300,47.36,1100,47.37,700,47.38,1900,47.39,3600
2026-02-05 09:35:57,47.275,47.28,1,47.27,100,47.28,1200,47.28,47.27,47.27,100,47.26,3800,47.25,800,47.24,3300,47.23,1300,47.22,1600,47.21,2100,47.2,2200,47.19,3500,47.18,3000,47.28,1200,47.29,2200,47.3,1900,47.31,1700,47.32,1900,47.33,1100,47.34,1900,47.35,1300,47.36,1100,47.37,700
2026-02-05 09:35:58,47.28,47.28,1,47.27,500,47.29,2100,47.29,47.27,47.27,500,47.26,3800,47.25,800,47.24,3300,47.23,1300,47.22,1600,47.21,2100,47.2,2200,47.19,3500,47.18,3000,47.29,2100,47.3,1900,47.31,1700,47.32,1900,47.33,1100,47.34,1900,47.35,1300,47.36,1100,47.37,700,47.38,1900
2026-02-05 09:35:59,47.265,47.27,5,47.25,1900,47.28,2000,47.28,47.25,47.25,1900,47.24,3200,47.23,1300,47.22,1600,47.21,2100,47.2,2200,47.19,3500,47.18,3000,47.17,700,47.16,600,47.28,2000,47.29,2100,47.3,1900,47.31,1700,47.32,1900,47.33,1100,47.34,1900,47.35,1300,47.36,1100,47.37,700
2026-02-05 09:36:01,47.275,47.28,13,47.27,2100,47.28,1400,47.28,47.27,47.27,2100,47.26,1800,47.25,2600,47.24,3200,47.23,1300,47.22,1600,47.21,2100,47.2,2200,47.19,3500,47.18,3000,47.28,1400,47.29,1300,47.3,1900,47.31,1700,47.32,1900,47.33,1100,47.34,1900,47.35,1300,47.36,1100,47.37,700
2026-02-05 09:36:02,47.26,47.26,1,47.25,1600,47.27,1500,47.27,47.25,47.25,1600,47.24,3800,47.23,1300,47.22,1600,47.21,2100,47.2,2200,47.19,3500,47.18,3000,47.17,700,47.16,600,47.27,1500,47.28,2300,47.29,1300,47.3,1900,47.31,1700,47.32,1900,47.33,1100,47.34,1900,47.35,1300,47.36,1100
2026-02-05 09:36:03,47.26,47.26,1,47.25,1600,47.27,2200,47.27,47.25,47.25,1600,47.24,3800,47.23,1300,47.22,1600,47.21,2100,47.2,2200,47.19,3500,47.18,3000,47.17,700,47.16,600,47.27,2200,47.28,2300,47.29,1300,47.3,1900,47.31,1700,47.32,1900,47.33,1100,47.34,1900,47.35,1300,47.36,1100
2026-02-05 09:36:04,47.26,47.26,1,47.25,700,47.27,2100,47.27,47.25,47.25,700,47.24,3900,47.23,1300,47.22,1600,47.21,2100,47.2,2200,47.19,3500,47.18,3000,47.17,700,47.16,600,47.27,2100,47.28,2300,47.29,1300,47.3,1900,47.31,1700,47.32,1900,47.33,1100,47.34,1900,47.35,1300,47.36,1100
2026-02-05 09:36:05,47.255,47.25,2,47.24,3700,47.27,2300,47.27,47.24,47.24,3700,47.23,1300,47.22,1600,47.21,2100,47.2,2200,47.19,3500,47.18,3000,47.17,700,47.16,600,47.15,500,47.27,2300,47.28,2100,47.29,1300,47.3,1900,47.31,1700,47.32,1900,47.33,1100,47.34,1900,47.35,1300,47.36,1100
2026-02-05 09:36:06,47.26,47.26,1,47.25,700,47.27,2300,47.27,47.25,47.25,700,47.24,3500,47.23,1300,47.22,1600,47.21,2100,47.2,2200,47.19,3500,47.18,3000,47.17,700,47.16,600,47.27,2300,47.28,2100,47.29,1300,47.3,1900,47.31,1700,47.32,1900,47.33,1100,47.34,1900,47.35,1300,47.36,1100
2026-02-05 09:36:06,47.25,47.25,1,47.24,3400,47.26,2200,47.26,47.24,47.24,3400,47.23,1300,47.22,1600,47.21,2100,47.2,2200,47.19,3500,47.18,3000,47.17,700,47.16,600,47.15,500,47.26,2200,47.27,2300,47.28,2100,47.29,1300,47.3,1900,47.31,1700,47.32,1900,47.33,1100,47.34,1900,47.35,1300
2026-02-05 09:36:08,47.25,47.25,8,47.24,3400,47.26,3000,47.26,47.24,47.24,3400,47.23,1300,47.22,1600,47.21,2100,47.2,2200,47.19,3500,47.18,3000,47.17,700,47.16,600,47.15,500,47.26,3000,47.27,2300,47.28,2100,47.29,1300,47.3,1900,47.31,1700,47.32,1900,47.33,1100,47.34,1900,47.35,1300
2026-02-05 09:36:09,47.23,47.24,1,47.22,2700,47.24,1100,47.24,47.22,47.22,2700,47.21,2100,47.2,2200,47.19,3500,47.18,3000,47.17,700,47.16,600,47.15,500,47.14,600,47.13,1100,47.24,1100,47.25,2400,47.26,3000,47.27,2300,47.28,2100,47.29,1300,47.3,1900,47.31,1700,47.32,1900,47.33,1100
2026-02-05 09:36:09,47.235,47.24,1,47.23,2200,47.24,1200,47.24,47.23,47.23,2200,47.22,1300,47.21,2100,47.2,2200,47.19,3500,47.18,3000,47.17,700,47.16,600,47.15,500,47.14,600,47.24,1200,47.25,2200,47.26,3000,47.27,2300,47.28,2100,47.29,1300,47.3,1900,47.31,1700,47.32,1900,47.33,1100
2026-02-05 09:36:11,47.245,47.24,1,47.24,700,47.25,800,47.25,47.24,47.24,700,47.23,2400,47.22,1300,47.21,2100,47.2,2200,47.19,3500,47.18,3000,47.17,700,47.16,600,47.15,500,47.25,800,47.26,3000,47.27,2300,47.28,2100,47.29,1300,47.3,1900,47.31,1700,47.32,1900,47.33,1100,47.34,1900
2026-02-05 09:36:12,47.25,47.24,1,47.24,1200,47.26,2700,47.26,47.24,47.24,1200,47.23,2400,47.22,1300,47.21,2100,47.2,2200,47.19,3500,47.18,3000,47.17,700,47.16,600,47.15,500,47.26,2700,47.27,2300,47.28,2100,47.29,1300,47.3,1900,47.31,1700,47.32,1900,47.33,1100,47.34,1900,47.35,1300
2026-02-05 09:36:13,47.265,47.26,1,47.26,600,47.27,2100,47.27,47.26,47.26,600,47.25,1000,47.24,1300,47.23,2300,47.22,1300,47.21,2100,47.2,2200,47.19,3500,47.18,3000,47.17,700,47.27,2100,47.28,2100,47.29,1300,47.3,1900,47.31,1700,47.32,1900,47.33,1100,47.34,1900,47.35,1300,47.36,1100
2026-02-05 09:36:13,47.26,47.27,5,47.25,3000,47.27,1400,47.27,47.25,47.25,3000,47.24,1300,47.23,2300,47.22,1300,47.21,2100,47.2,2200,47.19,3500,47.18,3000,47.17,700,47.16,600,47.27,1400,47.28,2100,47.29,1300,47.3,1900,47.31,1700,47.32,1900,47.33,1100,47.34,1900,47.35,1300,47.36,1100
2026-02-05 09:36:15,47.26,47.27,5,47.25,3000,47.27,1000,47.27,47.25,47.25,3000,47.24,1300,47.23,2300,47.22,1300,47.21,2100,47.2,2200,47.19,3500,47.18,3000,47.17,700,47.16,600,47.27,1000,47.28,2100,47.29,1300,47.3,1900,47.31,1700,47.32,1900,47.33,1100,47.34,1900,47.35,1300,47.36,1100
2026-02-05 09:36:16,47.26,47.27,5,47.25,3000,47.27,1800,47.27,47.25,47.25,3000,47.24,1300,47.23,2300,47.22,1300,47.21,2100,47.2,2200,47.19,3500,47.18,3000,47.17,700,47.16,600,47.27,1800,47.28,2100,47.29,1300,47.3,1900,47.31,1700,47.32,1900,47.33,1100,47.34,1900,47.35,1300,47.36,1100
2026-02-05 09:36:17,47.25,47.26,2,47.24,2100,47.26,1900,47.26,47.24,47.24,2100,47.23,2300,47.22,1300,47.21,2100,47.2,2200,47.19,3500,47.18,3000,47.17,700,47.16,600,47.15,500,47.26,1900,47.27,1800,47.28,2100,47.29,1300,47.3,1900,47.31,1700,47.32,1900,47.33,1100,47.34,1900,47.35,1300
2026-02-05 09:36:18,47.25,47.25,1,47.24,2000,47.26,3000,47.26,47.24,47.24,2000,47.23,2300,47.22,1300,47.21,2100,47.2,2200,47.19,3500,47.18,3000,47.17,700,47.16,600,47.15,500,47.26,3000,47.27,1800,47.28,2100,47.29,1300,47.3,1900,47.31,1700,47.32,1900,47.33,1100,47.34,1900,47.35,1300
2026-02-05 09:36:19,47.25,47.25,5,47.24,1300,47.26,3100,47.26,47.24,47.24,1300,47.23,2300,47.22,1300,47.21,2100,47.2,2200,47.19,3500,47.18,3000,47.17,700,47.16,600,47.15,500,47.26,3100,47.27,1800,47.28,2100,47.29,1300,47.3,1900,47.31,1700,47.32,1900,47.33,1100,47.34,1900,47.35,1300
2026-02-05 09:36:20,47.24,47.24,1,47.23,200,47.25,2600,47.25,47.23,47.23,200,47.22,1700,47.21,2100,47.2,2200,47.19,3500,47.18,3000,47.17,700,47.16,600,47.15,500,47.14,600,47.25,2600,47.26,3600,47.27,1800,47.28,2100,47.29,1300,47.3,1900,47.31,1700,47.32,1900,47.33,1100,47.34,1900
2026-02-05 09:36:21,47.24,47.24,1,47.23,300,47.25,3000,47.25,47.23,47.23,300,47.22,1100,47.21,2100,47.2,2200,47.19,3500,47.18,3000,47.17,700,47.16,600,47.15,500,47.14,600,47.25,3000,47.26,3600,47.27,1800,47.28,2100,47.29,1300,47.3,1900,47.31,1700,47.32,1900,47.33,1100,47.34,1900
2026-02-05 09:36:22,47.24,47.24,1,47.23,600,47.25,2900,47.25,47.23,47.23,600,47.22,1100,47.21,2100,47.2,2200,47.19,3500,47.18,3000,47.17,700,47.16,600,47.15,500,47.14,600,47.25,2900,47.26,3600,47.27,1800,47.28,2100,47.29,1300,47.3,1900,47.31,1700,47.32,1900,47.33,1100,47.34,1900
2026-02-05 09:36:23,47.245,47.24,1,47.24,100,47.25,2300,47.25,47.24,47.24,100,47.23,300,47.22,1800,47.21,2100,47.2,2200,47.19,3500,47.18,3000,47.17,700,47.16,600,47.15,500,47.25,2300,47.26,3600,47.27,1800,47.28,2100,47.29,1300,47.3,1900,47.31,1700,47.32,1900,47.33,1100,47.34,1900
2026-02-05 09:36:24,47.265,47.26,4,47.26,100,47.27,2000,47.27,47.26,47.26,100,47.25,700,47.24,2400,47.23,2000,47.22,1800,47.21,2100,47.2,2200,47.19,3500,47.18,3000,47.17,700,47.27,2000,47.28,2100,47.29,1300,47.3,1900,47.31,1700,47.32,1900,47.33,1100,47.34,1900,47.35,1300,47.36,1100
2026-02-05 09:36:25,47.275,47.28,1,47.26,1800,47.29,3100,47.29,47.26,47.26,1800,47.25,700,47.24,2400,47.23,2000,47.22,1800,47.21,2100,47.2,2200,47.19,3500,47.18,3000,47.17,700,47.29,3100,47.3,1900,47.31,1700,47.32,1900,47.33,1100,47.34,1900,47.35,1300,47.36,1100,47.37,700,47.38,1900
2026-02-05 09:36:26,47.275,47.27,2,47.27,900,47.28,1300,47.28,47.27,47.27,900,47.26,1400,47.25,1500,47.24,2400,47.23,2000,47.22,1800,47.21,2100,47.2,2200,47.19,3500,47.18,3000,47.28,1300,47.29,3200,47.3,1900,47.31,1700,47.32,1900,47.33,1100,47.34,1900,47.35,1300,47.36,1100,47.37,700
2026-02-05 09:36:27,47.285,47.28,1,47.28,600,47.29,3500,47.29,47.28,47.28,600,47.27,1000,47.26,1400,47.25,1500,47.24,2400,47.23,2000,47.22,1800,47.21,2100,47.2,2200,47.19,3500,47.29,3500,47.3,1900,47.31,1700,47.32,1900,47.33,1100,47.34,1900,47.35,1300,47.36,1100,47.37,700,47.38,1900
2026-02-05 09:36:28,47.25,47.26,2,47.24,1600,47.26,1900,47.26,47.24,47.24,1600,47.23,2000,47.22,1800,47.21,2100,47.2,2200,47.19,3500,47.18,3000,47.17,700,47.16,600,47.15,500,47.26,1900,47.27,1100,47.28,3100,47.29,3600,47.3,1900,47.31,1700,47.32,1900,47.33,1100,47.34,1900,47.35,1300
2026-02-05 09:36:29,47.25,47.25,2,47.24,1300,47.26,1700,47.26,47.24,47.24,1300,47.23,2000,47.22,1800,47.21,2100,47.2,2200,47.19,3500,47.18,3000,47.17,700,47.16,600,47.15,500,47.26,1700,47.27,1100,47.28,3100,47.29,3600,47.3,1900,47.31,1700,47.32,1900,47.33,1100,47.34,1900,47.35,1300
2026-02-05 09:36:30,47.25,47.24,3,47.24,500,47.26,1900,47.26,47.24,47.24,500,47.23,2000,47.22,1800,47.21,2100,47.2,2200,47.19,3500,47.18,3000,47.17,700,47.16,600,47.15,500,47.26,1900,47.27,1100,47.28,3100,47.29,3600,47.3,1900,47.31,1700,47.32,1900,47.33,1100,47.34,1900,47.35,1300
2026-02-05 09:36:31,47.25,47.24,1,47.24,500,47.26,1900,47.26,47.24,47.24,500,47.23,2000,47.22,1800,47.21,2100,47.2,2200,47.19,3500,47.18,3000,47.17,700,47.16,600,47.15,500,47.26,1900,47.27,1100,47.28,3100,47.29,3600,47.3,1900,47.31,1700,47.32,1900,47.33,1100,47.34,1900,47.35,1300
2026-02-05 09:36:32,47.245,47.25,1,47.24,1300,47.25,300,47.25,47.24,47.24,1300,47.23,1700,47.22,1800,47.21,2100,47.2,2200,47.19,3500,47.18,3000,47.17,700,47.16,600,47.15,500,47.25,300,47.26,2100,47.27,1100,47.28,3100,47.29,3600,47.3,1900,47.31,1700,47.32,1900,47.33,1100,47.34,1900
2026-02-05 09:36:33,47.275,47.28,6,47.27,900,47.28,1400,47.28,47.27,47.27,900,47.26,2200,47.25,1500,47.24,1700,47.23,2200,47.22,2400,47.21,2100,47.2,2200,47.19,3500,47.18,3000,47.28,1400,47.29,2600,47.3,1900,47.31,1700,47.32,1900,47.33,1100,47.34,1900,47.35,1300,47.36,1100,47.37,700
2026-02-05 09:36:34,47.255,47.25,1,47.25,500,47.26,1500,47.26,47.25,47.25,500,47.24,1700,47.23,2200,47.22,2400,47.21,2100,47.2,2200,47.19,3500,47.18,3000,47.17,700,47.16,600,47.26,1500,47.27,2200,47.28,1600,47.29,2600,47.3,1900,47.31,1700,47.32,1900,47.33,1100,47.34,1900,47.35,1300
2026-02-05 09:36:35,47.255,47.26,1,47.25,600,47.26,1800,47.26,47.25,47.25,600,47.24,1700,47.23,2200,47.22,2400,47.21,2100,47.2,2200,47.19,3500,47.18,3000,47.17,700,47.16,600,47.26,1800,47.27,2200,47.28,1600,47.29,2600,47.3,1900,47.31,1700,47.32,1900,47.33,1100,47.34,1900,47.35,1300
2026-02-05 09:36:36,47.235,47.24,1,47.22,2100,47.25,2500,47.25,47.22,47.22,2100,47.21,2100,47.2,2200,47.19,3500,47.18,3000,47.17,700,47.16,600,47.15,500,47.14,600,47.13,1100,47.25,2500,47.26,1800,47.27,2200,47.28,1600,47.29,2600,47.3,1900,47.31,1700,47.32,1900,47.33,1100,47.34,1900
2026-02-05 09:36:37,47.23,47.23,1,47.22,2200,47.24,1500,47.24,47.22,47.22,2200,47.21,2100,47.2,2200,47.19,3500,47.18,3000,47.17,700,47.16,600,47.15,500,47.14,600,47.13,1100,47.24,1500,47.25,2900,47.26,1800,47.27,2200,47.28,1600,47.29,2600,47.3,1900,47.31,1700,47.32,1900,47.33,1100
2026-02-05 09:36:38,47.235,47.22,1,47.22,1900,47.25,2800,47.25,47.22,47.22,1900,47.21,2100,47.2,2200,47.19,3500,47.18,3000,47.17,700,47.16,600,47.15,500,47.14,600,47.13,1100,47.25,2800,47.26,1800,47.27,2200,47.28,1600,47.29,2600,47.3,1900,47.31,1700,47.32,1900,47.33,1100,47.34,1900
2026-02-05 09:36:39,47.24,47.24,1,47.23,1200,47.25,2000,47.25,47.23,47.23,1200,47.22,2900,47.21,2100,47.2,2200,47.19,3500,47.18,3000,47.17,700,47.16,600,47.15,500,47.14,600,47.25,2000,47.26,1800,47.27,2200,47.28,1600,47.29,2600,47.3,1900,47.31,1700,47.32,1900,47.33,1100,47.34,1900
2026-02-05 09:36:40,47.24,47.24,5,47.23,1200,47.25,1900,47.25,47.23,47.23,1200,47.22,2900,47.21,2100,47.2,2200,47.19,3500,47.18,3000,47.17,700,47.16,600,47.15,500,47.14,600,47.25,1900,47.26,1800,47.27,2200,47.28,1600,47.29,2600,47.3,1900,47.31,1700,47.32,1900,47.33,1100,47.34,1900
2026-02-05 09:36:41,47.24,47.23,4,47.23,2100,47.25,1900,47.25,47.23,47.23,2100,47.22,2900,47.21,2100,47.2,2200,47.19,3500,47.18,3000,47.17,700,47.16,600,47.15,500,47.14,600,47.25,1900,47.26,1800,47.27,2200,47.28,1600,47.29,2600,47.3,1900,47.31,1700,47.32,1900,47.33,1100,47.34,1900
2026-02-05 09:36:42,47.245,47.25,1,47.24,2000,47.25,1900,47.25,47.24,47.24,2000,47.23,2200,47.22,2900,47.21,2100,47.2,2200,47.19,3500,47.18,3000,47.17,700,47.16,600,47.15,500,47.25,1900,47.26,1800,47.27,2200,47.28,1600,47.29,2600,47.3,1900,47.31,1700,47.32,1900,47.33,1100,47.34,1900
2026-02-05 09:36:43,47.25,47.24,1,47.24,2000,47.26,3400,47.26,47.24,47.24,2000,47.23,1400,47.22,2900,47.21,2100,47.2,2200,47.19,3500,47.18,3000,47.17,700,47.16,600,47.15,500,47.26,3400,47.27,2200,47.28,1600,47.29,2600,47.3,1900,47.31,1700,47.32,1900,47.33,1100,47.34,1900,47.35,1300
2026-02-05 09:36:44,47.255,47.25,15,47.25,1300,47.26,2900,47.26,47.25,47.25,1300,47.24,1000,47.23,2500,47.22,2500,47.21,2100,47.2,2200,47.19,3500,47.18,3000,47.17,700,47.16,600,47.26,2900,47.27,2200,47.28,1600,47.29,2600,47.3,1900,47.31,1700,47.32,1900,47.33,1100,47.34,1900,47.35,1300
2026-02-05 09:36:45,47.245,47.24,1,47.24,800,47.25,2000,47.25,47.24,47.24,800,47.23,2500,47.22,2500,47.21,2100,47.2,2200,47.19,3500,47.18,3000,47.17,700,47.16,600,47.15,500,47.25,2000,47.26,3400,47.27,2200,47.28,1600,47.29,2600,47.3,1900,47.31,1700,47.32,1900,47.33,1100,47.34,1900
2026-02-05 09:36:46,47.245,47.25,2,47.24,900,47.25,2000,47.25,47.24,47.24,900,47.23,2500,47.22,2500,47.21,2100,47.2,2200,47.19,3500,47.18,3000,47.17,700,47.16,600,47.15,500,47.25,2000,47.26,3300,47.27,2200,47.28,1600,47.29,2600,47.3,1900,47.31,1700,47.32,1900,47.33,1100,47.34,1900
2026-02-05 09:36:47,47.245,47.24,2,47.24,900,47.25,300,47.25,47.24,47.24,900,47.23,2400,47.22,2500,47.21,2100,47.2,2200,47.19,3500,47.18,3000,47.17,700,47.16,600,47.15,500,47.25,300,47.26,3300,47.27,2200,47.28,1600,47.29,2600,47.3,1900,47.31,1700,47.32,1900,47.33,1100,47.34,1900
2026-02-05 09:36:48,47.245,47.24,1,47.24,1100,47.25,1900,47.25,47.24,47.24,1100,47.23,2400,47.22,2500,47.21,2100,47.2,2200,47.19,3500,47.18,3000,47.17,700,47.16,600,47.15,500,47.25,1900,47.26,3300,47.27,2200,47.28,1600,47.29,2600,47.3,1900,47.31,1700,47.32,1900,47.33,1100,47.34,1900
2026-02-05 09:36:49,47.245,47.25,1,47.24,1800,47.25,1800,47.25,47.24,47.24,1800,47.23,2900,47.22,2500,47.21,2100,47.2,2200,47.19,3500,47.18,3000,47.17,700,47.16,600,47.15,500,47.25,1800,47.26,3300,47.27,2200,47.28,1600,47.29,2600,47.3,1900,47.31,1700,47.32,1900,47.33,1100,47.34,1900
2026-02-05 09:36:50,47.24,47.24,2,47.23,3000,47.25,2400,47.25,47.23,47.23,3000,47.22,2500,47.21,2100,47.2,2200,47.19,3500,47.18,3000,47.17,700,47.16,600,47.15,500,47.14,600,47.25,2400,47.26,3300,47.27,2200,47.28,1600,47.29,2600,47.3,1900,47.31,1700,47.32,1900,47.33,1100,47.34,1900
2026-02-05 09:36:51,47.25,47.25,1,47.24,2400,47.26,2800,47.26,47.24,47.24,2400,47.23,3000,47.22,2500,47.21,2100,47.2,2200,47.19,3500,47.18,3000,47.17,700,47.16,600,47.15,500,47.26,2800,47.27,2200,47.28,1600,47.29,2600,47.3,1900,47.31,1700,47.32,1900,47.33,1100,47.34,1900,47.35,1300
2026-02-05 09:36:52,47.25,47.24,2,47.24,1500,47.26,3000,47.26,47.24,47.24,1500,47.23,2800,47.22,2500,47.21,2100,47.2,2200,47.19,3500,47.18,3000,47.17,700,47.16,600,47.15,500,47.26,3000,47.27,2100,47.28,1600,47.29,2600,47.3,1900,47.31,1700,47.32,1900,47.33,1100,47.34,1900,47.35,1300
