sim_time,mid_price,last_price,last_size,best_bid_price,best_bid_size,best_ask_price,best_ask_size,close_price_buy,close_price_sell,bid1_price,bid1_size,bid2_price,bid2_size,bid3_price,bid3_size,bid4_price,bid4_size,bid5_price,bid5_size,bid6_price,bid6_size,bid7_price,bid7_size,bid8_price,bid8_size,bid9_price,bid9_size,bid10_price,bid10_size,ask1_price,ask1_size,ask2_price,ask2_size,ask3_price,ask3_size,ask4_price,ask4_size,ask5_price,ask5_size,ask6_price,ask6_size,ask7_price,ask7_size,ask8_price,ask8_size,ask9_price,ask9_size,ask10_price,ask10_size
2020-10-29 09:30:25,56.14,56.14,1,56.12,37,56.16,14,56.16,56.12,56.12,37,56.11,17,56.1,42,56.09,24,56.08,24,,,,,,,,,,,56.16,14,56.17,38,56.18,8,56.19,5,56.2,7,56.32,11,56.43,12,,,,,,
2020-10-29 09:30:26,56.145,56.15,1,56.13,22,56.16,12,56.16,56.13,56.13,22,56.12,28,56.11,21,56.1,41,56.09,24,56.08,24,,,,,,,,,56.16,12,56.17,31,56.18,8,56.19,5,56.2,7,56.32,11,56.43,12,,,,,,
2020-10-29 09:30:27,56.135,56.13,3,56.12,1,56.15,3,56.15,56.12,56.12,1,56.11,31,56.1,41,56.09,24,56.08,24,,,,,,,,,,,56.15,3,56.16,24,56.17,31,56.18,8,56.19,5,56.2,7,56.32,11,56.43,12,,,,
2020-10-29 09:30:28,56.145,56.15,1,56.13,3,56.16,19,56.16,56.13,56.13,3,56.12,22,56.11,21,56.1,41,56.09,24,56.08,24,,,,,,,,,56.16,19,56.17,46,56.18,8,56.19,5,56.2,7,56.32,11,56.43,12,,,,,,
2020-10-29 09:30:29,56.145,56.14,1,56.13,25,56.16,7,56.16,56.13,56.13,25,56.12,22,56.11,21,56.1,41,56.09,24,56.08,24,,,,,,,,,56.16,7,56.17,30,56.18,8,56.19,5,56.2,7,56.32,11,56.43,12,,,,,,
2020-10-29 09:30:30,56.145,56.16,1,56.13,31,56.16,6,56.16,56.13,56.13,31,56.12,22,56.11,21,56.1,41,56.09,24,56.08,24,,,,,,,,,56.16,6,56.17,30,56.18,8,56.19,5,56.2,7,56.32,11,56.43,12,,,,,,
2020-10-29 09:30:31,56.14,56.15,2,56.13,32,56.15,1,56.15,56.13,56.13,32,56.12,22,56.11,21,56.1,41,56.09,24,56.08,24,,,,,,,,,56.15,1,56.16,37,56.17,31,56.18,8,56.19,5,56.2,7,56.32,11,56.43,12,,,,
2020-10-29 09:30:32,56.165,56.17,1,56.15,17,56.18,18,56.18,56.15,56.15,17,56.14,21,56.13,38,56.12,22,56.11,21,56.1,41,56.09,24,56.08,24,,,,,56.18,18,56.19,26,56.2,7,56.32,11,56.43,12,,,,,,,,,,
2020-10-29 09:30:34,56.165,56.17,1,56.16,6,56.17,16,56.17,56.16,56.16,6,56.15,14,56.14,21,56.13,38,56.12,22,56.11,21,56.1,41,56.09,24,56.08,24,,,56.17,16,56.18,16,56.19,26,56.2,7,56.32,11,56.43,12,,,,,,,,
2020-10-29 09:30:35,56.185,56.19,1,56.18,1,56.19,30,56.19,56.18,56.18,1,56.17,6,56.16,6,56.15,14,56.14,21,56.13,38,56.12,22,56.11,21,56.1,41,56.09,24,56.19,30,56.2,7,56.32,11,56.43,12,,,,,,,,,,,,
2020-10-29 09:30:35,56.185,56.19,1,56.18,5,56.19,20,56.19,56.18,56.18,5,56.17,13,56.16,11,56.15,14,56.14,21,56.13,38,56.12,22,56.11,21,56.1,41,56.09,24,56.19,20,56.2,7,56.32,11,56.43,12,,,,,,,,,,,,
2020-10-29 09:30:37,56.21,56.21,1,56.19,32,56.23,8,56.23,56.19,56.19,32,56.18,8,56.17,13,56.16,11,56.15,14,56.14,21,56.13,38,56.12,22,56.11,21,56.1,41,56.23,8,56.32,11,56.43,12,,,,,,,,,,,,,,
2020-10-29 09:30:38,56.215,56.22,1,56.2,22,56.23,10,56.23,56.2,56.2,22,56.19,32,56.18,8,56.17,13,56.16,11,56.15,14,56.14,21,56.13,38,56.12,22,56.11,21,56.23,10,56.24,19,56.32,11,56.43,12,,,,,,,,,,,,
2020-10-29 09:30:39,56.2,56.2,1,56.19,15,56.21,15,56.21,56.19,56.19,15,56.18,8,56.17,13,56.16,11,56.15,14,56.14,21,56.13,38,56.12,22,56.11,21,56.1,41,56.21,15,56.22,22,56.23,18,56.24,19,56.32,11,56.43,12,,,,,,,,
2020-10-29 09:30:40,56.2,56.2,1,56.19,28,56.21,16,56.21,56.19,56.19,28,56.18,8,56.17,13,56.16,11,56.15,14,56.14,21,56.13,38,56.12,22,56.11,21,56.1,41,56.21,16,56.22,22,56.23,18,56.24,19,56.32,11,56.43,12,,,,,,,,
2020-10-29 09:30:41,56.21,56.21,1,56.2,15,56.22,4,56.22,56.2,56.2,15,56.19,22,56.18,8,56.17,13,56.16,11,56.15,14,56.14,21,56.13,38,56.12,22,56.11,21,56.22,4,56.23,13,56.24,19,56.32,11,56.43,12,,,,,,,,,,
2020-10-29 09:30:41,56.21,56.21,1,56.2,15,56.22,4,56.22,56.2,56.2,15,56.19,22,56.18,8,56.17,13,56.16,11,56.15,14,56.14,21,56.13,38,56.12,22,56.11,21,56.22,4,56.23,13,56.24,19,56.32,11,56.43,12,,,,,,,,,,
2020-10-29 09:30:43,56.215,56.22,1,56.2,28,56.23,1,56.23,56.2,56.2,28,56.19,22,56.18,8,56.17,13,56.16,11,56.15,14,56.14,21,56.13,38,56.12,22,56.11,21,56.23,1,56.24,18,56.32,11,56.43,12,,,,,,,,,,,,
2020-10-29 09:30:43,56.205,56.21,1,56.19,25,56.22,22,56.22,56.19,56.19,25,56.18,8,56.17,13,56.16,11,56.15,14,56.14,21,56.13,38,56.12,22,56.11,21,56.1,41,56.22,22,56.23,9,56.24,18,56.32,11,56.43,12,,,,,,,,,,
2020-10-29 09:30:45,56.19,56.19,1,56.18,15,56.2,24,56.2,56.18,56.18,15,56.17,13,56.16,11,56.15,14,56.14,21,56.13,38,56.12,22,56.11,21,56.1,41,56.09,24,56.2,24,56.21,3,56.22,24,56.23,9,56.24,18,56.32,11,56.43,12,,,,,,
2020-10-29 09:30:46,56.19,56.18,2,56.18,24,56.2,15,56.2,56.18,56.18,24,56.17,13,56.16,11,56.15,14,56.14,21,56.13,38,56.12,22,56.11,21,56.1,41,56.09,24,56.2,15,56.21,3,56.22,24,56.23,9,56.24,18,56.32,11,56.43,12,,,,,,
2020-10-29 09:30:47,56.195,56.2,2,56.19,3,56.2,11,56.2,56.19,56.19,3,56.18,24,56.17,13,56.16,11,56.15,14,56.14,21,56.13,38,56.12,22,56.11,21,56.1,41,56.2,11,56.21,3,56.22,24,56.23,9,56.24,18,56.32,11,56.43,12,,,,,,
2020-10-29 09:30:47,56.19,56.19,1,56.18,17,56.2,18,56.2,56.18,56.18,17,56.17,13,56.16,11,56.15,14,56.14,21,56.13,38,56.12,22,56.11,21,56.1,41,56.09,24,56.2,18,56.21,3,56.22,24,56.23,9,56.24,18,56.32,11,56.43,12,,,,,,
2020-10-29 09:30:49,56.19,56.18,1,56.18,18,56.2,18,56.2,56.18,56.18,18,56.17,13,56.16,11,56.15,14,56.14,21,56.13,38,56.12,22,56.11,21,56.1,41,56.09,24,56.2,18,56.21,3,56.22,24,56.23,9,56.24,18,56.32,11,56.43,12,,,,,,
2020-10-29 09:30:50,56.19,56.18,1,56.18,18,56.2,18,56.2,56.18,56.18,18,56.17,13,56.16,11,56.15,14,56.14,21,56.13,38,56.12,22,56.11,21,56.1,41,56.09,24,56.2,18,56.21,3,56.22,24,56.23,9,56.24,18,56.32,11,56.43,12,,,,,,
2020-10-29 09:30:51,56.18,56.17,2,56.17,11,56.19,26,56.19,56.17,56.17,11,56.16,11,56.15,14,56.14,21,56.13,38,56.12,22,56.11,21,56.1,41,56.09,24,56.08,24,56.19,26,56.2,33,56.21,3,56.22,24,56.23,9,56.24,18,56.32,11,56.43,12,,,,
2020-10-29 09:30:51,56.175,56.17,1,56.16,15,56.19,25,56.19,56.16,56.16,15,56.15,34,56.14,21,56.13,38,56.12,22,56.11,21,56.1,41,56.09,24,56.08,24,,,56.19,25,56.2,33,56.21,3,56.22,24,56.23,9,56.24,18,56.32,11,56.43,12,,,,
2020-10-29 09:30:53,56.175,56.18,1,56.16,15,56.19,25,56.19,56.16,56.16,15,56.15,34,56.14,21,56.13,38,56.12,22,56.11,21,56.1,41,56.09,24,56.08,24,,,56.19,25,56.2,33,56.21,3,56.22,24,56.23,9,56.24,18,56.32,11,56.43,12,,,,
2020-10-29 09:30:54,56.175,56.18,1,56.16,15,56.19,30,56.19,56.16,56.16,15,56.15,34,56.14,21,56.13,38,56.12,22,56.11,21,56.1,41,56.09,24,56.08,24,,,56.19,30,56.2,33,56.21,3,56.22,24,56.23,9,56.24,18,56.32,11,56.43,12,,,,
2020-10-29 09:30:55,56.17,56.17,1,56.16,13,56.18,8,56.18,56.16,56.16,13,56.15,34,56.14,21,56.13,38,56.12,22,56.11,21,56.1,41,56.09,24,56.08,24,,,56.18,8,56.19,30,56.2,33,56.21,3,56.22,24,56.23,9,56.24,18,56.32,11,56.43,12,,
2020-10-29 09:30:56,56.18,56.19,1,56.17,17,56.19,3,56.19,56.17,56.17,17,56.16,26,56.15,33,56.14,21,56.13,38,56.12,22,56.11,21,56.1,41,56.09,24,56.08,24,56.19,3,56.2,23,56.21,3,56.22,24,56.23,9,56.24,18,56.32,11,56.43,12,,,,
2020-10-29 09:30:57,56.175,56.18,1,56.17,17,56.18,6,56.18,56.17,56.17,17,56.16,26,56.15,33,56.14,21,56.13,38,56.12,22,56.11,21,56.1,41,56.09,24,56.08,24,56.18,6,56.19,5,56.2,23,56.21,3,56.22,24,56.23,9,56.24,18,56.32,11,56.43,12,,
2020-10-29 09:30:58,56.185,56.19,4,56.18,3,56.19,5,56.19,56.18,56.18,3,56.17,18,56.16,26,56.15,33,56.14,21,56.13,38,56.12,22,56.11,21,56.1,41,56.09,24,56.19,5,56.2,23,56.21,3,56.22,24,56.23,9,56.24,18,56.32,11,56.43,12,,,,
2020-10-29 09:30:59,56.185,56.19,2,56.18,5,56.19,5,56.19,56.18,56.18,5,56.17,18,56.16,26,56.15,33,56.14,21,56.13,38,56.12,22,56.11,21,56.1,41,56.09,24,56.19,5,56.2,23,56.21,3,56.22,24,56.23,9,56.24,18,56.32,11,56.43,12,,,,
2020-10-29 09:31:00,56.175,56.18,1,56.17,13,56.18,18,56.18,56.17,56.17,13,56.16,26,56.15,33,56.14,21,56.13,38,56.12,22,56.11,21,56.1,41,56.09,24,56.08,24,56.18,18,56.19,15,56.2,23,56.21,3,56.22,24,56.23,9,56.24,18,56.32,11,56.43,12,,
2020-10-29 09:31:01,56.175,56.18,1,56.17,11,56.18,17,56.18,56.17,56.17,11,56.16,26,56.15,33,56.14,21,56.13,38,56.12,22,56.11,21,56.1,41,56.09,24,56.08,24,56.18,17,56.19,15,56.2,23,56.21,3,56.22,24,56.23,9,56.24,18,56.32,11,56.43,12,,
2020-10-29 09:31:02,56.155,56.14,1,56.14,23,56.17,18,56.17,56.14,56.14,23,56.13,37,56.12,22,56.11,21,56.1,41,56.09,24,56.08,24,,,,,,,56.17,18,56.18,26,56.19,15,56.2,23,56.21,3,56.22,24,56.23,9,56.24,18,56.32,11,56.43,12
2020-10-29 09:31:03,56.145,56.15,5,56.13,36,56.16,3,56.16,56.13,56.13,36,56.12,22,56.11,21,56.1,41,56.09,24,56.08,24,,,,,,,,,56.16,3,56.17,21,56.18,26,56.19,15,56.2,23,56.21,3,56.22,24,56.23,9,56.24,18,56.32,11
2020-10-29 09:31:04,56.15,56.15,5,56.14,12,56.16,3,56.16,56.14,56.14,12,56.13,49,56.12,22,56.11,21,56.1,41,56.09,24,56.08,24,,,,,,,56.16,3,56.17,21,56.18,26,56.19,15,56.2,23,56.21,3,56.22,24,56.23,9,56.24,18,56.32,11
2020-10-29 09:31:05,56.15,56.14,1,56.14,21,56.16,5,56.16,56.14,56.14,21,56.13,49,56.12,22,56.11,21,56.1,41,56.09,24,56.08,24,,,,,,,56.16,5,56.17,21,56.18,26,56.19,15,56.2,23,56.21,3,56.22,24,56.23,9,56.24,18,56.32,11
2020-10-29 09:31:06,56.15,56.15,1,56.14,20,56.16,5,56.16,56.14,56.14,20,56.13,49,56.12,22,56.11,21,56.1,41,56.09,24,56.08,24,,,,,,,56.16,5,56.17,21,56.18,26,56.19,15,56.2,23,56.21,3,56.22,24,56.23,9,56.24,18,56.32,11
2020-10-29 09:31:08,56.16,56.16,1,56.15,12,56.17,7,56.17,56.15,56.15,12,56.14,16,56.13,48,56.12,22,56.11,21,56.1,41,56.09,24,56.08,24,,,,,56.17,7,56.18,31,56.19,15,56.2,23,56.21,3,56.22,24,56.23,9,56.24,18,56.32,11,56.43,12
2020-10-29 09:31:09,56.16,56.16,1,56.15,13,56.17,10,56.17,56.15,56.15,13,56.14,26,56.13,48,56.12,22,56.11,21,56.1,41,56.09,24,56.08,24,,,,,56.17,10,56.18,31,56.19,15,56.2,23,56.21,3,56.22,24,56.23,9,56.24,18,56.32,11,56.43,12
2020-10-29 09:31:10,56.16,56.16,2,56.15,35,56.17,26,56.17,56.15,56.15,35,56.14,26,56.13,48,56.12,22,56.11,21,56.1,41,56.09,24,56.08,24,,,,,56.17,26,56.18,31,56.19,15,56.2,23,56.21,3,56.22,24,56.23,9,56.24,18,56.32,11,56.43,12
2020-10-29 09:31:11,56.16,56.16,2,56.15,35,56.17,26,56.17,56.15,56.15,35,56.14,26,56.13,48,56.12,22,56.11,21,56.1,41,56.09,24,56.08,24,,,,,56.17,26,56.18,31,56.19,15,56.2,23,56.21,3,56.22,24,56.23,9,56.24,18,56.32,11,56.43,12
2020-10-29 09:31:12,56.185,56.2,1,56.17,27,56.2,18,56.2,56.17,56.17,27,56.16,42,56.15,35,56.14,26,56.13,48,56.12,22,56.11,21,56.1,41,56.09,24,56.08,24,56.2,18,56.21,2,56.22,26,56.23,9,56.24,18,56.32,11,56.43,12,,,,,,
2020-10-29 09:31:13,56.18,56.2,1,56.17,20,56.19,13,56.19,56.17,56.17,20,56.16,42,56.15,35,56.14,26,56.13,48,56.12,22,56.11,21,56.1,41,56.09,24,56.08,24,56.19,13,56.2,28,56.21,2,56.22,26,56.23,9,56.24,18,56.32,11,56.43,12,,,,
2020-10-29 09:31:14,56.18,56.18,1,56.17,11,56.19,17,56.19,56.17,56.17,11,56.16,42,56.15,35,56.14,26,56.13,48,56.12,22,56.11,21,56.1,41,56.09,24,56.08,24,56.19,17,56.2,28,56.21,2,56.22,26,56.23,9,56.24,18,56.32,11,56.43,12,,,,
2020-10-29 09:31:15,56.16,56.16,1,56.15,31,56.17,59,56.17,56.15,56.15,31,56.14,26,56.13,48,56.12,22,56.11,21,56.1,41,56.09,24,56.08,24,,,,,56.17,59,56.18,58,56.19,17,56.2,28,56.21,2,56.22,26,56.23,9,56.24,18,56.32,11,56.43,12
2020-10-29 09:31:16,56.16,56.16,1,56.15,33,56.17,58,56.17,56.15,56.15,33,56.14,26,56.13,48,56.12,22,56.11,21,56.1,41,56.09,24,56.08,24,,,,,56.17,58,56.18,58,56.19,17,56.2,28,56.21,2,56.22,26,56.23,9,56.24,18,56.32,11,56.43,12
2020-10-29 09:31:17,56.16,56.16,1,56.15,33,56.17,58,56.17,56.15,56.15,33,56.14,26,56.13,48,56.12,22,56.11,21,56.1,41,56.09,24,56.08,24,,,,,56.17,58,56.18,58,56.19,17,56.2,28,56.21,2,56.22,26,56.23,9,56.24,18,56.32,11,56.43,12
2020-10-29 09:31:18,56.16,56.16,10,56.15,34,56.17,58,56.17,56.15,56.15,34,56.14,26,56.13,48,56.12,22,56.11,21,56.1,41,56.09,24,56.08,24,,,,,56.17,58,56.18,58,56.19,17,56.2,28,56.21,2,56.22,26,56.23,9,56.24,18,56.32,11,56.43,12
2020-10-29 09:31:19,56.16,56.16,1,56.15,35,56.17,58,56.17,56.15,56.15,35,56.14,26,56.13,48,56.12,22,56.11,21,56.1,41,56.09,24,56.08,24,,,,,56.17,58,56.18,58,56.19,17,56.2,28,56.21,2,56.22,26,56.23,9,56.24,18,56.32,11,56.43,12
2020-10-29 09:31:20,56.165,56.17,2,56.15,34,56.18,56,56.18,56.15,56.15,34,56.14,26,56.13,48,56.12,22,56.11,21,56.1,41,56.09,24,56.08,24,,,,,56.18,56,56.19,17,56.2,28,56.21,2,56.22,26,56.23,9,56.24,18,56.32,11,56.43,12,,
2020-10-29 09:31:21,56.17,56.17,1,56.16,9,56.18,23,56.18,56.16,56.16,9,56.15,49,56.14,26,56.13,48,56.12,22,56.11,21,56.1,41,56.09,24,56.08,24,,,56.18,23,56.19,17,56.2,28,56.21,2,56.22,26,56.23,9,56.24,18,56.32,11,56.43,12,,
2020-10-29 09:31:22,56.17,56.17,1,56.16,16,56.18,20,56.18,56.16,56.16,16,56.15,39,56.14,26,56.13,48,56.12,22,56.11,21,56.1,41,56.09,24,56.08,24,,,56.18,20,56.19,17,56.2,28,56.21,2,56.22,26,56.23,9,56.24,18,56.32,11,56.43,12,,
2020-10-29 09:31:23,56.17,56.17,1,56.16,13,56.18,20,56.18,56.16,56.16,13,56.15,39,56.14,26,56.13,48,56.12,22,56.11,21,56.1,41,56.09,24,56.08,24,,,56.18,20,56.19,17,56.2,28,56.21,2,56.22,26,56.23,9,56.24,18,56.32,11,56.43,12,,
2020-10-29 09:31:24,56.175,56.18,1,56.17,12,56.18,50,56.18,56.17,56.17,12,56.16,13,56.15,39,56.14,26,56.13,48,56.12,22,56.11,21,56.1,41,56.09,24,56.08,24,56.18,50,56.19,38,56.2,28,56.21,2,56.22,26,56.23,9,56.24,18,56.32,11,56.43,12,,
2020-10-29 09:31:25,56.175,56.17,1,56.17,8,56.18,26,56.18,56.17,56.17,8,56.16,13,56.15,39,56.14,26,56.13,48,56.12,22,56.11,21,56.1,41,56.09,24,56.08,24,56.18,26,56.19,38,56.2,28,56.21,2,56.22,26,56.23,9,56.24,18,56.32,11,56.43,12,,
2020-10-29 09:31:26,56.175,56.17,1,56.17,6,56.18,24,56.18,56.17,56.17,6,56.16,17,56.15,39,56.14,26,56.13,48,56.12,22,56.11,21,56.1,41,56.09,24,56.08,24,56.18,24,56.19,38,56.2,28,56.21,2,56.22,26,56.23,9,56.24,18,56.32,11,56.43,12,,
2020-10-29 09:31:27,56.17,56.17,2,56.16,33,56.18,22,56.18,56.16,56.16,33,56.15,39,56.14,26,56.13,48,56.12,22,56.11,21,56.1,41,56.09,24,56.08,24,,,56.18,22,56.19,38,56.2,28,56.21,2,56.22,26,56.23,9,56.24,18,56.32,11,56.43,12,,
2020-10-29 09:31:28,56.17,56.17,2,56.16,36,56.18,22,56.18,56.16,56.16,36,56.15,39,56.14,26,56.13,48,56.12,22,56.11,21,56.1,41,56.09,24,56.08,24,,,56.18,22,56.19,38,56.2,28,56.21,2,56.22,26,56.23,9,56.24,18,56.32,11,56.43,12,,
2020-10-29 09:31:29,56.175,56.18,1,56.17,14,56.18,21,56.18,56.17,56.17,14,56.16,36,56.15,39,56.14,26,56.13,48,56.12,22,56.11,21,56.1,41,56.09,24,56.08,24,56.18,21,56.19,6,56.2,18,56.21,2,56.22,26,56.23,9,56.24,18,56.32,11,56.43,12,,
2020-10-29 09:31:30,56.155,56.16,1,56.15,31,56.16,21,56.16,56.15,56.15,31,56.14,26,56.13,48,56.12,22,56.11,21,56.1,41,56.09,24,56.08,24,,,,,56.16,21,56.17,53,56.18,27,56.19,9,56.2,18,56.21,2,56.22,26,56.23,9,56.24,18,56.32,11
2020-10-29 09:31:31,56.135,56.13,1,56.13,49,56.14,9,56.14,56.13,56.13,49,56.12,22,56.11,21,56.1,41,56.09,24,56.08,24,,,,,,,,,56.14,9,56.15,45,56.16,29,56.17,53,56.18,27,56.19,9,56.2,18,56.21,2,56.22,26,56.23,9
2020-10-29 09:31:32,56.145,56.14,1,56.14,38,56.15,28,56.15,56.14,56.14,38,56.13,59,56.12,22,56.11,21,56.1,41,56.09,24,56.08,24,,,,,,,56.15,28,56.16,29,56.17,53,56.18,27,56.19,9,56.2,18,56.21,2,56.22,26,56.23,9,56.24,18
2020-10-29 09:31:33,56.145,56.14,1,56.14,4,56.15,32,56.15,56.14,56.14,4,56.13,61,56.12,22,56.11,21,56.1,41,56.09,24,56.08,24,,,,,,,56.15,32,56.16,29,56.17,53,56.18,27,56.19,9,56.2,18,56.21,2,56.22,26,56.23,9,56.24,18
2020-10-29 09:31:34,56.145,56.14,1,56.14,17,56.15,9,56.15,56.14,56.14,17,56.13,61,56.12,22,56.11,21,56.1,41,56.09,24,56.08,24,,,,,,,56.15,9,56.16,22,56.17,53,56.18,27,56.19,9,56.2,18,56.21,2,56.22,26,56.23,9,56.24,18
2020-10-29 09:31:35,56.145,56.15,1,56.14,17,56.15,18,56.15,56.14,56.14,17,56.13,61,56.12,22,56.11,21,56.1,41,56.09,24,56.08,24,,,,,,,56.15,18,56.16,22,56.17,53,56.18,27,56.19,9,56.2,18,56.21,2,56.22,26,56.23,9,56.24,18
2020-10-29 09:31:36,56.145,56.14,1,56.14,28,56.15,6,56.15,56.14,56.14,28,56.13,61,56.12,22,56.11,21,56.1,41,56.09,24,56.08,24,,,,,,,56.15,6,56.16,23,56.17,53,56.18,27,56.19,9,56.2,18,56.21,2,56.22,26,56.23,9,56.24,18
2020-10-29 09:31:37,56.155,56.15,1,56.15,5,56.16,48,56.16,56.15,56.15,5,56.14,33,56.13,61,56.12,22,56.11,21,56.1,41,56.09,24,56.08,24,,,,,56.16,48,56.17,53,56.18,27,56.19,9,56.2,18,56.21,2,56.22,26,56.23,9,56.24,18,56.32,11
2020-10-29 09:31:38,56.145,56.14,1,56.14,29,56.15,8,56.15,56.14,56.14,29,56.13,61,56.12,22,56.11,21,56.1,41,56.09,24,56.08,24,,,,,,,56.15,8,56.16,33,56.17,53,56.18,27,56.19,9,56.2,18,56.21,2,56.22,26,56.23,9,56.24,18
2020-10-29 09:31:39,56.145,56.14,2,56.14,29,56.15,8,56.15,56.14,56.14,29,56.13,61,56.12,22,56.11,21,56.1,41,56.09,24,56.08,24,,,,,,,56.15,8,56.16,33,56.17,53,56.18,27,56.19,9,56.2,18,56.21,2,56.22,26,56.23,9,56.24,18
2020-10-29 09:31:40,56.145,56.15,1,56.14,29,56.15,9,56.15,56.14,56.14,29,56.13,61,56.12,22,56.11,21,56.1,41,56.09,24,56.08,24,,,,,,,56.15,9,56.16,33,56.17,53,56.18,27,56.19,9,56.2,18,56.21,2,56.22,26,56.23,9,56.24,18
2020-10-29 09:31:41,56.125,56.13,1,56.11,19,56.14,34,56.14,56.11,56.11,19,56.1,41,56.09,24,56.08,24,,,,,,,,,,,,,56.14,34,56.15,79,56.16,33,56.17,53,56.18,27,56.19,9,56.2,18,56.21,2,56.22,26,56.23,9
2020-10-29 09:31:42,56.13,56.13,1,56.12,7,56.14,34,56.14,56.12,56.12,7,56.11,19,56.1,41,56.09,24,56.08,24,,,,,,,,,,,56.14,34,56.15,79,56.16,33,56.17,53,56.18,27,56.19,9,56.2,18,56.21,2,56.22,26,56.23,9
2020-10-29 09:31:43,56.145,56.13,1,56.14,8,56.15,63,56.15,56.14,56.14,8,56.13,14,56.12,29,56.11,19,56.1,41,56.09,24,56.08,24,,,,,,,56.15,63,56.16,33,56.17,53,56.18,27,56.19,9,56.2,18,56.21,2,56.22,26,56.23,9,56.24,18
2020-10-29 09:31:44,56.125,56.14,1,56.12,34,56.13,2,56.13,56.12,56.12,34,56.11,19,56.1,41,56.09,24,56.08,24,,,,,,,,,,,56.13,2,56.14,23,56.15,21,56.16,33,56.17,53,56.18,27,56.19,9,56.2,18,56.21,2,56.22,26
2020-10-29 09:31:45,56.145,56.14,1,56.14,26,56.15,33,56.15,56.14,56.14,26,56.13,10,56.12,34,56.11,19,56.1,41,56.09,24,56.08,24,,,,,,,56.15,33,56.16,33,56.17,53,56.18,27,56.19,9,56.2,18,56.21,2,56.22,26,56.23,9,56.24,18
2020-10-29 09:31:46,56.14,56.14,1,56.13,23,56.15,23,56.15,56.13,56.13,23,56.12,34,56.11,19,56.1,41,56.09,24,56.08,24,,,,,,,,,56.15,23,56.16,33,56.17,53,56.18,27,56.19,9,56.2,18,56.21,2,56.22,26,56.23,9,56.24,18
2020-10-29 09:31:47,56.135,56.14,1,56.13,24,56.14,31,56.14,56.13,56.13,24,56.12,34,56.11,19,56.1,41,56.09,24,56.08,24,,,,,,,,,56.14,31,56.15,24,56.16,33,56.17,53,56.18,27,56.19,9,56.2,18,56.21,2,56.22,26,56.23,9
2020-10-29 09:31:48,56.135,56.13,1,56.13,26,56.14,24,56.14,56.13,56.13,26,56.12,34,56.11,19,56.1,41,56.09,24,56.08,24,,,,,,,,,56.14,24,56.15,24,56.16,33,56.17,53,56.18,27,56.19,9,56.2,18,56.21,2,56.22,26,56.23,9
2020-10-29 09:31:49,56.145,56.14,1,56.14,8,56.15,24,56.15,56.14,56.14,8,56.13,34,56.12,34,56.11,19,56.1,41,56.09,24,56.08,24,,,,,,,56.15,24,56.16,33,56.17,53,56.18,27,56.19,9,56.2,18,56.21,2,56.22,26,56.23,9,56.24,18
2020-10-29 09:31:50,56.165,56.15,30,56.15,11,56.18,23,56.18,56.15,56.15,11,56.14,34,56.13,36,56.12,34,56.11,19,56.1,41,56.09,24,56.08,24,,,,,56.18,23,56.19,9,56.2,18,56.21,2,56.22,26,56.23,9,56.24,18,56.32,11,56.43,12,,
2020-10-29 09:31:51,56.155,56.15,1,56.14,34,56.17,4,56.17,56.14,56.14,34,56.13,36,56.12,34,56.11,19,56.1,41,56.09,24,56.08,24,,,,,,,56.17,4,56.18,23,56.19,9,56.2,18,56.21,2,56.22,26,56.23,9,56.24,18,56.32,11,56.43,12
2020-10-29 09:31:52,56.16,56.16,1,56.15,10,56.17,18,56.17,56.15,56.15,10,56.14,35,56.13,36,56.12,34,56.11,19,56.1,41,56.09,24,56.08,24,,,,,56.17,18,56.18,23,56.19,17,56.2,18,56.21,2,56.22,26,56.23,9,56.24,18,56.32,11,56.43,12
2020-10-29 09:31:53,56.16,56.16,1,56.15,9,56.17,12,56.17,56.15,56.15,9,56.14,35,56.13,36,56.12,34,56.11,19,56.1,41,56.09,24,56.08,24,,,,,56.17,12,56.18,23,56.19,17,56.2,18,56.21,2,56.22,26,56.23,9,56.24,18,56.32,11,56.43,12
2020-10-29 09:31:54,56.16,56.15,1,56.15,9,56.17,11,56.17,56.15,56.15,9,56.14,35,56.13,36,56.12,34,56.11,19,56.1,41,56.09,24,56.08,24,,,,,56.17,11,56.18,23,56.19,17,56.2,18,56.21,2,56.22,26,56.23,9,56.24,18,56.32,11,56.43,12
2020-10-29 09:31:55,56.18,56.17,1,56.17,18,56.19,12,56.19,56.17,56.17,18,56.16,6,56.15,30,56.14,35,56.13,36,56.12,34,56.11,19,56.1,41,56.09,24,56.08,24,56.19,12,56.2,24,56.21,2,56.22,26,56.23,9,56.24,18,56.32,11,56.43,12,,,,
2020-10-29 09:31:56,56.16,56.16,1,56.15,24,56.17,16,56.17,56.15,56.15,24,56.14,35,56.13,36,56.12,34,56.11,19,56.1,41,56.09,24,56.08,24,,,,,56.17,16,56.18,32,56.19,12,56.2,24,56.21,2,56.22,26,56.23,9,56.24,18,56.32,11,56.43,12
2020-10-29 09:31:57,56.16,56.17,1,56.15,24,56.17,16,56.17,56.15,56.15,24,56.14,35,56.13,36,56.12,34,56.11,19,56.1,41,56.09,24,56.08,24,,,,,56.17,16,56.18,32,56.19,12,56.2,24,56.21,2,56.22,26,56.23,9,56.24,18,56.32,11,56.43,12
2020-10-29 09:31:58,56.16,56.17,1,56.15,23,56.17,18,56.17,56.15,56.15,23,56.14,35,56.13,36,56.12,34,56.11,19,56.1,41,56.09,24,56.08,24,,,,,56.17,18,56.18,32,56.19,12,56.2,24,56.21,2,56.22,26,56.23,9,56.24,18,56.32,11,56.43,12
2020-10-29 09:31:59,56.16,56.16,1,56.15,20,56.17,18,56.17,56.15,56.15,20,56.14,35,56.13,36,56.12,34,56.11,19,56.1,41,56.09,24,56.08,24,,,,,56.17,18,56.18,32,56.19,12,56.2,24,56.21,2,56.22,26,56.23,9,56.24,18,56.32,11,56.43,12
2020-10-29 09:32:00,56.165,56.17,1,56.16,6,56.17,18,56.17,56.16,56.16,6,56.15,20,56.14,35,56.13,36,56.12,34,56.11,19,56.1,41,56.09,24,56.08,24,,,56.17,18,56.18,32,56.19,12,56.2,24,56.21,2,56.22,26,56.23,9,56.24,18,56.32,11,56.43,12
2020-10-29 09:32:01,56.165,56.17,1,56.16,5,56.17,4,56.17,56.16,56.16,5,56.15,20,56.14,35,56.13,36,56.12,34,56.11,19,56.1,41,56.09,24,56.08,24,,,56.17,4,56.18,22,56.19,12,56.2,24,56.21,2,56.22,26,56.23,9,56.24,18,56.32,11,56.43,12
2020-10-29 09:32:02,56.165,56.17,1,56.16,13,56.17,6,56.17,56.16,56.16,13,56.15,20,56.14,35,56.13,36,56.12,34,56.11,19,56.1,41,56.09,24,56.08,24,,,56.17,6,56.18,22,56.19,12,56.2,24,56.21,2,56.22,26,56.23,9,56.24,18,56.32,11,56.43,12
2020-10-29 09:32:03,56.165,56.17,1,56.16,13,56.17,6,56.17,56.16,56.16,13,56.15,20,56.14,35,56.13,36,56.12,34,56.11,19,56.1,41,56.09,24,56.08,24,,,56.17,6,56.18,22,56.19,12,56.2,24,56.21,2,56.22,26,56.23,9,56.24,18,56.32,11,56.43,12
2020-10-29 09:32:04,56.165,56.17,1,56.16,14,56.17,5,56.17,56.16,56.16,14,56.15,20,56.14,35,56.13,36,56.12,34,56.11,19,56.1,41,56.09,24,56.08,24,,,56.17,5,56.18,22,56.19,12,56.2,24,56.21,2,56.22,26,56.23,9,56.24,18,56.32,11,56.43,12
2020-10-29 09:32:05,56.155,56.16,1,56.15,23,56.16,47,56.16,56.15,56.15,23,56.14,35,56.13,36,56.12,34,56.11,19,56.1,41,56.09,24,56.08,24,,,,,56.16,47,56.17,54,56.18,32,56.19,12,56.2,24,56.21,2,56.22,26,56.23,9,56.24,18,56.32,11
2020-10-29 09:32:06,56.155,56.16,1,56.15,23,56.16,47,56.16,56.15,56.15,23,56.14,35,56.13,36,56.12,34,56.11,19,56.1,41,56.09,24,56.08,24,,,,,56.16,47,56.17,54,56.18,32,56.19,12,56.2,24,56.21,2,56.22,26,56.23,9,56.24,18,56.32,11
2020-10-29 09:32:07,56.155,56.16,1,56.15,26,56.16,47,56.16,56.15,56.15,26,56.14,35,56.13,36,56.12,34,56.11,19,56.1,41,56.09,24,56.08,24,,,,,56.16,47,56.17,54,56.18,32,56.19,12,56.2,24,56.21,2,56.22,26,56.23,9,56.24,18,56.32,11
2020-10-29 09:32:08,56.155,56.17,1,56.15,16,56.16,3,56.16,56.15,56.15,16,56.14,28,56.13,50,56.12,34,56.11,19,56.1,41,56.09,24,56.08,24,,,,,56.16,3,56.17,45,56.18,32,56.19,12,56.2,24,56.21,2,56.22,26,56.23,9,56.24,18,56.32,11
2020-10-29 09:32:09,56.155,56.15,4,56.15,18,56.16,19,56.16,56.15,56.15,18,56.14,28,56.13,50,56.12,34,56.11,19,56.1,41,56.09,24,56.08,24,,,,,56.16,19,56.17,45,56.18,32,56.19,12,56.2,24,56.21,2,56.22,26,56.23,9,56.24,18,56.32,11
2020-10-29 09:32:10,56.155,56.15,4,56.15,18,56.16,19,56.16,56.15,56.15,18,56.14,28,56.13,50,56.12,34,56.11,19,56.1,41,56.09,24,56.08,24,,,,,56.16,19,56.17,45,56.18,32,56.19,12,56.2,24,56.21,2,56.22,26,56.23,9,56.24,18,56.32,11
2020-10-29 09:32:11,56.115,56.11,1,56.11,14,56.12,34,56.12,56.11,56.11,14,56.1,41,56.09,24,56.08,24,,,,,,,,,,,,,56.12,34,56.13,19,56.14,69,56.15,98,56.16,24,56.17,45,56.18,32,56.19,12,56.2,24,56.21,2
2020-10-29 09:32:12,56.105,56.11,1,56.1,49,56.11,1,56.11,56.1,56.1,49,56.09,24,56.08,24,,,,,,,,,,,,,,,56.11,1,56.12,24,56.13,19,56.14,69,56.15,98,56.16,24,56.17,45,56.18,32,56.19,12,56.2,24
2020-10-29 09:32:13,56.115,56.11,1,56.11,15,56.12,18,56.12,56.11,56.11,15,56.1,47,56.09,24,56.08,24,,,,,,,,,,,,,56.12,18,56.13,19,56.14,69,56.15,98,56.16,24,56.17,45,56.18,32,56.19,12,56.2,24,56.21,2
2020-10-29 09:32:14,56.11,56.11,1,56.1,47,56.12,18,56.12,56.1,56.1,47,56.09,24,56.08,24,,,,,,,,,,,,,,,56.12,18,56.13,19,56.14,69,56.15,98,56.16,24,56.17,45,56.18,32,56.19,12,56.2,24,56.21,2
2020-10-29 09:32:15,56.11,56.11,1,56.1,47,56.12,24,56.12,56.1,56.1,47,56.09,24,56.08,24,,,,,,,,,,,,,,,56.12,24,56.13,19,56.14,69,56.15,98,56.16,24,56.17,45,56.18,32,56.19,12,56.2,24,56.21,2
2020-10-29 09:32:16,56.11,56.1,1,56.1,47,56.12,24,56.12,56.1,56.1,47,56.09,24,56.08,24,,,,,,,,,,,,,,,56.12,24,56.13,19,56.14,69,56.15,98,56.16,24,56.17,45,56.18,32,56.19,12,56.2,24,56.21,2
2020-10-29 09:32:17,56.11,56.1,1,56.1,47,56.12,24,56.12,56.1,56.1,47,56.09,24,56.08,24,,,,,,,,,,,,,,,56.12,24,56.13,19,56.14,69,56.15,98,56.16,24,56.17,45,56.18,32,56.19,12,56.2,24,56.21,2
2020-10-29 09:32:18,56.085,56.09,4,56.08,28,56.09,9,56.09,56.08,56.08,28,,,,,,,,,,,,,,,,,,,56.09,9,56.1,59,56.11,37,56.12,23,56.13,19,56.14,69,56.15,98,56.16,24,56.17,45,56.18,32
2020-10-29 09:32:19,56.075,56.08,1,56.07,17,56.08,17,56.08,56.07,56.07,17,,,,,,,,,,,,,,,,,,,56.08,17,56.09,22,56.1,59,56.11,37,56.12,23,56.13,19,56.14,69,56.15,98,56.16,24,56.17,45
2020-10-29 09:32:20,56.085,56.08,1,56.08,7,56.09,23,56.09,56.08,56.08,7,56.07,37,,,,,,,,,,,,,,,,,56.09,23,56.1,59,56.11,37,56.12,23,56.13,19,56.14,69,56.15,98,56.16,24,56.17,45,56.18,32
2020-10-29 09:32:21,56.08,56.08,1,56.07,32,56.09,14,56.09,56.07,56.07,32,,,,,,,,,,,,,,,,,,,56.09,14,56.1,59,56.11,37,56.12,23,56.13,19,56.14,69,56.15,98,56.16,24,56.17,45,56.18,32
2020-10-29 09:32:22,56.08,56.08,1,56.07,31,56.09,14,56.09,56.07,56.07,31,,,,,,,,,,,,,,,,,,,56.09,14,56.1,59,56.11,37,56.12,23,56.13,19,56.14,69,56.15,98,56.16,24,56.17,45,56.18,32
2020-10-29 09:32:23,56.08,56.08,1,56.07,33,56.09,14,56.09,56.07,56.07,33,,,,,,,,,,,,,,,,,,,56.09,14,56.1,59,56.11,37,56.12,23,56.13,19,56.14,69,56.15,98,56.16,24,56.17,45,56.18,32
2020-10-29 09:32:24,56.08,56.08,1,56.07,33,56.09,14,56.09,56.07,56.07,33,,,,,,,,,,,,,,,,,,,56.09,14,56.1,59,56.11,37,56.12,23,56.13,19,56.14,69,56.15,98,56.16,24,56.17,45,56.18,32
2020-10-29 09:32:25,56.08,56.08,1,56.07,33,56.09,14,56.09,56.07,56.07,33,,,,,,,,,,,,,,,,,,,56.09,14,56.1,59,56.11,37,56.12,23,56.13,19,56.14,69,56.15,98,56.16,24,56.17,45,56.18,32
2020-10-29 09:32:26,56.08,56.08,1,56.07,34,56.09,14,56.09,56.07,56.07,34,,,,,,,,,,,,,,,,,,,56.09,14,56.1,59,56.11,37,56.12,23,56.13,19,56.14,69,56.15,98,56.16,24,56.17,45,56.18,32
2020-10-29 09:32:27,56.08,56.09,1,56.07,34,56.09,14,56.09,56.07,56.07,34,,,,,,,,,,,,,,,,,,,56.09,14,56.1,59,56.11,37,56.12,23,56.13,19,56.14,69,56.15,98,56.16,24,56.17,45,56.18,32
2020-10-29 09:32:28,56.085,56.09,1,56.08,12,56.09,14,56.09,56.08,56.08,12,56.07,35,,,,,,,,,,,,,,,,,56.09,14,56.1,59,56.11,37,56.12,23,56.13,19,56.14,69,56.15,98,56.16,24,56.17,45,56.18,32
2020-10-29 09:32:29,56.1,56.1,1,56.09,22,56.11,26,56.11,56.09,56.09,22,56.08,18,56.07,35,,,,,,,,,,,,,,,56.11,26,56.12,23,56.13,19,56.14,69,56.15,98,56.16,24,56.17,45,56.18,32,56.19,12,56.2,24
2020-10-29 09:32:30,56.1,56.1,1,56.09,22,56.11,31,56.11,56.09,56.09,22,56.08,18,56.07,35,,,,,,,,,,,,,,,56.11,31,56.12,23,56.13,19,56.14,69,56.15,98,56.16,24,56.17,45,56.18,32,56.19,12,56.2,24
2020-10-29 09:32:31,56.1,56.1,1,56.09,22,56.11,31,56.11,56.09,56.09,22,56.08,18,56.07,35,,,,,,,,,,,,,,,56.11,31,56.12,23,56.13,19,56.14,69,56.15,98,56.16,24,56.17,45,56.18,32,56.19,12,56.2,24
2020-10-29 09:32:32,56.1,56.1,1,56.09,22,56.11,31,56.11,56.09,56.09,22,56.08,18,56.07,35,,,,,,,,,,,,,,,56.11,31,56.12,23,56.13,19,56.14,69,56.15,98,56.16,24,56.17,45,56.18,32,56.19,12,56.2,24
2020-10-29 09:32:33,56.1,56.09,1,56.09,27,56.11,23,56.11,56.09,56.09,27,56.08,18,56.07,35,,,,,,,,,,,,,,,56.11,23,56.12,23,56.13,19,56.14,69,56.15,98,56.16,24,56.17,45,56.18,32,56.19,12,56.2,24
2020-10-29 09:32:34,56.1,56.11,4,56.09,27,56.11,25,56.11,56.09,56.09,27,56.08,18,56.07,35,,,,,,,,,,,,,,,56.11,25,56.12,23,56.13,19,56.14,69,56.15,98,56.16,24,56.17,45,56.18,32,56.19,12,56.2,24
2020-10-29 09:32:35,56.1,56.1,1,56.09,29,56.11,22,56.11,56.09,56.09,29,56.08,18,56.07,35,,,,,,,,,,,,,,,56.11,22,56.12,23,56.13,19,56.14,69,56.15,98,56.16,24,56.17,45,56.18,32,56.19,12,56.2,24
2020-10-29 09:32:36,56.115,56.12,1,56.11,26,56.12,15,56.12,56.11,56.11,26,56.1,17,56.09,29,56.08,18,56.07,35,,,,,,,,,,,56.12,15,56.13,19,56.14,69,56.15,98,56.16,24,56.17,45,56.18,32,56.19,12,56.2,24,56.21,2
2020-10-29 09:32:37,56.115,56.12,2,56.11,17,56.12,19,56.12,56.11,56.11,17,56.1,20,56.09,29,56.08,18,56.07,35,,,,,,,,,,,56.12,19,56.13,19,56.14,69,56.15,98,56.16,24,56.17,45,56.18,32,56.19,12,56.2,24,56.21,2
2020-10-29 09:32:38,56.115,56.12,1,56.11,17,56.12,19,56.12,56.11,56.11,17,56.1,20,56.09,29,56.08,18,56.07,35,,,,,,,,,,,56.12,19,56.13,19,56.14,69,56.15,98,56.16,24,56.17,45,56.18,32,56.19,12,56.2,24,56.21,2
2020-10-29 09:32:39,56.125,56.12,1,56.12,13,56.13,17,56.13,56.12,56.12,13,56.11,26,56.1,20,56.09,29,56.08,18,56.07,35,,,,,,,,,56.13,17,56.14,69,56.15,98,56.16,24,56.17,45,56.18,32,56.19,12,56.2,24,56.21,2,56.22,26
2020-10-29 09:32:40,56.115,56.11,1,56.11,29,56.12,20,56.12,56.11,56.11,29,56.1,20,56.09,29,56.08,18,56.07,35,,,,,,,,,,,56.12,20,56.13,42,56.14,69,56.15,98,56.16,24,56.17,45,56.18,32,56.19,12,56.2,24,56.21,2
2020-10-29 09:32:41,56.105,56.1,1,56.1,15,56.11,34,56.11,56.1,56.1,15,56.09,29,56.08,18,56.07,35,,,,,,,,,,,,,56.11,34,56.12,68,56.13,42,56.14,69,56.15,98,56.16,24,56.17,45,56.18,32,56.19,12,56.2,24
2020-10-29 09:32:42,56.075,56.07,1,56.07,41,56.08,16,56.08,56.07,56.07,41,,,,,,,,,,,,,,,,,,,56.08,16,56.09,33,56.1,65,56.11,40,56.12,68,56.13,42,56.14,69,56.15,98,56.16,24,56.17,45
2020-10-29 09:32:43,56.075,56.08,2,56.07,42,56.08,16,56.08,56.07,56.07,42,,,,,,,,,,,,,,,,,,,56.08,16,56.09,33,56.1,65,56.11,40,56.12,68,56.13,42,56.14,69,56.15,98,56.16,24,56.17,45
2020-10-29 09:32:44,56.095,56.1,1,56.09,15,56.1,22,56.1,56.09,56.09,15,56.08,25,56.07,56,,,,,,,,,,,,,,,56.1,22,56.11,40,56.12,68,56.13,42,56.14,69,56.15,98,56.16,24,56.17,45,56.18,32,56.19,12
2020-10-29 09:32:45,56.095,56.09,1,56.09,10,56.1,22,56.1,56.09,56.09,10,56.08,25,56.07,56,,,,,,,,,,,,,,,56.1,22,56.11,40,56.12,68,56.13,42,56.14,69,56.15,98,56.16,24,56.17,45,56.18,32,56.19,12
2020-10-29 09:32:47,56.105,56.11,1,56.1,18,56.11,11,56.11,56.1,56.1,18,56.09,15,56.08,25,56.07,56,,,,,,,,,,,,,56.11,11,56.12,34,56.13,41,56.14,69,56.15,98,56.16,24,56.17,45,56.18,32,56.19,12,56.2,24
2020-10-29 09:32:47,56.105,56.1,5,56.1,13,56.11,15,56.11,56.1,56.1,13,56.09,15,56.08,25,56.07,56,,,,,,,,,,,,,56.11,15,56.12,34,56.13,41,56.14,69,56.15,98,56.16,24,56.17,45,56.18,32,56.19,12,56.2,24
2020-10-29 09:32:48,56.125,56.12,1,56.12,10,56.13,29,56.13,56.12,56.12,10,56.11,27,56.1,20,56.09,15,56.08,25,56.07,56,,,,,,,,,56.13,29,56.14,69,56.15,98,56.16,24,56.17,45,56.18,32,56.19,12,56.2,24,56.21,2,56.22,26
2020-10-29 09:32:49,56.14,56.14,3,56.13,11,56.15,40,56.15,56.13,56.13,11,56.12,21,56.11,27,56.1,20,56.09,15,56.08,25,56.07,56,,,,,,,56.15,40,56.16,24,56.17,45,56.18,32,56.19,12,56.2,24,56.21,2,56.22,26,56.23,9,56.24,18
2020-10-29 09:32:50,56.14,56.14,3,56.13,13,56.15,33,56.15,56.13,56.13,13,56.12,21,56.11,27,56.1,20,56.09,15,56.08,25,56.07,56,,,,,,,56.15,33,56.16,24,56.17,45,56.18,32,56.19,12,56.2,24,56.21,2,56.22,26,56.23,9,56.24,18
2020-10-29 09:32:52,56.14,56.14,3,56.13,13,56.15,38,56.15,56.13,56.13,13,56.12,21,56.11,27,56.1,20,56.09,15,56.08,25,56.07,56,,,,,,,56.15,38,56.16,24,56.17,45,56.18,32,56.19,12,56.2,24,56.21,2,56.22,26,56.23,9,56.24,18
2020-10-29 09:32:52,56.145,56.14,3,56.14,6,56.15,32,56.15,56.14,56.14,6,56.13,13,56.12,21,56.11,27,56.1,20,56.09,15,56.08,25,56.07,56,,,,,56.15,32,56.16,24,56.17,45,56.18,32,56.19,12,56.2,24,56.21,2,56.22,26,56.23,9,56.24,18
2020-10-29 09:32:54,56.145,56.15,1,56.14,11,56.15,38,56.15,56.14,56.14,11,56.13,13,56.12,21,56.11,27,56.1,20,56.09,15,56.08,25,56.07,56,,,,,56.15,38,56.16,24,56.17,45,56.18,32,56.19,12,56.2,24,56.21,2,56.22,26,56.23,9,56.24,18
2020-10-29 09:32:54,56.145,56.15,1,56.14,11,56.15,37,56.15,56.14,56.14,11,56.13,13,56.12,21,56.11,27,56.1,20,56.09,15,56.08,25,56.07,56,,,,,56.15,37,56.16,24,56.17,45,56.18,32,56.19,12,56.2,24,56.21,2,56.22,26,56.23,9,56.24,18
2020-10-29 09:32:55,56.165,56.16,8,56.16,16,56.17,22,56.17,56.16,56.16,16,56.15,13,56.14,11,56.13,13,56.12,21,56.11,27,56.1,20,56.09,15,56.08,25,56.07,56,56.17,22,56.18,32,56.19,12,56.2,24,56.21,2,56.22,26,56.23,9,56.24,18,56.32,11,56.43,12
2020-10-29 09:32:57,56.165,56.17,1,56.16,16,56.17,23,56.17,56.16,56.16,16,56.15,13,56.14,11,56.13,13,56.12,21,56.11,27,56.1,20,56.09,15,56.08,25,56.07,56,56.17,23,56.18,32,56.19,12,56.2,24,56.21,2,56.22,26,56.23,9,56.24,18,56.32,11,56.43,12
2020-10-29 09:32:57,56.165,56.17,1,56.16,16,56.17,23,56.17,56.16,56.16,16,56.15,13,56.14,11,56.13,13,56.12,21,56.11,27,56.1,20,56.09,15,56.08,25,56.07,56,56.17,23,56.18,32,56.19,12,56.2,24,56.21,2,56.22,26,56.23,9,56.24,18,56.32,11,56.43,12
2020-10-29 09:32:59,56.165,56.17,1,56.16,19,56.17,23,56.17,56.16,56.16,19,56.15,13,56.14,11,56.13,13,56.12,21,56.11,27,56.1,20,56.09,15,56.08,25,56.07,56,56.17,23,56.18,32,56.19,12,56.2,24,56.21,2,56.22,26,56.23,9,56.24,18,56.32,11,56.43,12
2020-10-29 09:33:00,56.165,56.17,1,56.16,19,56.17,24,56.17,56.16,56.16,19,56.15,13,56.14,11,56.13,13,56.12,21,56.11,27,56.1,20,56.09,15,56.08,25,56.07,56,56.17,24,56.18,32,56.19,12,56.2,24,56.21,2,56.22,26,56.23,9,56.24,18,56.32,11,56.43,12
2020-10-29 09:33:01,56.135,56.14,1,56.13,29,56.14,3,56.14,56.13,56.13,29,56.12,21,56.11,27,56.1,20,56.09,15,56.08,25,56.07,56,,,,,,,56.14,3,56.15,32,56.16,63,56.17,60,56.18,32,56.19,12,56.2,24,56.21,2,56.22,26,56.23,9
2020-10-29 09:33:02,56.135,56.14,1,56.13,17,56.14,4,56.14,56.13,56.13,17,56.12,21,56.11,27,56.1,20,56.09,15,56.08,25,56.07,56,,,,,,,56.14,4,56.15,32,56.16,63,56.17,60,56.18,32,56.19,12,56.2,24,56.21,2,56.22,26,56.23,9
2020-10-29 09:33:03,56.135,56.14,1,56.13,8,56.14,11,56.14,56.13,56.13,8,56.12,27,56.11,27,56.1,20,56.09,15,56.08,25,56.07,56,,,,,,,56.14,11,56.15,32,56.16,63,56.17,60,56.18,32,56.19,12,56.2,24,56.21,2,56.22,26,56.23,9
2020-10-29 09:33:04,56.15,56.15,2,56.14,18,56.16,51,56.16,56.14,56.14,18,56.13,21,56.12,27,56.11,27,56.1,20,56.09,15,56.08,25,56.07,56,,,,,56.16,51,56.17,60,56.18,32,56.19,12,56.2,24,56.21,2,56.22,26,56.23,9,56.24,18,56.32,11
2020-10-29 09:33:05,56.15,56.15,5,56.14,27,56.16,26,56.16,56.14,56.14,27,56.13,21,56.12,27,56.11,27,56.1,20,56.09,15,56.08,25,56.07,56,,,,,56.16,26,56.17,60,56.18,32,56.19,12,56.2,24,56.21,2,56.22,26,56.23,9,56.24,18,56.32,11
2020-10-29 09:33:06,56.15,56.15,5,56.14,27,56.16,26,56.16,56.14,56.14,27,56.13,21,56.12,27,56.11,27,56.1,20,56.09,15,56.08,25,56.07,56,,,,,56.16,26,56.17,60,56.18,32,56.19,12,56.2,24,56.21,2,56.22,26,56.23,9,56.24,18,56.32,11
2020-10-29 09:33:07,56.15,56.15,5,56.14,26,56.16,26,56.16,56.14,56.14,26,56.13,21,56.12,27,56.11,27,56.1,20,56.09,15,56.08,25,56.07,56,,,,,56.16,26,56.17,60,56.18,32,56.19,12,56.2,24,56.21,2,56.22,26,56.23,9,56.24,18,56.32,11
2020-10-29 09:33:08,56.15,56.15,5,56.14,26,56.16,26,56.16,56.14,56.14,26,56.13,21,56.12,27,56.11,27,56.1,20,56.09,15,56.08,25,56.07,56,,,,,56.16,26,56.17,60,56.18,32,56.19,12,56.2,24,56.21,2,56.22,26,56.23,9,56.24,18,56.32,11
2020-10-29 09:33:09,56.15,56.15,5,56.14,26,56.16,26,56.16,56.14,56.14,26,56.13,21,56.12,27,56.11,27,56.1,20,56.09,15,56.08,25,56.07,56,,,,,56.16,26,56.17,60,56.18,32,56.19,12,56.2,24,56.21,2,56.22,26,56.23,9,56.24,18,56.32,11
2020-10-29 09:33:10,56.15,56.15,1,56.14,25,56.16,26,56.16,56.14,56.14,25,56.13,21,56.12,27,56.11,27,56.1,20,56.09,15,56.08,25,56.07,56,,,,,56.16,26,56.17,60,56.18,32,56.19,12,56.2,24,56.21,2,56.22,26,56.23,9,56.24,18,56.32,11
2020-10-29 09:33:11,56.15,56.15,1,56.14,25,56.16,26,56.16,56.14,56.14,25,56.13,21,56.12,27,56.11,27,56.1,20,56.09,15,56.08,25,56.07,56,,,,,56.16,26,56.17,60,56.18,32,56.19,12,56.2,24,56.21,2,56.22,26,56.23,9,56.24,18,56.32,11
2020-10-29 09:33:12,56.15,56.15,1,56.14,25,56.16,24,56.16,56.14,56.14,25,56.13,21,56.12,27,56.11,27,56.1,20,56.09,15,56.08,25,56.07,56,,,,,56.16,24,56.17,60,56.18,32,56.19,12,56.2,24,56.21,2,56.22,26,56.23,9,56.24,18,56.32,11
2020-10-29 09:33:13,56.15,56.15,1,56.14,24,56.16,21,56.16,56.14,56.14,24,56.13,21,56.12,27,56.11,27,56.1,20,56.09,15,56.08,25,56.07,56,,,,,56.16,21,56.17,60,56.18,32,56.19,12,56.2,24,56.21,2,56.22,26,56.23,9,56.24,18,56.32,11
2020-10-29 09:33:14,56.155,56.15,1,56.15,38,56.16,22,56.16,56.15,56.15,38,56.14,26,56.13,21,56.12,27,56.11,27,56.1,20,56.09,15,56.08,25,56.07,56,,,56.16,22,56.17,60,56.18,32,56.19,12,56.2,24,56.21,2,56.22,26,56.23,9,56.24,18,56.32,11
2020-10-29 09:33:15,56.145,56.15,1,56.14,27,56.15,30,56.15,56.14,56.14,27,56.13,21,56.12,27,56.11,27,56.1,20,56.09,15,56.08,25,56.07,56,,,,,56.15,30,56.16,62,56.17,60,56.18,32,56.19,12,56.2,24,56.21,2,56.22,26,56.23,9,56.24,18
2020-10-29 09:33:16,56.135,56.15,1,56.13,22,56.14,16,56.14,56.13,56.13,22,56.12,27,56.11,27,56.1,20,56.09,15,56.08,25,56.07,56,,,,,,,56.14,16,56.15,57,56.16,62,56.17,60,56.18,32,56.19,12,56.2,24,56.21,2,56.22,26,56.23,9
2020-10-29 09:33:17,56.14,56.14,1,56.13,27,56.15,28,56.15,56.13,56.13,27,56.12,27,56.11,27,56.1,20,56.09,15,56.08,25,56.07,56,,,,,,,56.15,28,56.16,62,56.17,60,56.18,32,56.19,12,56.2,24,56.21,2,56.22,26,56.23,9,56.24,18
2020-10-29 09:33:18,56.14,56.14,7,56.13,33,56.15,25,56.15,56.13,56.13,33,56.12,27,56.11,27,56.1,20,56.09,15,56.08,25,56.07,56,,,,,,,56.15,25,56.16,62,56.17,60,56.18,32,56.19,12,56.2,24,56.21,2,56.22,26,56.23,9,56.24,18
2020-10-29 09:33:18,56.145,56.15,1,56.14,15,56.15,25,56.15,56.14,56.14,15,56.13,33,56.12,27,56.11,27,56.1,20,56.09,15,56.08,25,56.07,56,,,,,56.15,25,56.16,62,56.17,60,56.18,32,56.19,12,56.2,24,56.21,2,56.22,26,56.23,9,56.24,18
2020-10-29 09:33:20,56.145,56.15,1,56.14,15,56.15,26,56.15,56.14,56.14,15,56.13,33,56.12,27,56.11,27,56.1,20,56.09,15,56.08,25,56.07,56,,,,,56.15,26,56.16,62,56.17,60,56.18,32,56.19,12,56.2,24,56.21,2,56.22,26,56.23,9,56.24,18
2020-10-29 09:33:21,56.15,56.15,1,56.14,23,56.16,37,56.16,56.14,56.14,23,56.13,33,56.12,27,56.11,27,56.1,20,56.09,15,56.08,25,56.07,56,,,,,56.16,37,56.17,60,56.18,32,56.19,12,56.2,24,56.21,2,56.22,26,56.23,9,56.24,18,56.32,11
2020-10-29 09:33:22,56.15,56.16,1,56.14,35,56.16,36,56.16,56.14,56.14,35,56.13,33,56.12,27,56.11,27,56.1,20,56.09,15,56.08,25,56.07,56,,,,,56.16,36,56.17,60,56.18,32,56.19,12,56.2,24,56.21,2,56.22,26,56.23,9,56.24,18,56.32,11
2020-10-29 09:33:23,56.15,56.15,1,56.14,31,56.16,36,56.16,56.14,56.14,31,56.13,33,56.12,27,56.11,27,56.1,20,56.09,15,56.08,25,56.07,56,,,,,56.16,36,56.17,60,56.18,32,56.19,12,56.2,24,56.21,2,56.22,26,56.23,9,56.24,18,56.32,11
2020-10-29 09:33:24,56.15,56.15,3,56.14,31,56.16,36,56.16,56.14,56.14,31,56.13,33,56.12,27,56.11,27,56.1,20,56.09,15,56.08,25,56.07,56,,,,,56.16,36,56.17,60,56.18,32,56.19,12,56.2,24,56.21,2,56.22,26,56.23,9,56.24,18,56.32,11
2020-10-29 09:33:25,56.15,56.15,1,56.14,31,56.16,37,56.16,56.14,56.14,31,56.13,33,56.12,27,56.11,27,56.1,20,56.09,15,56.08,25,56.07,56,,,,,56.16,37,56.17,60,56.18,32,56.19,12,56.2,24,56.21,2,56.22,26,56.23,9,56.24,18,56.32,11
2020-10-29 09:33:26,56.15,56.16,1,56.14,31,56.16,35,56.16,56.14,56.14,31,56.13,33,56.12,27,56.11,27,56.1,20,56.09,15,56.08,25,56.07,56,,,,,56.16,35,56.17,60,56.18,32,56.19,12,56.2,24,56.21,2,56.22,26,56.23,9,56.24,18,56.32,11
2020-10-29 09:33:27,56.15,56.16,1,56.14,40,56.16,21,56.16,56.14,56.14,40,56.13,33,56.12,27,56.11,27,56.1,20,56.09,15,56.08,25,56.07,56,,,,,56.16,21,56.17,60,56.18,32,56.19,12,56.2,24,56.21,2,56.22,26,56.23,9,56.24,18,56.32,11
2020-10-29 09:33:28,56.155,56.15,1,56.15,32,56.16,16,56.16,56.15,56.15,32,56.14,40,56.13,33,56.12,27,56.11,27,56.1,20,56.09,15,56.08,25,56.07,56,,,56.16,16,56.17,60,56.18,32,56.19,12,56.2,24,56.21,2,56.22,26,56.23,9,56.24,18,56.32,11
2020-10-29 09:33:29,56.15,56.15,6,56.14,47,56.16,21,56.16,56.14,56.14,47,56.13,33,56.12,27,56.11,27,56.1,20,56.09,15,56.08,25,56.07,56,,,,,56.16,21,56.17,60,56.18,32,56.19,12,56.2,24,56.21,2,56.22,26,56.23,9,56.24,18,56.32,11
2020-10-29 09:33:30,56.15,56.15,1,56.14,48,56.16,21,56.16,56.14,56.14,48,56.13,33,56.12,27,56.11,27,56.1,20,56.09,15,56.08,25,56.07,56,,,,,56.16,21,56.17,60,56.18,32,56.19,12,56.2,24,56.21,2,56.22,26,56.23,9,56.24,18,56.32,11
2020-10-29 09:33:31,56.15,56.15,1,56.14,48,56.16,20,56.16,56.14,56.14,48,56.13,33,56.12,27,56.11,27,56.1,20,56.09,15,56.08,25,56.07,56,,,,,56.16,20,56.17,60,56.18,32,56.19,12,56.2,24,56.21,2,56.22,26,56.23,9,56.24,18,56.32,11
2020-10-29 09:33:32,56.15,56.15,1,56.14,48,56.16,20,56.16,56.14,56.14,48,56.13,33,56.12,27,56.11,27,56.1,20,56.09,15,56.08,25,56.07,56,,,,,56.16,20,56.17,60,56.18,32,56.19,12,56.2,24,56.21,2,56.22,26,56.23,9,56.24,18,56.32,11
2020-10-29 09:33:33,56.15,56.15,1,56.14,50,56.16,20,56.16,56.14,56.14,50,56.13,33,56.12,27,56.11,27,56.1,20,56.09,15,56.08,25,56.07,56,,,,,56.16,20,56.17,60,56.18,32,56.19,12,56.2,24,56.21,2,56.22,26,56.23,9,56.24,18,56.32,11
2020-10-29 09:33:34,56.125,56.14,1,56.12,22,56.13,27,56.13,56.12,56.12,22,56.11,27,56.1,20,56.09,15,56.08,25,56.07,56,,,,,,,,,56.13,27,56.14,68,56.15,94,56.16,29,56.17,60,56.18,32,56.19,12,56.2,24,56.21,2,56.22,26
2020-10-29 09:33:35,56.135,56.14,1,56.13,16,56.14,44,56.14,56.13,56.13,16,56.12,13,56.11,24,56.1,20,56.09,15,56.08,25,56.07,56,,,,,,,56.14,44,56.15,94,56.16,29,56.17,60,56.18,32,56.19,12,56.2,24,56.21,2,56.22,26,56.23,9
2020-10-29 09:33:36,56.125,56.13,3,56.12,20,56.13,45,56.13,56.12,56.12,20,56.11,24,56.1,20,56.09,15,56.08,25,56.07,56,,,,,,,,,56.13,45,56.14,76,56.15,94,56.16,29,56.17,60,56.18,32,56.19,12,56.2,24,56.21,2,56.22,26
2020-10-29 09:33:37,56.115,56.12,1,56.11,28,56.12,21,56.12,56.11,56.11,28,56.1,20,56.09,15,56.08,25,56.07,56,,,,,,,,,,,56.12,21,56.13,60,56.14,59,56.15,94,56.16,29,56.17,60,56.18,32,56.19,12,56.2,24,56.21,2
2020-10-29 09:33:38,56.12,56.12,1,56.11,26,56.13,38,56.13,56.11,56.11,26,56.1,20,56.09,15,56.08,25,56.07,56,,,,,,,,,,,56.13,38,56.14,59,56.15,94,56.16,29,56.17,60,56.18,32,56.19,12,56.2,24,56.21,2,56.22,26
2020-10-29 09:33:39,56.12,56.12,1,56.11,17,56.13,38,56.13,56.11,56.11,17,56.1,20,56.09,15,56.08,25,56.07,56,,,,,,,,,,,56.13,38,56.14,59,56.15,94,56.16,29,56.17,60,56.18,32,56.19,12,56.2,24,56.21,2,56.22,26
2020-10-29 09:33:40,56.12,56.12,2,56.11,17,56.13,41,56.13,56.11,56.11,17,56.1,20,56.09,15,56.08,25,56.07,56,,,,,,,,,,,56.13,41,56.14,59,56.15,94,56.16,29,56.17,60,56.18,32,56.19,12,56.2,24,56.21,2,56.22,26
2020-10-29 09:33:41,56.12,56.12,1,56.11,17,56.13,39,56.13,56.11,56.11,17,56.1,20,56.09,15,56.08,25,56.07,56,,,,,,,,,,,56.13,39,56.14,59,56.15,94,56.16,29,56.17,60,56.18,32,56.19,12,56.2,24,56.21,2,56.22,26
2020-10-29 09:33:42,56.12,56.12,1,56.11,17,56.13,38,56.13,56.11,56.11,17,56.1,20,56.09,15,56.08,25,56.07,56,,,,,,,,,,,56.13,38,56.14,59,56.15,94,56.16,29,56.17,60,56.18,32,56.19,12,56.2,24,56.21,2,56.22,26
2020-10-29 09:33:43,56.12,56.12,1,56.11,17,56.13,38,56.13,56.11,56.11,17,56.1,20,56.09,15,56.08,25,56.07,56,,,,,,,,,,,56.13,38,56.14,59,56.15,94,56.16,29,56.17,60,56.18,32,56.19,12,56.2,24,56.21,2,56.22,26
2020-10-29 09:33:44,56.125,56.13,1,56.12,9,56.13,37,56.13,56.12,56.12,9,56.11,17,56.1,20,56.09,15,56.08,25,56.07,56,,,,,,,,,56.13,37,56.14,59,56.15,94,56.16,29,56.17,60,56.18,32,56.19,12,56.2,24,56.21,2,56.22,26
2020-10-29 09:33:45,56.135,56.14,1,56.13,25,56.14,54,56.14,56.13,56.13,25,56.12,22,56.11,17,56.1,20,56.09,15,56.08,25,56.07,56,,,,,,,56.14,54,56.15,94,56.16,29,56.17,60,56.18,32,56.19,12,56.2,24,56.21,2,56.22,26,56.23,9
2020-10-29 09:33:46,56.135,56.14,1,56.13,24,56.14,14,56.14,56.13,56.13,24,56.12,22,56.11,17,56.1,20,56.09,15,56.08,25,56.07,56,,,,,,,56.14,14,56.15,94,56.16,29,56.17,60,56.18,32,56.19,12,56.2,24,56.21,2,56.22,26,56.23,9
2020-10-29 09:33:48,56.135,56.14,1,56.13,23,56.14,3,56.14,56.13,56.13,23,56.12,22,56.11,17,56.1,20,56.09,15,56.08,25,56.07,56,,,,,,,56.14,3,56.15,54,56.16,29,56.17,60,56.18,32,56.19,12,56.2,24,56.21,2,56.22,26,56.23,9
2020-10-29 09:33:48,56.135,56.13,7,56.13,23,56.14,24,56.14,56.13,56.13,23,56.12,22,56.11,17,56.1,20,56.09,15,56.08,25,56.07,56,,,,,,,56.14,24,56.15,54,56.16,29,56.17,60,56.18,32,56.19,12,56.2,24,56.21,2,56.22,26,56.23,9
2020-10-29 09:33:49,56.145,56.15,1,56.14,1,56.15,28,56.15,56.14,56.14,1,56.13,21,56.12,22,56.11,17,56.1,20,56.09,15,56.08,25,56.07,56,,,,,56.15,28,56.16,29,56.17,60,56.18,32,56.19,12,56.2,24,56.21,2,56.22,26,56.23,9,56.24,18
2020-10-29 09:33:50,56.145,56.14,1,56.14,3,56.15,29,56.15,56.14,56.14,3,56.13,25,56.12,22,56.11,17,56.1,20,56.09,15,56.08,25,56.07,56,,,,,56.15,29,56.16,29,56.17,60,56.18,32,56.19,12,56.2,24,56.21,2,56.22,26,56.23,9,56.24,18
2020-10-29 09:33:51,56.14,56.14,2,56.13,23,56.15,28,56.15,56.13,56.13,23,56.12,22,56.11,17,56.1,20,56.09,15,56.08,25,56.07,56,,,,,,,56.15,28,56.16,29,56.17,60,56.18,32,56.19,12,56.2,24,56.21,2,56.22,26,56.23,9,56.24,18
2020-10-29 09:33:52,56.14,56.14,2,56.13,23,56.15,28,56.15,56.13,56.13,23,56.12,22,56.11,17,56.1,20,56.09,15,56.08,25,56.07,56,,,,,,,56.15,28,56.16,29,56.17,60,56.18,32,56.19,12,56.2,24,56.21,2,56.22,26,56.23,9,56.24,18
2020-10-29 09:33:53,56.155,56.15,5,56.15,11,56.16,36,56.16,56.15,56.15,11,56.14,39,56.13,44,56.12,22,56.11,17,56.1,20,56.09,15,56.08,25,56.07,56,,,56.16,36,56.17,60,56.18,32,56.19,12,56.2,24,56.21,2,56.22,26,56.23,9,56.24,18,56.32,11
2020-10-29 09:33:54,56.155,56.15,5,56.15,8,56.16,29,56.16,56.15,56.15,8,56.14,39,56.13,44,56.12,22,56.11,17,56.1,20,56.09,15,56.08,25,56.07,56,,,56.16,29,56.17,60,56.18,32,56.19,12,56.2,24,56.21,2,56.22,26,56.23,9,56.24,18,56.32,11
2020-10-29 09:33:55,56.18,56.17,1,56.17,7,56.19,17,56.19,56.17,56.17,7,56.16,7,56.15,25,56.14,39,56.13,44,56.12,22,56.11,17,56.1,20,56.09,15,56.08,25,56.19,17,56.2,32,56.21,2,56.22,26,56.23,9,56.24,18,56.32,11,56.43,12,,,,
2020-10-29 09:33:56,56.18,56.18,1,56.17,7,56.19,17,56.19,56.17,56.17,7,56.16,7,56.15,25,56.14,39,56.13,44,56.12,22,56.11,17,56.1,20,56.09,15,56.08,25,56.19,17,56.2,32,56.21,2,56.22,26,56.23,9,56.24,18,56.32,11,56.43,12,,,,
2020-10-29 09:33:57,56.18,56.18,1,56.17,7,56.19,22,56.19,56.17,56.17,7,56.16,7,56.15,25,56.14,39,56.13,44,56.12,22,56.11,17,56.1,20,56.09,15,56.08,25,56.19,22,56.2,32,56.21,2,56.22,26,56.23,9,56.24,18,56.32,11,56.43,12,,,,
2020-10-29 09:33:58,56.18,56.19,2,56.17,15,56.19,22,56.19,56.17,56.17,15,56.16,7,56.15,25,56.14,39,56.13,44,56.12,22,56.11,17,56.1,20,56.09,15,56.08,25,56.19,22,56.2,32,56.21,2,56.22,26,56.23,9,56.24,18,56.32,11,56.43,12,,,,
2020-10-29 09:33:59,56.18,56.19,2,56.17,16,56.19,22,56.19,56.17,56.17,16,56.16,7,56.15,25,56.14,39,56.13,44,56.12,22,56.11,17,56.1,20,56.09,15,56.08,25,56.19,22,56.2,32,56.21,2,56.22,26,56.23,9,56.24,18,56.32,11,56.43,12,,,,
2020-10-29 09:34:00,56.19,56.19,1,56.18,8,56.2,42,56.2,56.18,56.18,8,56.17,17,56.16,7,56.15,25,56.14,39,56.13,44,56.12,22,56.11,17,56.1,20,56.09,15,56.2,42,56.21,25,56.22,26,56.23,9,56.24,18,56.32,11,56.43,12,,,,,,
2020-10-29 09:34:01,56.16,56.16,1,56.15,34,56.17,32,56.17,56.15,56.15,34,56.14,39,56.13,44,56.12,22,56.11,17,56.1,20,56.09,15,56.08,25,56.07,56,,,56.17,32,56.18,40,56.19,30,56.2,42,56.21,25,56.22,26,56.23,9,56.24,18,56.32,11,56.43,12
2020-10-29 09:34:02,56.165,56.16,1,56.16,8,56.17,23,56.17,56.16,56.16,8,56.15,56,56.14,39,56.13,44,56.12,22,56.11,17,56.1,20,56.09,15,56.08,25,56.07,56,56.17,23,56.18,40,56.19,30,56.2,42,56.21,25,56.22,26,56.23,9,56.24,18,56.32,11,56.43,12
2020-10-29 09:34:03,56.165,56.17,1,56.16,13,56.17,5,56.17,56.16,56.16,13,56.15,56,56.14,39,56.13,44,56.12,22,56.11,17,56.1,20,56.09,15,56.08,25,56.07,56,56.17,5,56.18,24,56.19,30,56.2,42,56.21,25,56.22,26,56.23,9,56.24,18,56.32,11,56.43,12
2020-10-29 09:34:05,56.175,56.17,1,56.17,53,56.18,29,56.18,56.17,56.17,53,56.16,24,56.15,43,56.14,39,56.13,44,56.12,22,56.11,17,56.1,20,56.09,15,56.08,25,56.18,29,56.19,30,56.2,42,56.21,25,56.22,26,56.23,9,56.24,18,56.32,11,56.43,12,,
2020-10-29 09:34:05,56.165,56.17,1,56.16,20,56.17,2,56.17,56.16,56.16,20,56.15,43,56.14,39,56.13,44,56.12,22,56.11,17,56.1,20,56.09,15,56.08,25,56.07,56,56.17,2,56.18,21,56.19,30,56.2,42,56.21,25,56.22,26,56.23,9,56.24,18,56.32,11,56.43,12
2020-10-29 09:34:06,56.17,56.17,1,56.16,21,56.18,25,56.18,56.16,56.16,21,56.15,43,56.14,39,56.13,44,56.12,22,56.11,17,56.1,20,56.09,15,56.08,25,56.07,56,56.18,25,56.19,30,56.2,42,56.21,25,56.22,26,56.23,9,56.24,18,56.32,11,56.43,12,,
2020-10-29 09:34:07,56.17,56.17,1,56.16,21,56.18,22,56.18,56.16,56.16,21,56.15,43,56.14,39,56.13,44,56.12,22,56.11,17,56.1,20,56.09,15,56.08,25,56.07,56,56.18,22,56.19,30,56.2,42,56.21,25,56.22,26,56.23,9,56.24,18,56.32,11,56.43,12,,
2020-10-29 09:34:08,56.17,56.17,1,56.16,21,56.18,24,56.18,56.16,56.16,21,56.15,43,56.14,39,56.13,44,56.12,22,56.11,17,56.1,20,56.09,15,56.08,25,56.07,56,56.18,24,56.19,30,56.2,42,56.21,25,56.22,26,56.23,9,56.24,18,56.32,11,56.43,12,,
2020-10-29 09:34:09,56.17,56.17,1,56.16,22,56.18,24,56.18,56.16,56.16,22,56.15,43,56.14,39,56.13,44,56.12,22,56.11,17,56.1,20,56.09,15,56.08,25,56.07,56,56.18,24,56.19,30,56.2,42,56.21,25,56.22,26,56.23,9,56.24,18,56.32,11,56.43,12,,
2020-10-29 09:34:10,56.165,56.17,1,56.16,20,56.17,25,56.17,56.16,56.16,20,56.15,43,56.14,39,56.13,44,56.12,22,56.11,17,56.1,20,56.09,15,56.08,25,56.07,56,56.17,25,56.18,24,56.19,30,56.2,42,56.21,25,56.22,26,56.23,9,56.24,18,56.32,11,56.43,12
2020-10-29 09:34:11,56.17,56.17,6,56.16,34,56.18,32,56.18,56.16,56.16,34,56.15,43,56.14,39,56.13,44,56.12,22,56.11,17,56.1,20,56.09,15,56.08,25,56.07,56,56.18,32,56.19,30,56.2,42,56.21,25,56.22,26,56.23,9,56.24,18,56.32,11,56.43,12,,
2020-10-29 09:34:12,56.17,56.17,1,56.16,34,56.18,32,56.18,56.16,56.16,34,56.15,43,56.14,39,56.13,44,56.12,22,56.11,17,56.1,20,56.09,15,56.08,25,56.07,56,56.18,32,56.19,30,56.2,42,56.21,25,56.22,26,56.23,9,56.24,18,56.32,11,56.43,12,,
2020-10-29 09:34:13,56.17,56.17,1,56.16,44,56.18,38,56.18,56.16,56.16,44,56.15,43,56.14,39,56.13,44,56.12,22,56.11,17,56.1,20,56.09,15,56.08,25,56.07,56,56.18,38,56.19,30,56.2,42,56.21,25,56.22,26,56.23,9,56.24,18,56.32,11,56.43,12,,
2020-10-29 09:34:14,56.165,56.16,2,56.16,38,56.17,28,56.17,56.16,56.16,38,56.15,43,56.14,39,56.13,44,56.12,22,56.11,17,56.1,20,56.09,15,56.08,25,56.07,56,56.17,28,56.18,38,56.19,30,56.2,42,56.21,25,56.22,26,56.23,9,56.24,18,56.32,11,56.43,12
2020-10-29 09:34:15,56.165,56.17,1,56.16,42,56.17,6,56.17,56.16,56.16,42,56.15,43,56.14,39,56.13,44,56.12,22,56.11,17,56.1,20,56.09,15,56.08,25,56.07,56,56.17,6,56.18,43,56.19,30,56.2,42,56.21,25,56.22,26,56.23,9,56.24,18,56.32,11,56.43,12
2020-10-29 09:34:16,56.175,56.17,1,56.17,8,56.18,31,56.18,56.17,56.17,8,56.16,42,56.15,43,56.14,39,56.13,44,56.12,22,56.11,17,56.1,20,56.09,15,56.08,25,56.18,31,56.19,30,56.2,42,56.21,25,56.22,26,56.23,9,56.24,18,56.32,11,56.43,12,,
2020-10-29 09:34:17,56.165,56.17,1,56.16,49,56.17,7,56.17,56.16,56.16,49,56.15,43,56.14,39,56.13,44,56.12,22,56.11,17,56.1,20,56.09,15,56.08,25,56.07,56,56.17,7,56.18,25,56.19,30,56.2,42,56.21,25,56.22,26,56.23,9,56.24,18,56.32,11,56.43,12
2020-10-29 09:34:18,56.165,56.17,5,56.16,56,56.17,9,56.17,56.16,56.16,56,56.15,43,56.14,39,56.13,44,56.12,22,56.11,17,56.1,20,56.09,15,56.08,25,56.07,56,56.17,9,56.18,25,56.19,30,56.2,42,56.21,25,56.22,26,56.23,9,56.24,18,56.32,11,56.43,12
2020-10-29 09:34:19,56.165,56.17,1,56.16,56,56.17,9,56.17,56.16,56.16,56,56.15,43,56.14,39,56.13,44,56.12,22,56.11,17,56.1,20,56.09,15,56.08,25,56.07,56,56.17,9,56.18,25,56.19,30,56.2,42,56.21,25,56.22,26,56.23,9,56.24,18,56.32,11,56.43,12
2020-10-29 09:34:20,56.165,56.17,1,56.16,56,56.17,9,56.17,56.16,56.16,56,56.15,43,56.14,39,56.13,44,56.12,22,56.11,17,56.1,20,56.09,15,56.08,25,56.07,56,56.17,9,56.18,25,56.19,30,56.2,42,56.21,25,56.22,26,56.23,9,56.24,18,56.32,11,56.43,12
2020-10-29 09:34:21,56.165,56.17,1,56.16,57,56.17,9,56.17,56.16,56.16,57,56.15,43,56.14,39,56.13,44,56.12,22,56.11,17,56.1,20,56.09,15,56.08,25,56.07,56,56.17,9,56.18,25,56.19,30,56.2,42,56.21,25,56.22,26,56.23,9,56.24,18,56.32,11,56.43,12
2020-10-29 09:34:22,56.165,56.16,1,56.16,59,56.17,9,56.17,56.16,56.16,59,56.15,43,56.14,39,56.13,44,56.12,22,56.11,17,56.1,20,56.09,15,56.08,25,56.07,56,56.17,9,56.18,25,56.19,30,56.2,42,56.21,25,56.22,26,56.23,9,56.24,18,56.32,11,56.43,12
2020-10-29 09:34:23,56.165,56.17,1,56.16,54,56.17,14,56.17,56.16,56.16,54,56.15,43,56.14,39,56.13,44,56.12,22,56.11,17,56.1,20,56.09,15,56.08,25,56.07,56,56.17,14,56.18,25,56.19,30,56.2,42,56.21,25,56.22,26,56.23,9,56.24,18,56.32,11,56.43,12
2020-10-29 09:34:24,56.165,56.17,1,56.16,55,56.17,14,56.17,56.16,56.16,55,56.15,43,56.14,39,56.13,44,56.12,22,56.11,17,56.1,20,56.09,15,56.08,25,56.07,56,56.17,14,56.18,25,56.19,30,56.2,42,56.21,25,56.22,26,56.23,9,56.24,18,56.32,11,56.43,12
2020-10-29 09:34:25,56.175,56.18,4,56.17,17,56.18,19,56.18,56.17,56.17,17,56.16,55,56.15,43,56.14,39,56.13,44,56.12,22,56.11,17,56.1,20,56.09,15,56.08,25,56.18,19,56.19,30,56.2,42,56.21,25,56.22,26,56.23,9,56.24,18,56.32,11,56.43,12,,
2020-10-29 09:34:26,56.175,56.18,1,56.17,14,56.18,20,56.18,56.17,56.17,14,56.16,55,56.15,43,56.14,39,56.13,44,56.12,22,56.11,17,56.1,20,56.09,15,56.08,25,56.18,20,56.19,30,56.2,42,56.21,25,56.22,26,56.23,9,56.24,18,56.32,11,56.43,12,,
2020-10-29 09:34:27,56.195,56.2,1,56.19,10,56.2,14,56.2,56.19,56.19,10,56.18,49,56.17,69,56.16,55,56.15,43,56.14,39,56.13,44,56.12,22,56.11,17,56.1,20,56.2,14,56.21,25,56.22,26,56.23,9,56.24,18,56.32,11,56.43,12,,,,,,
2020-10-29 09:34:28,56.195,56.2,1,56.19,14,56.2,15,56.2,56.19,56.19,14,56.18,49,56.17,69,56.16,55,56.15,43,56.14,39,56.13,44,56.12,22,56.11,17,56.1,20,56.2,15,56.21,25,56.22,26,56.23,9,56.24,18,56.32,11,56.43,12,,,,,,
2020-10-29 09:34:29,56.195,56.2,1,56.19,29,56.2,14,56.2,56.19,56.19,29,56.18,49,56.17,69,56.16,55,56.15,43,56.14,39,56.13,44,56.12,22,56.11,17,56.1,20,56.2,14,56.21,25,56.22,26,56.23,9,56.24,18,56.32,11,56.43,12,,,,,,
2020-10-29 09:34:30,56.195,56.2,1,56.19,29,56.2,14,56.2,56.19,56.19,29,56.18,49,56.17,69,56.16,55,56.15,43,56.14,39,56.13,44,56.12,22,56.11,17,56.1,20,56.2,14,56.21,25,56.22,26,56.23,9,56.24,18,56.32,11,56.43,12,,,,,,
2020-10-29 09:34:31,56.195,56.2,4,56.19,29,56.2,14,56.2,56.19,56.19,29,56.18,49,56.17,69,56.16,55,56.15,43,56.14,39,56.13,44,56.12,22,56.11,17,56.1,20,56.2,14,56.21,25,56.22,26,56.23,9,56.24,18,56.32,11,56.43,12,,,,,,
2020-10-29 09:34:33,56.195,56.2,1,56.19,28,56.2,11,56.2,56.19,56.19,28,56.18,49,56.17,69,56.16,55,56.15,43,56.14,39,56.13,44,56.12,22,56.11,17,56.1,20,56.2,11,56.21,25,56.22,26,56.23,9,56.24,18,56.32,11,56.43,12,,,,,,
2020-10-29 09:34:33,56.195,56.19,1,56.19,29,56.2,16,56.2,56.19,56.19,29,56.18,49,56.17,69,56.16,55,56.15,43,56.14,39,56.13,44,56.12,22,56.11,17,56.1,20,56.2,16,56.21,25,56.22,26,56.23,9,56.24,18,56.32,11,56.43,12,,,,,,
2020-10-29 09:34:34,56.175,56.18,1,56.17,30,56.18,6,56.18,56.17,56.17,30,56.16,55,56.15,43,56.14,39,56.13,44,56.12,22,56.11,17,56.1,20,56.09,15,56.08,25,56.18,6,56.19,43,56.2,101,56.21,25,56.22,26,56.23,9,56.24,18,56.32,11,56.43,12,,
2020-10-29 09:34:35,56.175,56.18,1,56.17,31,56.18,43,56.18,56.17,56.17,31,56.16,55,56.15,43,56.14,39,56.13,44,56.12,22,56.11,17,56.1,20,56.09,15,56.08,25,56.18,43,56.19,43,56.2,101,56.21,25,56.22,26,56.23,9,56.24,18,56.32,11,56.43,12,,
2020-10-29 09:34:37,56.175,56.18,1,56.17,28,56.18,20,56.18,56.17,56.17,28,56.16,55,56.15,43,56.14,39,56.13,44,56.12,22,56.11,17,56.1,20,56.09,15,56.08,25,56.18,20,56.19,43,56.2,101,56.21,25,56.22,26,56.23,9,56.24,18,56.32,11,56.43,12,,
2020-10-29 09:34:37,56.175,56.18,1,56.17,56,56.18,19,56.18,56.17,56.17,56,56.16,55,56.15,43,56.14,39,56.13,44,56.12,22,56.11,17,56.1,20,56.09,15,56.08,25,56.18,19,56.19,43,56.2,101,56.21,25,56.22,26,56.23,9,56.24,18,56.32,11,56.43,12,,
2020-10-29 09:34:38,56.165,56.17,1,56.16,62,56.17,46,56.17,56.16,56.16,62,56.15,43,56.14,39,56.13,44,56.12,22,56.11,17,56.1,20,56.09,15,56.08,25,56.07,56,56.17,46,56.18,57,56.19,43,56.2,101,56.21,25,56.22,26,56.23,9,56.24,18,56.32,11,56.43,12
2020-10-29 09:34:39,56.165,56.16,2,56.16,62,56.17,46,56.17,56.16,56.16,62,56.15,43,56.14,39,56.13,44,56.12,22,56.11,17,56.1,20,56.09,15,56.08,25,56.07,56,56.17,46,56.18,57,56.19,43,56.2,101,56.21,25,56.22,26,56.23,9,56.24,18,56.32,11,56.43,12
2020-10-29 09:34:40,56.155,56.16,1,56.15,28,56.16,21,56.16,56.15,56.15,28,56.14,39,56.13,44,56.12,22,56.11,17,56.1,20,56.09,15,56.08,25,56.07,56,,,56.16,21,56.17,102,56.18,57,56.19,43,56.2,101,56.21,25,56.22,26,56.23,9,56.24,18,56.32,11
2020-10-29 09:34:42,56.155,56.16,2,56.15,28,56.16,14,56.16,56.15,56.15,28,56.14,39,56.13,44,56.12,22,56.11,17,56.1,20,56.09,15,56.08,25,56.07,56,,,56.16,14,56.17,102,56.18,57,56.19,43,56.2,101,56.21,25,56.22,26,56.23,9,56.24,18,56.32,11
2020-10-29 09:34:42,56.165,56.16,2,56.16,36,56.17,26,56.17,56.16,56.16,36,56.15,33,56.14,39,56.13,44,56.12,22,56.11,17,56.1,20,56.09,15,56.08,25,56.07,56,56.17,26,56.18,57,56.19,43,56.2,101,56.21,25,56.22,26,56.23,9,56.24,18,56.32,11,56.43,12
2020-10-29 09:34:43,56.165,56.17,1,56.16,36,56.17,11,56.17,56.16,56.16,36,56.15,33,56.14,39,56.13,44,56.12,22,56.11,17,56.1,20,56.09,15,56.08,25,56.07,56,56.17,11,56.18,57,56.19,43,56.2,101,56.21,25,56.22,26,56.23,9,56.24,18,56.32,11,56.43,12
2020-10-29 09:34:44,56.165,56.16,1,56.16,22,56.17,18,56.17,56.16,56.16,22,56.15,38,56.14,39,56.13,44,56.12,22,56.11,17,56.1,20,56.09,15,56.08,25,56.07,56,56.17,18,56.18,57,56.19,43,56.2,101,56.21,25,56.22,26,56.23,9,56.24,18,56.32,11,56.43,12
2020-10-29 09:34:45,56.165,56.17,1,56.16,14,56.17,14,56.17,56.16,56.16,14,56.15,38,56.14,39,56.13,44,56.12,22,56.11,17,56.1,20,56.09,15,56.08,25,56.07,56,56.17,14,56.18,57,56.19,43,56.2,101,56.21,25,56.22,26,56.23,9,56.24,18,56.32,11,56.43,12
2020-10-29 09:34:47,56.155,56.17,1,56.15,37,56.16,8,56.16,56.15,56.15,37,56.14,39,56.13,44,56.12,22,56.11,17,56.1,20,56.09,15,56.08,25,56.07,56,,,56.16,8,56.17,34,56.18,57,56.19,43,56.2,101,56.21,25,56.22,26,56.23,9,56.24,18,56.32,11
2020-10-29 09:34:48,56.155,56.17,1,56.15,37,56.16,10,56.16,56.15,56.15,37,56.14,39,56.13,44,56.12,22,56.11,17,56.1,20,56.09,15,56.08,25,56.07,56,,,56.16,10,56.17,34,56.18,57,56.19,43,56.2,101,56.21,25,56.22,26,56.23,9,56.24,18,56.32,11
2020-10-29 09:34:49,56.155,56.15,2,56.15,38,56.16,10,56.16,56.15,56.15,38,56.14,39,56.13,44,56.12,22,56.11,17,56.1,20,56.09,15,56.08,25,56.07,56,,,56.16,10,56.17,34,56.18,57,56.19,43,56.2,101,56.21,25,56.22,26,56.23,9,56.24,18,56.32,11
2020-10-29 09:34:50,56.155,56.16,1,56.15,38,56.16,13,56.16,56.15,56.15,38,56.14,39,56.13,44,56.12,22,56.11,17,56.1,20,56.09,15,56.08,25,56.07,56,,,56.16,13,56.17,34,56.18,57,56.19,43,56.2,101,56.21,25,56.22,26,56.23,9,56.24,18,56.32,11
2020-10-29 09:34:51,56.155,56.16,1,56.15,38,56.16,13,56.16,56.15,56.15,38,56.14,39,56.13,44,56.12,22,56.11,17,56.1,20,56.09,15,56.08,25,56.07,56,,,56.16,13,56.17,34,56.18,57,56.19,43,56.2,101,56.21,25,56.22,26,56.23,9,56.24,18,56.32,11
2020-10-29 09:34:52,56.155,56.16,2,56.15,13,56.16,37,56.16,56.15,56.15,13,56.14,39,56.13,44,56.12,22,56.11,17,56.1,20,56.09,15,56.08,25,56.07,56,,,56.16,37,56.17,34,56.18,57,56.19,43,56.2,101,56.21,25,56.22,26,56.23,9,56.24,18,56.32,11
2020-10-29 09:34:53,56.155,56.16,1,56.15,17,56.16,36,56.16,56.15,56.15,17,56.14,39,56.13,44,56.12,22,56.11,17,56.1,20,56.09,15,56.08,25,56.07,56,,,56.16,36,56.17,34,56.18,57,56.19,43,56.2,101,56.21,25,56.22,26,56.23,9,56.24,18,56.32,11
2020-10-29 09:34:54,56.155,56.16,1,56.15,17,56.16,36,56.16,56.15,56.15,17,56.14,39,56.13,44,56.12,22,56.11,17,56.1,20,56.09,15,56.08,25,56.07,56,,,56.16,36,56.17,34,56.18,57,56.19,43,56.2,101,56.21,25,56.22,26,56.23,9,56.24,18,56.32,11
2020-10-29 09:34:55,56.145,56.15,1,56.14,24,56.15,21,56.15,56.14,56.14,24,56.13,44,56.12,22,56.11,17,56.1,20,56.09,15,56.08,25,56.07,56,,,,,56.15,21,56.16,55,56.17,34,56.18,57,56.19,43,56.2,101,56.21,25,56.22,26,56.23,9,56.24,18
2020-10-29 09:34:55,56.145,56.14,40,56.14,25,56.15,22,56.15,56.14,56.14,25,56.13,44,56.12,22,56.11,17,56.1,20,56.09,15,56.08,25,56.07,56,,,,,56.15,22,56.16,55,56.17,34,56.18,57,56.19,43,56.2,101,56.21,25,56.22,26,56.23,9,56.24,18
2020-10-29 09:34:57,56.145,56.14,40,56.14,25,56.15,26,56.15,56.14,56.14,25,56.13,44,56.12,22,56.11,17,56.1,20,56.09,15,56.08,25,56.07,56,,,,,56.15,26,56.16,55,56.17,34,56.18,57,56.19,43,56.2,101,56.21,25,56.22,26,56.23,9,56.24,18
2020-10-29 09:34:58,56.145,56.15,1,56.14,22,56.15,36,56.15,56.14,56.14,22,56.13,44,56.12,22,56.11,17,56.1,20,56.09,15,56.08,25,56.07,56,,,,,56.15,36,56.16,55,56.17,34,56.18,57,56.19,43,56.2,101,56.21,25,56.22,26,56.23,9,56.24,18
2020-10-29 09:34:59,56.135,56.15,1,56.13,38,56.14,23,56.14,56.13,56.13,38,56.12,22,56.11,17,56.1,20,56.09,15,56.08,25,56.07,56,,,,,,,56.14,23,56.15,107,56.16,55,56.17,34,56.18,57,56.19,43,56.2,101,56.21,25,56.22,26,56.23,9
2020-10-29 09:35:00,56.135,56.13,1,56.13,35,56.14,37,56.14,56.13,56.13,35,56.12,22,56.11,17,56.1,20,56.09,15,56.08,25,56.07,56,,,,,,,56.14,34,56.15,107,56.16,55,56.17,34,56.18,57,56.19,43,56.2,101,56.21,25,56.22,26,56.23,9
2020-10-29 09:35:01,56.135,56.14,1,56.13,9,56.14,52,56.14,56.13,56.13,9,56.12,61,56.11,17,56.1,20,56.09,15,56.08,25,56.07,56,,,,,,,56.14,52,56.15,107,56.16,55,56.17,34,56.18,57,56.19,43,56.2,101,56.21,25,56.22,26,56.23,9
2020-10-29 09:35:02,56.135,56.14,1,56.13,6,56.14,38,56.14,56.13,56.13,6,56.12,55,56.11,17,56.1,20,56.09,15,56.08,25,56.07,56,,,,,,,56.14,38,56.15,107,56.16,55,56.17,34,56.18,57,56.19,43,56.2,101,56.21,25,56.22,26,56.23,9
2020-10-29 09:35:03,56.145,56.14,1,56.14,7,56.15,26,56.15,56.14,56.14,7,56.13,50,56.12,55,56.11,17,56.1,20,56.09,15,56.08,25,56.07,56,,,,,56.15,26,56.16,55,56.17,34,56.18,57,56.19,43,56.2,101,56.21,25,56.22,26,56.23,9,56.24,18
2020-10-29 09:35:04,56.155,56.16,2,56.15,15,56.16,34,56.16,56.15,56.15,15,56.14,11,56.13,50,56.12,55,56.11,17,56.1,20,56.09,15,56.08,25,56.07,56,,,56.16,34,56.17,34,56.18,57,56.19,43,56.2,101,56.21,25,56.22,26,56.23,9,56.24,18,56.32,11
2020-10-29 09:35:05,56.155,56.15,2,56.15,23,56.16,35,56.16,56.15,56.15,23,56.14,11,56.13,50,56.12,55,56.11,17,56.1,20,56.09,15,56.08,25,56.07,56,,,56.16,35,56.17,34,56.18,57,56.19,43,56.2,101,56.21,25,56.22,26,56.23,9,56.24,18,56.32,11
2020-10-29 09:35:06,56.155,56.16,1,56.15,20,56.16,35,56.16,56.15,56.15,20,56.14,11,56.13,50,56.12,55,56.11,17,56.1,20,56.09,15,56.08,25,56.07,56,,,56.16,35,56.17,34,56.18,57,56.19,43,56.2,101,56.21,25,56.22,26,56.23,9,56.24,18,56.32,11
2020-10-29 09:35:07,56.155,56.16,1,56.15,21,56.16,35,56.16,56.15,56.15,21,56.14,11,56.13,50,56.12,55,56.11,17,56.1,20,56.09,15,56.08,25,56.07,56,,,56.16,35,56.17,34,56.18,57,56.19,43,56.2,101,56.21,25,56.22,26,56.23,9,56.24,18,56.32,11
2020-10-29 09:35:08,56.155,56.16,1,56.15,21,56.16,35,56.16,56.15,56.15,21,56.14,11,56.13,50,56.12,55,56.11,17,56.1,20,56.09,15,56.08,25,56.07,56,,,56.16,35,56.17,34,56.18,57,56.19,43,56.2,101,56.21,25,56.22,26,56.23,9,56.24,18,56.32,11
2020-10-29 09:35:09,56.145,56.15,1,56.14,22,56.15,25,56.15,56.14,56.14,22,56.13,50,56.12,55,56.11,17,56.1,20,56.09,15,56.08,25,56.07,56,,,,,56.15,25,56.16,106,56.17,34,56.18,57,56.19,43,56.2,101,56.21,25,56.22,26,56.23,9,56.24,18
2020-10-29 09:35:10,56.145,56.15,1,56.14,20,56.15,26,56.15,56.14,56.14,20,56.13,50,56.12,55,56.11,17,56.1,20,56.09,15,56.08,25,56.07,56,,,,,56.15,26,56.16,106,56.17,34,56.18,57,56.19,43,56.2,101,56.21,25,56.22,26,56.23,9,56.24,18
2020-10-29 09:35:11,56.155,56.15,1,56.15,10,56.16,44,56.16,56.15,56.15,10,56.14,26,56.13,50,56.12,55,56.11,17,56.1,20,56.09,15,56.08,25,56.07,56,,,56.16,44,56.17,34,56.18,57,56.19,43,56.2,101,56.21,25,56.22,26,56.23,9,56.24,18,56.32,11
2020-10-29 09:35:12,56.155,56.15,1,56.15,7,56.16,50,56.16,56.15,56.15,7,56.14,26,56.13,50,56.12,55,56.11,17,56.1,20,56.09,15,56.08,25,56.07,56,,,56.16,50,56.17,34,56.18,57,56.19,43,56.2,101,56.21,25,56.22,26,56.23,9,56.24,18,56.32,11
2020-10-29 09:35:13,56.135,56.13,1,56.13,68,56.14,27,56.14,56.13,56.13,68,56.12,55,56.11,17,56.1,20,56.09,15,56.08,25,56.07,56,,,,,,,56.14,27,56.15,42,56.16,65,56.17,34,56.18,57,56.19,43,56.2,101,56.21,25,56.22,26,56.23,9
2020-10-29 09:35:14,56.145,56.14,7,56.14,5,56.15,33,56.15,56.14,56.14,5,56.13,69,56.12,55,56.11,17,56.1,20,56.09,15,56.08,25,56.07,56,,,,,56.15,33,56.16,65,56.17,34,56.18,57,56.19,43,56.2,101,56.21,25,56.22,26,56.23,9,56.24,18
2020-10-29 09:35:15,56.135,56.14,1,56.13,68,56.14,5,56.14,56.13,56.13,68,56.12,55,56.11,17,56.1,20,56.09,15,56.08,25,56.07,56,,,,,,,56.14,5,56.15,33,56.16,65,56.17,34,56.18,57,56.19,43,56.2,101,56.21,25,56.22,26,56.23,9
2020-10-29 09:35:16,56.135,56.14,1,56.13,68,56.14,5,56.14,56.13,56.13,68,56.12,55,56.11,17,56.1,20,56.09,15,56.08,25,56.07,56,,,,,,,56.14,5,56.15,33,56.16,65,56.17,34,56.18,57,56.19,43,56.2,101,56.21,25,56.22,26,56.23,9
2020-10-29 09:35:17,56.135,56.13,8,56.13,72,56.14,5,56.14,56.13,56.13,72,56.12,55,56.11,17,56.1,20,56.09,15,56.08,25,56.07,56,,,,,,,56.14,5,56.15,33,56.16,65,56.17,34,56.18,57,56.19,43,56.2,101,56.21,25,56.22,26,56.23,9
2020-10-29 09:35:18,56.135,56.13,8,56.13,72,56.14,5,56.14,56.13,56.13,72,56.12,55,56.11,17,56.1,20,56.09,15,56.08,25,56.07,56,,,,,,,56.14,5,56.15,33,56.16,65,56.17,34,56.18,57,56.19,43,56.2,101,56.21,25,56.22,26,56.23,9
2020-10-29 09:35:19,56.135,56.14,1,56.13,66,56.14,18,56.14,56.13,56.13,66,56.12,55,56.11,17,56.1,20,56.09,15,56.08,25,56.07,56,,,,,,,56.14,18,56.15,35,56.16,65,56.17,34,56.18,57,56.19,43,56.2,101,56.21,25,56.22,26,56.23,9
2020-10-29 09:35:20,56.135,56.14,1,56.13,66,56.14,18,56.14,56.13,56.13,66,56.12,55,56.11,17,56.1,20,56.09,15,56.08,25,56.07,56,,,,,,,56.14,18,56.15,35,56.16,65,56.17,34,56.18,57,56.19,43,56.2,101,56.21,25,56.22,26,56.23,9
2020-10-29 09:35:21,56.135,56.14,1,56.13,66,56.14,17,56.14,56.13,56.13,66,56.12,55,56.11,17,56.1,20,56.09,15,56.08,25,56.07,56,,,,,,,56.14,17,56.15,35,56.16,65,56.17,34,56.18,57,56.19,43,56.2,101,56.21,25,56.22,26,56.23,9
2020-10-29 09:35:22,56.135,56.14,1,56.13,65,56.14,17,56.14,56.13,56.13,65,56.12,55,56.11,17,56.1,20,56.09,15,56.08,25,56.07,56,,,,,,,56.14,17,56.15,35,56.16,65,56.17,34,56.18,57,56.19,43,56.2,101,56.21,25,56.22,26,56.23,9
2020-10-29 09:35:23,56.135,56.14,1,56.13,64,56.14,17,56.14,56.13,56.13,64,56.12,55,56.11,17,56.1,20,56.09,15,56.08,25,56.07,56,,,,,,,56.14,17,56.15,35,56.16,65,56.17,34,56.18,57,56.19,43,56.2,101,56.21,25,56.22,26,56.23,9
2020-10-29 09:35:24,56.115,56.12,1,56.11,24,56.12,9,56.12,56.11,56.11,24,56.1,20,56.09,15,56.08,25,56.07,56,,,,,,,,,,,56.12,9,56.13,58,56.14,50,56.15,35,56.16,65,56.17,34,56.18,57,56.19,43,56.2,101,56.21,25
2020-10-29 09:35:25,56.105,56.11,1,56.1,21,56.11,26,56.11,56.1,56.1,21,56.09,49,56.08,25,56.07,56,,,,,,,,,,,,,56.11,26,56.12,65,56.13,58,56.14,50,56.15,35,56.16,65,56.17,34,56.18,57,56.19,43,56.2,101
2020-10-29 09:35:26,56.105,56.11,1,56.1,20,56.11,26,56.11,56.1,56.1,20,56.09,49,56.08,25,56.07,56,,,,,,,,,,,,,56.11,26,56.12,65,56.13,58,56.14,50,56.15,35,56.16,65,56.17,34,56.18,57,56.19,43,56.2,101
2020-10-29 09:35:27,56.105,56.11,40,56.1,24,56.11,29,56.11,56.1,56.1,24,56.09,49,56.08,25,56.07,56,,,,,,,,,,,,,56.11,29,56.12,65,56.13,58,56.14,50,56.15,35,56.16,65,56.17,34,56.18,57,56.19,43,56.2,101
2020-10-29 09:35:28,56.105,56.1,2,56.1,24,56.11,29,56.11,56.1,56.1,24,56.09,49,56.08,25,56.07,56,,,,,,,,,,,,,56.11,29,56.12,65,56.13,58,56.14,50,56.15,35,56.16,65,56.17,34,56.18,57,56.19,43,56.2,101
2020-10-29 09:35:29,56.095,56.1,3,56.09,71,56.1,49,56.1,56.09,56.09,71,56.08,25,56.07,56,,,,,,,,,,,,,,,56.1,49,56.11,87,56.12,65,56.13,58,56.14,50,56.15,35,56.16,65,56.17,34,56.18,57,56.19,43
2020-10-29 09:35:30,56.085,56.09,1,56.08,27,56.09,33,56.09,56.08,56.08,27,56.07,56,,,,,,,,,,,,,,,,,56.09,33,56.1,109,56.11,87,56.12,65,56.13,58,56.14,50,56.15,35,56.16,65,56.17,34,56.18,57
2020-10-29 09:35:31,56.085,56.09,1,56.08,24,56.09,40,56.09,56.08,56.08,24,56.07,56,,,,,,,,,,,,,,,,,56.09,40,56.1,109,56.11,87,56.12,65,56.13,58,56.14,50,56.15,35,56.16,65,56.17,34,56.18,57
2020-10-29 09:35:32,56.075,56.08,1,56.07,50,56.08,45,56.08,56.07,56.07,50,,,,,,,,,,,,,,,,,,,56.08,45,56.09,57,56.1,109,56.11,87,56.12,65,56.13,58,56.14,50,56.15,35,56.16,65,56.17,34
2020-10-29 09:35:33,56.075,56.08,1,56.07,48,56.08,22,56.08,56.07,56.07,48,,,,,,,,,,,,,,,,,,,56.08,22,56.09,57,56.1,109,56.11,87,56.12,65,56.13,58,56.14,50,56.15,35,56.16,65,56.17,34
2020-10-29 09:35:34,56.085,56.08,3,56.08,12,56.09,49,56.09,56.08,56.08,12,56.07,77,,,,,,,,,,,,,,,,,56.09,49,56.1,109,56.11,87,56.12,65,56.13,58,56.14,50,56.15,35,56.16,65,56.17,34,56.18,57
2020-10-29 09:35:35,56.085,56.08,1,56.08,18,56.09,49,56.09,56.08,56.08,18,56.07,77,,,,,,,,,,,,,,,,,56.09,49,56.1,109,56.11,87,56.12,65,56.13,58,56.14,50,56.15,35,56.16,65,56.17,34,56.18,57
2020-10-29 09:35:36,56.085,56.08,1,56.08,16,56.09,50,56.09,56.08,56.08,16,56.07,77,,,,,,,,,,,,,,,,,56.09,50,56.1,109,56.11,87,56.12,65,56.13,58,56.14,50,56.15,35,56.16,65,56.17,34,56.18,57
2020-10-29 09:35:37,56.085,56.09,1,56.08,16,56.09,36,56.09,56.08,56.08,16,56.07,77,,,,,,,,,,,,,,,,,56.09,36,56.1,109,56.11,87,56.12,65,56.13,58,56.14,50,56.15,35,56.16,65,56.17,34,56.18,57
2020-10-29 09:35:38,56.095,56.1,1,56.09,31,56.1,13,56.1,56.09,56.09,31,56.08,39,56.07,77,,,,,,,,,,,,,,,56.1,13,56.11,53,56.12,65,56.13,58,56.14,50,56.15,35,56.16,65,56.17,34,56.18,57,56.19,43
2020-10-29 09:35:39,56.105,56.1,1,56.1,5,56.11,51,56.11,56.1,56.1,5,56.09,34,56.08,39,56.07,77,,,,,,,,,,,,,56.11,51,56.12,65,56.13,58,56.14,50,56.15,35,56.16,65,56.17,34,56.18,57,56.19,43,56.2,101
2020-10-29 09:35:40,56.095,56.09,1,56.09,31,56.1,43,56.1,56.09,56.09,31,56.08,39,56.07,77,,,,,,,,,,,,,,,56.1,43,56.11,73,56.12,65,56.13,58,56.14,50,56.15,35,56.16,65,56.17,34,56.18,57,56.19,43
2020-10-29 09:35:41,56.095,56.09,1,56.09,18,56.1,47,56.1,56.09,56.09,18,56.08,39,56.07,77,,,,,,,,,,,,,,,56.1,47,56.11,73,56.12,65,56.13,58,56.14,50,56.15,35,56.16,65,56.17,34,56.18,57,56.19,43
2020-10-29 09:35:42,56.095,56.09,1,56.09,17,56.1,45,56.1,56.09,56.09,17,56.08,39,56.07,77,,,,,,,,,,,,,,,56.1,45,56.11,73,56.12,65,56.13,58,56.14,50,56.15,35,56.16,65,56.17,34,56.18,57,56.19,43
2020-10-29 09:35:43,56.095,56.09,2,56.09,19,56.1,44,56.1,56.09,56.09,19,56.08,39,56.07,77,,,,,,,,,,,,,,,56.1,44,56.11,73,56.12,65,56.13,58,56.14,50,56.15,35,56.16,65,56.17,34,56.18,57,56.19,43
2020-10-29 09:35:44,56.085,56.09,1,56.08,54,56.09,56,56.09,56.08,56.08,54,56.07,77,,,,,,,,,,,,,,,,,56.09,56,56.1,68,56.11,73,56.12,65,56.13,58,56.14,50,56.15,35,56.16,65,56.17,34,56.18,57
2020-10-29 09:35:45,56.075,56.08,1,56.07,74,56.08,52,56.08,56.07,56.07,74,,,,,,,,,,,,,,,,,,,56.08,52,56.09,86,56.1,68,56.11,73,56.12,65,56.13,58,56.14,50,56.15,35,56.16,65,56.17,34
2020-10-29 09:35:46,56.085,56.08,1,56.08,15,56.09,30,56.09,56.08,56.08,15,56.07,75,,,,,,,,,,,,,,,,,56.09,30,56.1,68,56.11,73,56.12,65,56.13,58,56.14,50,56.15,35,56.16,65,56.17,34,56.18,57
2020-10-29 09:35:47,56.095,56.09,2,56.09,13,56.1,30,56.1,56.09,56.09,13,56.08,31,56.07,75,,,,,,,,,,,,,,,56.1,30,56.11,73,56.12,65,56.13,58,56.14,50,56.15,35,56.16,65,56.17,34,56.18,57,56.19,43
2020-10-29 09:35:48,56.095,56.09,2,56.09,13,56.1,30,56.1,56.09,56.09,13,56.08,31,56.07,75,,,,,,,,,,,,,,,56.1,30,56.11,73,56.12,65,56.13,58,56.14,50,56.15,35,56.16,65,56.17,34,56.18,57,56.19,43
2020-10-29 09:35:49,56.095,56.09,2,56.09,13,56.1,30,56.1,56.09,56.09,13,56.08,31,56.07,75,,,,,,,,,,,,,,,56.1,30,56.11,73,56.12,65,56.13,58,56.14,50,56.15,35,56.16,65,56.17,34,56.18,57,56.19,43
2020-10-29 09:35:50,56.085,56.09,1,56.08,46,56.09,24,56.09,56.08,56.08,46,56.07,75,,,,,,,,,,,,,,,,,56.09,24,56.1,30,56.11,73,56.12,65,56.13,58,56.14,50,56.15,35,56.16,65,56.17,34,56.18,57
2020-10-29 09:35:51,56.105,56.11,39,56.1,44,56.11,24,56.11,56.1,56.1,44,56.09,80,56.08,49,56.07,75,,,,,,,,,,,,,56.11,24,56.12,65,56.13,58,56.14,50,56.15,35,56.16,65,56.17,34,56.18,57,56.19,43,56.2,101
2020-10-29 09:35:52,56.085,56.1,1,56.08,51,56.09,10,56.09,56.08,56.08,51,56.07,75,,,,,,,,,,,,,,,,,56.09,10,56.1,29,56.11,29,56.12,30,56.13,58,56.14,50,56.15,35,56.16,65,56.17,34,56.18,57
2020-10-29 09:35:53,56.085,56.1,1,56.08,48,56.09,9,56.09,56.08,56.08,48,56.07,75,,,,,,,,,,,,,,,,,56.09,9,56.1,29,56.11,29,56.12,30,56.13,58,56.14,50,56.15,35,56.16,65,56.17,34,56.18,57
2020-10-29 09:35:54,56.085,56.09,1,56.08,62,56.09,8,56.09,56.08,56.08,62,56.07,75,,,,,,,,,,,,,,,,,56.09,8,56.1,29,56.11,29,56.12,30,56.13,58,56.14,50,56.15,35,56.16,65,56.17,34,56.18,57
2020-10-29 09:35:55,56.085,56.08,1,56.08,59,56.09,12,56.09,56.08,56.08,59,56.07,75,,,,,,,,,,,,,,,,,56.09,12,56.1,29,56.11,29,56.12,30,56.13,58,56.14,50,56.15,35,56.16,65,56.17,34,56.18,57
2020-10-29 09:35:56,56.085,56.09,1,56.08,59,56.09,11,56.09,56.08,56.08,59,56.07,75,,,,,,,,,,,,,,,,,56.09,11,56.1,29,56.11,29,56.12,30,56.13,58,56.14,50,56.15,35,56.16,65,56.17,34,56.18,57
2020-10-29 09:35:57,56.075,56.08,1,56.07,54,56.08,26,56.08,56.07,56.07,54,,,,,,,,,,,,,,,,,,,56.08,26,56.09,73,56.1,29,56.11,29,56.12,30,56.13,58,56.14,50,56.15,35,56.16,65,56.17,34
2020-10-29 09:35:58,56.075,56.08,2,56.07,55,56.08,26,56.08,56.07,56.07,55,,,,,,,,,,,,,,,,,,,56.08,26,56.09,73,56.1,29,56.11,29,56.12,30,56.13,58,56.14,50,56.15,35,56.16,65,56.17,34
2020-10-29 09:35:59,56.075,56.08,2,56.07,55,56.08,26,56.08,56.07,56.07,55,,,,,,,,,,,,,,,,,,,56.08,26,56.09,73,56.1,29,56.11,29,56.12,30,56.13,58,56.14,50,56.15,35,56.16,65,56.17,34
2020-10-29 09:36:00,56.075,56.08,1,56.07,56,56.08,26,56.08,56.07,56.07,56,,,,,,,,,,,,,,,,,,,56.08,26,56.09,73,56.1,29,56.11,29,56.12,30,56.13,58,56.14,50,56.15,35,56.16,65,56.17,34
2020-10-29 09:36:01,56.075,56.08,1,56.07,49,56.08,26,56.08,56.07,56.07,49,,,,,,,,,,,,,,,,,,,56.08,26,56.09,73,56.1,29,56.11,29,56.12,30,56.13,58,56.14,50,56.15,35,56.16,65,56.17,34
2020-10-29 09:36:02,56.075,56.08,1,56.07,49,56.08,26,56.08,56.07,56.07,49,,,,,,,,,,,,,,,,,,,56.08,26,56.09,73,56.1,29,56.11,29,56.12,30,56.13,58,56.14,50,56.15,35,56.16,65,56.17,34
2020-10-29 09:36:03,56.085,56.09,1,56.08,56,56.09,26,56.09,56.08,56.08,56,56.07,60,,,,,,,,,,,,,,,,,56.09,26,56.1,29,56.11,29,56.12,30,56.13,58,56.14,50,56.15,35,56.16,65,56.17,34,56.18,57
2020-10-29 09:36:04,56.095,56.11,1,56.09,42,56.1,9,56.1,56.09,56.09,42,56.08,56,56.07,60,,,,,,,,,,,,,,,56.1,9,56.11,31,56.12,30,56.13,58,56.14,50,56.15,35,56.16,65,56.17,34,56.18,57,56.19,43
2020-10-29 09:36:05,56.095,56.1,1,56.09,45,56.1,6,56.1,56.09,56.09,45,56.08,56,56.07,60,,,,,,,,,,,,,,,56.1,6,56.11,31,56.12,30,56.13,58,56.14,50,56.15,35,56.16,65,56.17,34,56.18,57,56.19,43
2020-10-29 09:36:06,56.095,56.1,1,56.09,45,56.1,26,56.1,56.09,56.09,45,56.08,56,56.07,60,,,,,,,,,,,,,,,56.1,26,56.11,43,56.12,30,56.13,58,56.14,50,56.15,35,56.16,65,56.17,34,56.18,57,56.19,43
2020-10-29 09:36:07,56.095,56.1,2,56.09,45,56.1,26,56.1,56.09,56.09,45,56.08,56,56.07,60,,,,,,,,,,,,,,,56.1,26,56.11,43,56.12,30,56.13,58,56.14,50,56.15,35,56.16,65,56.17,34,56.18,57,56.19,43
2020-10-29 09:36:08,56.095,56.1,1,56.09,45,56.1,27,56.1,56.09,56.09,45,56.08,56,56.07,60,,,,,,,,,,,,,,,56.1,27,56.11,43,56.12,30,56.13,58,56.14,50,56.15,35,56.16,65,56.17,34,56.18,57,56.19,43
2020-10-29 09:36:09,56.095,56.1,1,56.09,46,56.1,25,56.1,56.09,56.09,46,56.08,56,56.07,60,,,,,,,,,,,,,,,56.1,25,56.11,43,56.12,30,56.13,58,56.14,50,56.15,35,56.16,65,56.17,34,56.18,57,56.19,43
2020-10-29 09:36:10,56.095,56.1,1,56.09,46,56.1,25,56.1,56.09,56.09,46,56.08,56,56.07,60,,,,,,,,,,,,,,,56.1,25,56.11,43,56.12,30,56.13,58,56.14,50,56.15,35,56.16,65,56.17,34,56.18,57,56.19,43
2020-10-29 09:36:11,56.095,56.1,1,56.09,46,56.1,25,56.1,56.09,56.09,46,56.08,56,56.07,60,,,,,,,,,,,,,,,56.1,25,56.11,43,56.12,30,56.13,58,56.14,50,56.15,35,56.16,65,56.17,34,56.18,57,56.19,43
2020-10-29 09:36:12,56.105,56.1,2,56.1,18,56.11,14,56.11,56.1,56.1,18,56.09,68,56.08,56,56.07,60,,,,,,,,,,,,,56.11,15,56.12,30,56.13,58,56.14,50,56.15,35,56.16,65,56.17,34,56.18,57,56.19,43,56.2,101
2020-10-29 09:36:13,56.105,56.11,1,56.1,24,56.11,11,56.11,56.1,56.1,24,56.09,68,56.08,56,56.07,60,,,,,,,,,,,,,56.11,11,56.12,30,56.13,58,56.14,50,56.15,35,56.16,65,56.17,34,56.18,57,56.19,43,56.2,101
2020-10-29 09:36:14,56.105,56.11,1,56.1,20,56.11,12,56.11,56.1,56.1,20,56.09,68,56.08,56,56.07,60,,,,,,,,,,,,,56.11,12,56.12,30,56.13,58,56.14,50,56.15,35,56.16,65,56.17,34,56.18,57,56.19,43,56.2,101
2020-10-29 09:36:15,56.115,56.12,1,56.11,41,56.12,21,56.12,56.11,56.11,41,56.1,25,56.09,68,56.08,56,56.07,60,,,,,,,,,,,56.12,21,56.13,58,56.14,50,56.15,35,56.16,65,56.17,34,56.18,57,56.19,43,56.2,101,56.21,25
2020-10-29 09:36:16,56.115,56.12,1,56.11,20,56.12,16,56.12,56.11,56.11,20,56.1,25,56.09,68,56.08,56,56.07,60,,,,,,,,,,,56.12,16,56.13,38,56.14,50,56.15,35,56.16,65,56.17,34,56.18,57,56.19,43,56.2,101,56.21,25
2020-10-29 09:36:17,56.105,56.11,5,56.1,27,56.11,43,56.11,56.1,56.1,27,56.09,68,56.08,56,56.07,60,,,,,,,,,,,,,56.11,43,56.12,27,56.13,38,56.14,50,56.15,35,56.16,65,56.17,34,56.18,57,56.19,43,56.2,101
2020-10-29 09:36:18,56.105,56.11,1,56.1,33,56.11,17,56.11,56.1,56.1,33,56.09,68,56.08,56,56.07,60,,,,,,,,,,,,,56.11,17,56.12,27,56.13,38,56.14,50,56.15,35,56.16,65,56.17,34,56.18,57,56.19,43,56.2,101
2020-10-29 09:36:19,56.105,56.11,1,56.1,26,56.11,23,56.11,56.1,56.1,26,56.09,68,56.08,56,56.07,60,,,,,,,,,,,,,56.11,23,56.12,27,56.13,38,56.14,50,56.15,35,56.16,65,56.17,34,56.18,57,56.19,43,56.2,101
2020-10-29 09:36:20,56.095,56.11,1,56.09,61,56.1,74,56.1,56.09,56.09,61,56.08,56,56.07,60,,,,,,,,,,,,,,,56.1,74,56.11,70,56.12,27,56.13,38,56.14,50,56.15,35,56.16,65,56.17,34,56.18,57,56.19,43
2020-10-29 09:36:21,56.085,56.09,1,56.08,11,56.09,69,56.09,56.08,56.08,11,56.07,60,,,,,,,,,,,,,,,,,56.09,69,56.1,90,56.11,70,56.12,27,56.13,38,56.14,50,56.15,35,56.16,65,56.17,34,56.18,57
2020-10-29 09:36:22,56.085,56.09,1,56.08,21,56.09,29,56.09,56.08,56.08,21,56.07,60,,,,,,,,,,,,,,,,,56.09,29,56.1,90,56.11,70,56.12,27,56.13,38,56.14,50,56.15,35,56.16,65,56.17,34,56.18,57
2020-10-29 09:36:23,56.085,56.09,1,56.08,19,56.09,33,56.09,56.08,56.08,19,56.07,60,,,,,,,,,,,,,,,,,56.09,33,56.1,90,56.11,70,56.12,27,56.13,38,56.14,50,56.15,35,56.16,65,56.17,34,56.18,57
2020-10-29 09:36:24,56.085,56.09,1,56.08,20,56.09,25,56.09,56.08,56.08,20,56.07,60,,,,,,,,,,,,,,,,,56.09,25,56.1,90,56.11,70,56.12,27,56.13,38,56.14,50,56.15,35,56.16,65,56.17,34,56.18,57
2020-10-29 09:36:25,56.085,56.09,2,56.08,20,56.09,25,56.09,56.08,56.08,20,56.07,60,,,,,,,,,,,,,,,,,56.09,25,56.1,90,56.11,70,56.12,27,56.13,38,56.14,50,56.15,35,56.16,65,56.17,34,56.18,57
2020-10-29 09:36:26,56.085,56.09,2,56.08,28,56.09,18,56.09,56.08,56.08,28,56.07,60,,,,,,,,,,,,,,,,,56.09,18,56.1,90,56.11,70,56.12,27,56.13,38,56.14,50,56.15,35,56.16,65,56.17,34,56.18,57
2020-10-29 09:36:27,56.085,56.09,2,56.08,28,56.09,18,56.09,56.08,56.08,28,56.07,60,,,,,,,,,,,,,,,,,56.09,18,56.1,90,56.11,70,56.12,27,56.13,38,56.14,50,56.15,35,56.16,65,56.17,34,56.18,57
2020-10-29 09:36:28,56.085,56.09,2,56.08,28,56.09,16,56.09,56.08,56.08,28,56.07,60,,,,,,,,,,,,,,,,,56.09,16,56.1,90,56.11,70,56.12,27,56.13,38,56.14,50,56.15,35,56.16,65,56.17,34,56.18,57
2020-10-29 09:36:29,56.095,56.1,1,56.09,25,56.1,10,56.1,56.09,56.09,25,56.08,28,56.07,60,,,,,,,,,,,,,,,56.1,10,56.11,70,56.12,27,56.13,38,56.14,50,56.15,35,56.16,65,56.17,34,56.18,57,56.19,43
2020-10-29 09:36:30,56.095,56.1,1,56.09,25,56.1,10,56.1,56.09,56.09,25,56.08,28,56.07,60,,,,,,,,,,,,,,,56.1,10,56.11,70,56.12,27,56.13,38,56.14,50,56.15,35,56.16,65,56.17,34,56.18,57,56.19,43
2020-10-29 09:36:31,56.105,56.1,1,56.1,20,56.11,25,56.11,56.1,56.1,20,56.09,40,56.08,28,56.07,60,,,,,,,,,,,,,56.11,25,56.12,27,56.13,38,56.14,50,56.15,35,56.16,65,56.17,34,56.18,57,56.19,43,56.2,101
2020-10-29 09:36:32,56.105,56.11,6,56.1,20,56.11,21,56.11,56.1,56.1,20,56.09,40,56.08,28,56.07,60,,,,,,,,,,,,,56.11,21,56.12,27,56.13,38,56.14,50,56.15,35,56.16,65,56.17,34,56.18,57,56.19,43,56.2,101
2020-10-29 09:36:33,56.095,56.1,1,56.09,29,56.1,29,56.1,56.09,56.09,29,56.08,28,56.07,60,,,,,,,,,,,,,,,56.1,29,56.11,59,56.12,27,56.13,38,56.14,50,56.15,35,56.16,65,56.17,34,56.18,57,56.19,43
2020-10-29 09:36:34,56.095,56.1,1,56.09,40,56.1,25,56.1,56.09,56.09,40,56.08,28,56.07,60,,,,,,,,,,,,,,,56.1,25,56.11,59,56.12,27,56.13,38,56.14,50,56.15,35,56.16,65,56.17,34,56.18,57,56.19,43
2020-10-29 09:36:35,56.095,56.09,1,56.09,6,56.1,31,56.1,56.09,56.09,6,56.08,50,56.07,60,,,,,,,,,,,,,,,56.1,31,56.11,59,56.12,27,56.13,38,56.14,50,56.15,35,56.16,65,56.17,34,56.18,57,56.19,43
2020-10-29 09:36:36,56.095,56.1,1,56.09,7,56.1,30,56.1,56.09,56.09,7,56.08,50,56.07,60,,,,,,,,,,,,,,,56.1,30,56.11,59,56.12,27,56.13,38,56.14,50,56.15,35,56.16,65,56.17,34,56.18,57,56.19,43
2020-10-29 09:36:37,56.095,56.09,1,56.09,44,56.1,31,56.1,56.09,56.09,44,56.08,70,56.07,60,,,,,,,,,,,,,,,56.1,31,56.11,59,56.12,27,56.13,38,56.14,50,56.15,35,56.16,65,56.17,34,56.18,57,56.19,43
2020-10-29 09:36:38,56.095,56.1,1,56.09,51,56.1,29,56.1,56.09,56.09,51,56.08,70,56.07,60,,,,,,,,,,,,,,,56.1,29,56.11,59,56.12,27,56.13,38,56.14,50,56.15,35,56.16,65,56.17,34,56.18,57,56.19,43
2020-10-29 09:36:39,56.105,56.1,1,56.1,37,56.11,40,56.11,56.1,56.1,37,56.09,57,56.08,70,56.07,60,,,,,,,,,,,,,56.11,40,56.12,27,56.13,38,56.14,50,56.15,35,56.16,65,56.17,34,56.18,57,56.19,43,56.2,101
2020-10-29 09:36:40,56.105,56.1,1,56.1,14,56.11,41,56.11,56.1,56.1,14,56.09,57,56.08,70,56.07,60,,,,,,,,,,,,,56.11,41,56.12,27,56.13,38,56.14,50,56.15,35,56.16,65,56.17,34,56.18,57,56.19,43,56.2,101
2020-10-29 09:36:41,56.105,56.11,6,56.1,18,56.11,37,56.11,56.1,56.1,18,56.09,57,56.08,70,56.07,60,,,,,,,,,,,,,56.11,37,56.12,27,56.13,38,56.14,50,56.15,35,56.16,65,56.17,34,56.18,57,56.19,43,56.2,101
