sim_time,mid_price,last_price,last_size,best_bid_price,best_bid_size,best_ask_price,best_ask_size,close_price_buy,close_price_sell,bid1_price,bid1_size,bid2_price,bid2_size,bid3_price,bid3_size,bid4_price,bid4_size,bid5_price,bid5_size,bid6_price,bid6_size,bid7_price,bid7_size,bid8_price,bid8_size,bid9_price,bid9_size,bid10_price,bid10_size,ask1_price,ask1_size,ask2_price,ask2_size,ask3_price,ask3_size,ask4_price,ask4_size,ask5_price,ask5_size,ask6_price,ask6_size,ask7_price,ask7_size,ask8_price,ask8_size,ask9_price,ask9_size,ask10_price,ask10_size
2026-02-05 09:30:17,,0.0,0,0.0,0,0.0,0,0.0,0.0,,,,,,,,,,,,,,,,,,,,,,,,,,,,,,,,,,,,,,,,
2026-02-05 09:30:18,,0.0,0,0.0,0,0.0,0,0.0,0.0,,,,,,,,,,,,,,,,,,,,,,,,,,,,,,,,,,,,,,,,
2026-02-05 09:30:20,,0.0,0,0.0,0,0.0,0,0.0,0.0,,,,,,,,,,,,,,,,,,,,,,,,,,,,,,,,,,,,,,,,
2026-02-05 09:30:21,,0.0,0,0.0,0,0.0,0,0.0,0.0,,,,,,,,,,,,,,,,,,,,,,,,,,,,,,,,,,,,,,,,
2026-02-05 09:30:22,,0.0,0,0.0,0,0.0,0,0.0,0.0,,,,,,,,,,,,,,,,,,,,,,,,,,,,,,,,,,,,,,,,
2026-02-05 09:30:22,,0.0,0,0.0,0,0.0,0,0.0,0.0,,,,,,,,,,,,,,,,,,,,,,,,,,,,,,,,,,,,,,,,
2026-02-05 09:30:24,128.85,128.17,1,128.02,100,129.68,100,129.68,128.02,128.02,100,126.75,200,126.32,100,,,,,,,,,,,,,,,129.68,100,130.04,200,135.27,100,,,,,,,,,,,,,,
2026-02-05 09:30:25,128.105,128.17,1,128.05,100,128.16,100,128.16,128.05,128.05,100,126.75,200,126.32,100,,,,,,,,,,,,,,,128.16,100,129.68,100,130.04,200,135.27,100,,,,,,,,,,,,
2026-02-05 09:30:26,128.215,128.17,1,126.75,200,129.68,100,129.68,126.75,126.75,200,126.32,100,,,,,,,,,,,,,,,,,129.68,100,130.04,200,135.27,100,,,,,,,,,,,,,,
2026-02-05 09:30:27,128.215,128.17,1,126.75,200,129.68,100,129.68,126.75,126.75,200,126.32,100,,,,,,,,,,,,,,,,,129.68,100,130.04,200,135.27,100,,,,,,,,,,,,,,
2026-02-05 09:30:28,128.215,128.17,1,126.75,200,129.68,100,129.68,126.75,126.75,200,126.32,100,,,,,,,,,,,,,,,,,129.68,100,130.04,200,135.27,100,,,,,,,,,,,,,,
2026-02-05 09:30:29,128.87,128.17,1,128.06,100,129.68,100,129.68,128.06,128.06,100,128.05,100,126.75,200,126.32,100,,,,,,,,,,,,,129.68,100,130.04,200,135.27,100,,,,,,,,,,,,,,
2026-02-05 09:30:30,128.13,128.17,1,128.05,100,128.21,100,128.21,128.05,128.05,100,126.75,200,126.32,100,,,,,,,,,,,,,,,128.21,100,129.68,100,130.04,200,135.27,100,,,,,,,,,,,,
2026-02-05 09:30:31,128.865,128.17,1,128.05,100,129.68,100,129.68,128.05,128.05,100,126.75,200,126.32,100,,,,,,,,,,,,,,,129.68,100,130.04,200,135.27,100,,,,,,,,,,,,,,
2026-02-05 09:30:32,128.865,128.17,1,128.05,100,129.68,100,129.68,128.05,128.05,100,126.75,200,126.32,100,,,,,,,,,,,,,,,129.68,100,130.04,200,135.27,100,,,,,,,,,,,,,,
2026-02-05 09:30:33,128.215,128.04,2,126.75,200,129.68,100,129.68,126.75,126.75,200,126.32,100,,,,,,,,,,,,,,,,,129.68,100,130.04,200,135.27,100,,,,,,,,,,,,,,
2026-02-05 09:30:34,128.84,128.04,2,128.0,100,129.68,100,129.68,128.0,128.0,100,126.75,200,126.32,100,,,,,,,,,,,,,,,129.68,100,130.04,200,135.27,100,,,,,,,,,,,,,,
2026-02-05 09:30:35,128.845,128.04,2,128.01,300,129.68,100,129.68,128.01,128.01,300,126.75,200,126.32,100,,,,,,,,,,,,,,,129.68,100,130.04,200,135.27,100,,,,,,,,,,,,,,
2026-02-05 09:30:36,128.215,128.04,2,126.75,200,129.68,100,129.68,126.75,126.75,200,126.32,100,,,,,,,,,,,,,,,,,129.68,100,130.04,200,135.27,100,,,,,,,,,,,,,,
2026-02-05 09:30:37,128.885,128.04,2,128.09,100,129.68,100,129.68,128.09,128.09,100,126.75,200,126.32,100,,,,,,,,,,,,,,,129.68,100,130.04,200,135.27,100,,,,,,,,,,,,,,
2026-02-05 09:30:38,128.885,128.04,2,128.09,200,129.68,100,129.68,128.09,128.09,200,128.0,100,126.75,200,126.32,100,,,,,,,,,,,,,129.68,100,130.04,200,135.27,100,,,,,,,,,,,,,,
2026-02-05 09:30:39,128.84,128.04,2,128.0,100,129.68,100,129.68,128.0,128.0,100,126.75,200,126.32,100,,,,,,,,,,,,,,,129.68,100,130.04,200,135.27,100,,,,,,,,,,,,,,
2026-02-05 09:30:40,128.84,128.04,2,128.0,100,129.68,100,129.68,128.0,128.0,100,126.75,200,126.32,100,,,,,,,,,,,,,,,129.68,100,130.04,200,135.27,100,,,,,,,,,,,,,,
2026-02-05 09:30:41,128.84,128.04,2,128.0,100,129.68,100,129.68,128.0,128.0,100,126.75,200,126.32,100,,,,,,,,,,,,,,,129.68,100,130.04,200,135.27,100,,,,,,,,,,,,,,
2026-02-05 09:30:41,128.84,128.16,1,128.0,100,129.68,100,129.68,128.0,128.0,100,126.75,200,126.32,100,,,,,,,,,,,,,,,129.68,100,130.04,200,135.27,100,,,,,,,,,,,,,,
2026-02-05 09:30:43,128.92,128.16,1,128.16,100,129.68,100,129.68,128.16,128.16,100,128.0,100,126.75,200,126.32,100,,,,,,,,,,,,,129.68,100,130.04,200,135.27,100,,,,,,,,,,,,,,
2026-02-05 09:30:44,128.92,128.16,1,128.16,100,129.68,100,129.68,128.16,128.16,100,128.0,100,126.75,200,126.32,100,,,,,,,,,,,,,129.68,100,130.04,200,135.27,100,,,,,,,,,,,,,,
2026-02-05 09:30:45,128.92,128.16,1,128.16,200,129.68,100,129.68,128.16,128.16,200,128.0,100,126.75,200,126.32,100,,,,,,,,,,,,,129.68,100,130.04,200,135.27,100,,,,,,,,,,,,,,
2026-02-05 09:30:46,128.925,128.16,1,128.17,100,129.68,100,129.68,128.17,128.17,100,126.75,200,126.32,100,,,,,,,,,,,,,,,129.68,100,130.04,200,135.27,100,,,,,,,,,,,,,,
2026-02-05 09:30:47,128.93,128.16,1,128.18,100,129.68,100,129.68,128.18,128.18,100,126.75,200,126.32,100,,,,,,,,,,,,,,,129.68,100,130.04,200,135.27,100,,,,,,,,,,,,,,
2026-02-05 09:30:48,128.935,128.16,1,128.19,100,129.68,100,129.68,128.19,128.19,100,126.75,200,126.32,100,,,,,,,,,,,,,,,129.68,100,130.04,200,135.27,100,,,,,,,,,,,,,,
2026-02-05 09:30:48,128.935,128.16,1,128.19,100,129.68,100,129.68,128.19,128.19,100,126.75,200,126.32,100,,,,,,,,,,,,,,,129.68,100,130.04,200,135.27,100,,,,,,,,,,,,,,
2026-02-05 09:30:50,128.215,128.16,1,126.75,200,129.68,100,129.68,126.75,126.75,200,126.32,100,,,,,,,,,,,,,,,,,129.68,100,130.04,200,135.27,100,,,,,,,,,,,,,,
2026-02-05 09:30:51,127.54,128.16,1,126.75,200,128.33,200,128.33,126.75,126.75,200,126.32,100,,,,,,,,,,,,,,,,,128.33,200,129.68,100,130.04,200,135.27,100,,,,,,,,,,,,
2026-02-05 09:30:52,127.54,128.16,1,126.75,200,128.33,100,128.33,126.75,126.75,200,126.32,100,,,,,,,,,,,,,,,,,128.33,100,129.68,100,130.04,200,135.27,100,,,,,,,,,,,,
2026-02-05 09:30:53,128.215,128.16,1,126.75,200,129.68,100,129.68,126.75,126.75,200,126.32,100,,,,,,,,,,,,,,,,,129.68,100,130.04,200,135.27,100,,,,,,,,,,,,,,
2026-02-05 09:30:54,128.905,128.16,1,128.13,100,129.68,100,129.68,128.13,128.13,100,126.75,200,126.32,100,,,,,,,,,,,,,,,129.68,100,130.04,200,135.27,100,,,,,,,,,,,,,,
2026-02-05 09:30:55,128.905,128.16,1,128.13,100,129.68,100,129.68,128.13,128.13,100,126.75,200,126.32,100,,,,,,,,,,,,,,,129.68,100,130.04,200,135.27,100,,,,,,,,,,,,,,
2026-02-05 09:30:56,128.905,128.25,1,128.13,100,129.68,100,129.68,128.13,128.13,100,126.75,200,126.32,100,,,,,,,,,,,,,,,129.68,100,130.04,200,135.27,100,,,,,,,,,,,,,,
2026-02-05 09:30:57,128.905,128.25,1,128.13,100,129.68,100,129.68,128.13,128.13,100,126.75,200,126.32,100,,,,,,,,,,,,,,,129.68,100,130.04,200,135.27,100,,,,,,,,,,,,,,
2026-02-05 09:30:58,128.905,128.25,1,128.13,100,129.68,100,129.68,128.13,128.13,100,126.75,200,126.32,100,,,,,,,,,,,,,,,129.68,100,130.04,200,135.27,100,,,,,,,,,,,,,,
2026-02-05 09:30:59,128.905,128.25,1,128.13,100,129.68,100,129.68,128.13,128.13,100,126.75,200,126.32,100,,,,,,,,,,,,,,,129.68,100,130.04,200,135.27,100,,,,,,,,,,,,,,
2026-02-05 09:31:00,128.215,128.25,1,128.12,100,128.31,100,128.31,128.12,128.12,100,126.75,200,126.32,100,,,,,,,,,,,,,,,128.31,100,129.68,100,130.04,200,135.27,100,,,,,,,,,,,,
2026-02-05 09:31:01,127.54,128.25,1,126.75,200,128.33,100,128.33,126.75,126.75,200,126.32,100,,,,,,,,,,,,,,,,,128.33,100,129.68,100,130.04,200,135.27,100,,,,,,,,,,,,
2026-02-05 09:31:02,128.12,128.25,1,127.91,400,128.33,100,128.33,127.91,127.91,400,126.75,200,126.32,100,,,,,,,,,,,,,,,128.33,100,129.68,100,130.04,200,135.27,100,,,,,,,,,,,,
2026-02-05 09:31:03,128.245,128.25,1,128.16,100,128.33,100,128.33,128.16,128.16,100,127.91,400,126.75,200,126.32,100,,,,,,,,,,,,,128.33,100,129.68,100,130.04,200,135.27,100,,,,,,,,,,,,
2026-02-05 09:31:04,128.17,128.14,1,127.91,400,128.43,400,128.43,127.91,127.91,400,126.75,200,126.32,100,,,,,,,,,,,,,,,128.43,400,128.51,400,129.68,100,130.04,200,135.27,100,,,,,,,,,,
2026-02-05 09:31:05,128.17,128.14,1,127.91,400,128.43,400,128.43,127.91,127.91,400,126.75,200,126.32,100,,,,,,,,,,,,,,,128.43,400,128.51,400,129.68,100,130.04,200,135.27,100,,,,,,,,,,
2026-02-05 09:31:06,128.17,128.14,1,127.91,400,128.43,400,128.43,127.91,127.91,400,126.75,200,126.32,100,,,,,,,,,,,,,,,128.43,400,128.51,400,129.68,100,130.04,200,135.27,100,,,,,,,,,,
2026-02-05 09:31:07,128.17,128.14,1,127.91,400,128.43,400,128.43,127.91,127.91,400,126.75,200,126.32,100,,,,,,,,,,,,,,,128.43,400,128.51,400,129.68,100,130.04,200,135.27,100,,,,,,,,,,
2026-02-05 09:31:08,128.17,128.14,1,127.91,400,128.43,400,128.43,127.91,127.91,400,126.75,200,126.32,100,,,,,,,,,,,,,,,128.43,400,128.51,400,129.68,100,130.04,200,135.27,100,,,,,,,,,,
2026-02-05 09:31:09,128.17,128.14,1,127.91,400,128.43,400,128.43,127.91,127.91,400,126.75,200,126.32,100,,,,,,,,,,,,,,,128.43,400,128.51,400,129.68,100,130.04,200,135.27,100,,,,,,,,,,
2026-02-05 09:31:10,128.17,128.14,1,127.91,400,128.43,400,128.43,127.91,127.91,400,126.75,200,126.32,100,,,,,,,,,,,,,,,128.43,400,128.51,400,129.68,100,130.04,200,135.27,100,,,,,,,,,,
2026-02-05 09:31:11,128.17,128.14,1,127.91,400,128.43,400,128.43,127.91,127.91,400,126.75,200,126.32,100,,,,,,,,,,,,,,,128.43,400,128.51,400,129.68,100,130.04,200,135.27,100,,,,,,,,,,
2026-02-05 09:31:12,128.17,128.16,1,127.91,400,128.43,400,128.43,127.91,127.91,400,126.75,200,126.32,100,,,,,,,,,,,,,,,128.43,400,128.51,400,129.68,100,130.04,200,135.27,100,,,,,,,,,,
2026-02-05 09:31:13,128.17,128.16,1,127.91,400,128.43,400,128.43,127.91,127.91,400,126.75,200,126.32,100,,,,,,,,,,,,,,,128.43,400,128.51,400,129.68,100,130.04,200,135.27,100,,,,,,,,,,
2026-02-05 09:31:14,128.17,128.16,1,127.91,400,128.43,400,128.43,127.91,127.91,400,126.75,200,126.32,100,,,,,,,,,,,,,,,128.43,400,128.51,400,129.68,100,130.04,200,135.27,100,,,,,,,,,,
2026-02-05 09:31:15,128.17,128.16,1,127.91,400,128.43,400,128.43,127.91,127.91,400,126.75,200,126.32,100,,,,,,,,,,,,,,,128.43,400,128.51,400,129.68,100,130.04,200,135.27,100,,,,,,,,,,
2026-02-05 09:31:16,128.085,128.16,1,127.91,400,128.26,100,128.26,127.91,127.91,400,126.75,200,126.32,100,,,,,,,,,,,,,,,128.26,100,128.43,400,128.51,400,129.68,100,130.04,200,135.27,100,,,,,,,,
2026-02-05 09:31:17,128.085,128.16,1,127.91,400,128.26,100,128.26,127.91,127.91,400,126.75,200,126.32,100,,,,,,,,,,,,,,,128.26,100,128.43,400,128.51,400,129.68,100,130.04,200,135.27,100,,,,,,,,
2026-02-05 09:31:18,128.085,128.16,1,127.91,400,128.26,100,128.26,127.91,127.91,400,126.75,200,126.32,100,,,,,,,,,,,,,,,128.26,100,128.43,400,128.51,400,129.68,100,130.04,200,135.27,100,,,,,,,,
2026-02-05 09:31:19,128.085,128.16,1,127.91,400,128.26,100,128.26,127.91,127.91,400,126.75,200,126.32,100,,,,,,,,,,,,,,,128.26,100,128.43,400,128.51,400,129.68,100,130.04,200,135.27,100,,,,,,,,
2026-02-05 09:31:20,128.17,128.16,1,127.91,400,128.43,400,128.43,127.91,127.91,400,126.75,200,126.32,100,,,,,,,,,,,,,,,128.43,400,128.51,400,129.68,100,130.04,200,135.27,100,,,,,,,,,,
2026-02-05 09:31:21,128.17,128.16,1,127.91,400,128.43,400,128.43,127.91,127.91,400,126.75,200,126.32,100,,,,,,,,,,,,,,,128.43,400,128.51,400,129.68,100,130.04,200,135.27,100,,,,,,,,,,
2026-02-05 09:31:22,128.22,128.16,1,127.91,400,128.53,400,128.53,127.91,127.91,400,126.75,200,126.32,100,,,,,,,,,,,,,,,128.53,400,129.47,200,129.68,100,130.04,200,135.27,100,,,,,,,,,,
2026-02-05 09:31:23,128.34,128.16,1,128.15,100,128.53,400,128.53,128.15,128.15,100,127.91,400,126.75,200,126.32,100,,,,,,,,,,,,,128.53,400,129.47,200,129.68,100,130.04,200,135.27,100,,,,,,,,,,
2026-02-05 09:31:24,128.34,128.16,1,128.15,100,128.53,400,128.53,128.15,128.15,100,127.91,400,126.75,200,126.32,100,,,,,,,,,,,,,128.53,400,129.47,200,129.68,100,130.04,200,135.27,100,,,,,,,,,,
2026-02-05 09:31:25,128.4,128.16,1,128.18,100,128.62,400,128.62,128.18,128.18,100,128.15,100,127.91,400,126.75,200,126.32,100,,,,,,,,,,,128.62,400,129.47,200,129.68,100,130.04,200,135.27,100,,,,,,,,,,
2026-02-05 09:31:26,128.385,128.16,1,128.15,100,128.62,400,128.62,128.15,128.15,100,127.91,400,126.75,200,126.32,100,,,,,,,,,,,,,128.62,400,129.47,200,129.68,100,130.04,200,135.27,100,,,,,,,,,,
2026-02-05 09:31:27,128.385,128.16,1,128.15,100,128.62,400,128.62,128.15,128.15,100,127.91,400,126.75,200,126.32,100,,,,,,,,,,,,,128.62,400,129.47,200,129.68,100,130.04,200,135.27,100,,,,,,,,,,
2026-02-05 09:31:28,128.455,128.16,1,128.29,100,128.62,400,128.62,128.29,128.29,100,128.15,100,127.91,400,126.75,200,126.32,100,,,,,,,,,,,128.62,400,129.47,200,129.68,100,130.04,200,135.27,100,,,,,,,,,,
2026-02-05 09:31:29,128.455,128.16,1,128.29,100,128.62,400,128.62,128.29,128.29,100,128.15,100,127.91,400,126.75,200,126.32,100,,,,,,,,,,,128.62,400,129.47,200,129.68,100,130.04,200,135.27,100,,,,,,,,,,
2026-02-05 09:31:30,128.455,128.16,1,128.29,100,128.62,400,128.62,128.29,128.29,100,128.15,100,127.91,400,126.75,200,126.32,100,,,,,,,,,,,128.62,400,129.47,200,129.68,100,130.04,200,135.27,100,,,,,,,,,,
2026-02-05 09:31:31,128.455,128.16,1,128.29,100,128.62,400,128.62,128.29,128.29,100,128.15,100,127.91,400,126.75,200,126.32,100,,,,,,,,,,,128.62,400,129.47,200,129.68,100,130.04,200,135.27,100,,,,,,,,,,
2026-02-05 09:31:32,128.455,128.16,1,128.29,100,128.62,400,128.62,128.29,128.29,100,128.15,100,127.91,400,126.75,200,126.32,100,,,,,,,,,,,128.62,400,129.47,200,129.68,100,130.04,200,135.27,100,,,,,,,,,,
2026-02-05 09:31:33,128.455,128.16,1,128.29,100,128.62,400,128.62,128.29,128.29,100,128.15,100,127.91,400,126.75,200,126.32,100,,,,,,,,,,,128.62,400,129.47,200,129.68,100,130.04,200,135.27,100,,,,,,,,,,
2026-02-05 09:31:34,128.455,128.16,1,128.29,100,128.62,400,128.62,128.29,128.29,100,128.15,100,127.91,400,126.75,200,126.32,100,,,,,,,,,,,128.62,400,129.47,200,129.68,100,130.04,200,135.27,100,,,,,,,,,,
2026-02-05 09:31:35,128.5,128.16,1,128.29,100,128.71,400,128.71,128.29,128.29,100,128.15,100,127.91,400,126.75,200,126.32,100,,,,,,,,,,,128.71,400,129.47,200,129.68,100,130.04,200,135.27,100,,,,,,,,,,
2026-02-05 09:31:36,128.37,128.16,1,128.11,400,128.63,400,128.63,128.11,128.11,400,127.91,400,126.75,200,126.32,100,,,,,,,,,,,,,128.63,400,129.47,200,129.68,100,130.04,200,135.27,100,,,,,,,,,,
2026-02-05 09:31:37,128.37,128.16,1,128.11,400,128.63,400,128.63,128.11,128.11,400,127.91,400,126.75,200,126.32,100,,,,,,,,,,,,,128.63,400,129.47,200,129.68,100,130.04,200,135.27,100,,,,,,,,,,
2026-02-05 09:31:38,128.37,128.16,1,128.11,400,128.63,400,128.63,128.11,128.11,400,127.91,400,126.75,200,126.32,100,,,,,,,,,,,,,128.63,400,129.47,200,129.68,100,130.04,200,135.27,100,,,,,,,,,,
2026-02-05 09:31:39,128.37,128.16,1,128.11,400,128.63,400,128.63,128.11,128.11,400,127.91,400,126.75,200,126.32,100,,,,,,,,,,,,,128.63,400,129.47,200,129.68,100,130.04,200,135.27,100,,,,,,,,,,
2026-02-05 09:31:40,128.33,128.16,1,128.11,400,128.55,400,128.55,128.11,128.11,400,127.91,400,126.75,200,126.32,100,,,,,,,,,,,,,128.55,400,129.47,200,129.68,100,130.04,200,135.27,100,,,,,,,,,,
2026-02-05 09:31:41,128.25,128.16,1,128.11,400,128.39,100,128.39,128.11,128.11,400,127.91,400,126.75,200,126.32,100,,,,,,,,,,,,,128.39,100,128.55,400,129.47,200,129.68,100,130.04,200,135.27,100,,,,,,,,
2026-02-05 09:31:42,128.25,128.16,1,128.11,400,128.39,100,128.39,128.11,128.11,400,127.91,400,126.75,200,126.32,100,,,,,,,,,,,,,128.39,100,128.55,400,129.47,200,129.68,100,130.04,200,135.27,100,,,,,,,,
2026-02-05 09:31:43,128.25,128.16,1,128.11,400,128.39,100,128.39,128.11,128.11,400,127.91,400,126.75,200,126.32,100,,,,,,,,,,,,,128.39,100,128.55,400,129.47,200,129.68,100,130.04,200,135.27,100,,,,,,,,
2026-02-05 09:31:44,128.25,128.16,1,128.11,400,128.39,100,128.39,128.11,128.11,400,127.91,400,126.75,200,126.32,100,,,,,,,,,,,,,128.39,100,128.55,400,129.47,200,129.68,100,130.04,200,135.27,100,,,,,,,,
2026-02-05 09:31:45,128.25,128.16,1,128.11,400,128.39,100,128.39,128.11,128.11,400,127.91,400,126.75,200,126.32,100,,,,,,,,,,,,,128.39,100,128.55,400,129.47,200,129.68,100,130.04,200,135.27,100,,,,,,,,
2026-02-05 09:31:46,128.25,128.16,1,128.11,400,128.39,100,128.39,128.11,128.11,400,127.91,400,126.75,200,126.32,100,,,,,,,,,,,,,128.39,100,128.55,400,129.47,200,129.68,100,130.04,200,135.27,100,,,,,,,,
2026-02-05 09:31:47,128.25,128.16,1,128.11,400,128.39,100,128.39,128.11,128.11,400,127.91,400,126.75,200,126.32,100,,,,,,,,,,,,,128.39,100,128.55,400,129.47,200,129.68,100,130.04,200,135.27,100,,,,,,,,
2026-02-05 09:31:48,128.25,128.16,1,128.11,400,128.39,100,128.39,128.11,128.11,400,127.91,400,126.75,200,126.32,100,,,,,,,,,,,,,128.39,100,128.55,400,129.47,200,129.68,100,130.04,200,135.27,100,,,,,,,,
2026-02-05 09:31:49,128.25,128.16,1,128.11,400,128.39,100,128.39,128.11,128.11,400,127.91,400,126.75,200,126.32,100,,,,,,,,,,,,,128.39,100,128.55,400,129.47,200,129.68,100,130.04,200,135.27,100,,,,,,,,
2026-02-05 09:31:50,128.295,128.16,1,128.2,100,128.39,100,128.39,128.2,128.2,100,128.11,400,127.91,400,126.75,200,126.32,100,,,,,,,,,,,128.39,100,128.55,400,129.47,200,129.68,100,130.04,200,135.27,100,,,,,,,,
2026-02-05 09:31:51,128.375,128.16,1,128.2,100,128.55,400,128.55,128.2,128.2,100,128.11,400,127.91,400,126.75,200,126.32,100,,,,,,,,,,,128.55,400,129.47,200,129.68,100,130.04,200,135.27,100,,,,,,,,,,
2026-02-05 09:31:52,128.375,128.16,1,128.2,100,128.55,400,128.55,128.2,128.2,100,128.11,400,127.91,400,126.75,200,126.32,100,,,,,,,,,,,128.55,400,129.47,200,129.68,100,130.04,200,135.27,100,,,,,,,,,,
2026-02-05 09:31:53,128.395,128.16,1,128.24,100,128.55,400,128.55,128.24,128.24,100,128.2,100,128.11,400,127.91,400,126.75,200,126.32,100,,,,,,,,,128.55,400,129.47,200,129.68,100,130.04,200,135.27,100,,,,,,,,,,
2026-02-05 09:31:54,128.29,128.16,1,128.03,500,128.55,400,128.55,128.03,128.03,500,127.01,200,126.75,200,126.32,100,,,,,,,,,,,,,128.55,400,129.47,200,129.68,100,130.04,200,135.27,100,,,,,,,,,,
2026-02-05 09:31:55,128.365,128.16,1,128.18,100,128.55,400,128.55,128.18,128.18,100,128.03,400,127.01,200,126.75,200,126.32,100,,,,,,,,,,,128.55,400,129.47,200,129.68,100,130.04,200,135.27,100,,,,,,,,,,
2026-02-05 09:31:56,128.125,128.16,1,128.03,400,128.22,100,128.22,128.03,128.03,400,127.01,200,126.75,200,126.32,100,,,,,,,,,,,,,128.22,100,128.55,400,129.47,200,129.68,100,130.04,200,135.27,100,,,,,,,,
2026-02-05 09:31:57,128.365,128.16,1,128.18,200,128.55,400,128.55,128.18,128.18,200,128.03,400,127.01,200,126.75,200,126.32,100,,,,,,,,,,,128.55,400,129.47,200,129.68,100,130.04,200,135.27,100,,,,,,,,,,
2026-02-05 09:31:58,128.29,128.16,1,128.03,400,128.55,400,128.55,128.03,128.03,400,127.01,200,126.75,200,126.32,100,,,,,,,,,,,,,128.55,400,129.47,200,129.68,100,130.04,200,135.27,100,,,,,,,,,,
2026-02-05 09:31:59,128.29,128.16,1,128.03,400,128.55,400,128.55,128.03,128.03,400,127.01,200,126.75,200,126.32,100,,,,,,,,,,,,,128.55,400,129.47,200,129.68,100,130.04,200,135.27,100,,,,,,,,,,
2026-02-05 09:32:00,128.29,128.16,1,128.03,400,128.55,400,128.55,128.03,128.03,400,127.01,200,126.75,200,126.32,100,,,,,,,,,,,,,128.55,400,129.47,200,129.68,100,130.04,200,135.27,100,,,,,,,,,,
2026-02-05 09:32:01,128.29,128.16,1,128.03,400,128.55,400,128.55,128.03,128.03,400,127.01,200,126.75,200,126.32,100,,,,,,,,,,,,,128.55,400,129.47,200,129.68,100,130.04,200,135.27,100,,,,,,,,,,
2026-02-05 09:32:02,128.37,128.16,1,128.19,100,128.55,400,128.55,128.19,128.19,100,128.03,400,127.01,200,126.75,200,126.32,100,,,,,,,,,,,128.55,400,129.47,200,129.68,100,130.04,200,135.27,100,,,,,,,,,,
2026-02-05 09:32:03,128.37,128.16,1,128.19,100,128.55,400,128.55,128.19,128.19,100,128.03,400,127.01,200,126.75,200,126.32,100,,,,,,,,,,,128.55,400,129.47,200,129.68,100,130.04,200,135.27,100,,,,,,,,,,
2026-02-05 09:32:04,128.37,128.16,1,128.19,100,128.55,400,128.55,128.19,128.19,100,128.03,400,127.01,200,126.75,200,126.32,100,,,,,,,,,,,128.55,400,129.47,200,129.68,100,130.04,200,135.27,100,,,,,,,,,,
2026-02-05 09:32:05,128.29,128.16,1,128.03,400,128.55,400,128.55,128.03,128.03,400,127.01,200,126.75,200,126.32,100,,,,,,,,,,,,,128.55,400,129.47,200,129.68,100,130.04,200,135.27,100,,,,,,,,,,
2026-02-05 09:32:06,128.37,128.16,1,128.19,100,128.55,400,128.55,128.19,128.19,100,128.03,400,127.01,200,126.75,200,126.32,100,,,,,,,,,,,128.55,400,129.47,200,129.68,100,130.04,200,135.27,100,,,,,,,,,,
2026-02-05 09:32:07,128.37,128.16,1,128.19,100,128.55,400,128.55,128.19,128.19,100,128.03,400,127.01,200,126.75,200,126.32,100,,,,,,,,,,,128.55,400,129.47,200,129.68,100,130.04,200,135.27,100,,,,,,,,,,
2026-02-05 09:32:08,128.245,128.16,1,128.19,100,128.3,100,128.3,128.19,128.19,100,128.03,400,127.01,200,126.75,200,126.32,100,,,,,,,,,,,128.3,100,128.46,100,128.55,400,129.47,200,129.68,100,130.04,200,135.27,100,,,,,,
2026-02-05 09:32:09,128.245,128.16,1,128.19,100,128.3,100,128.3,128.19,128.19,100,128.03,400,127.01,200,126.75,200,126.32,100,,,,,,,,,,,128.3,100,128.46,100,128.55,400,129.47,200,129.68,100,130.04,200,135.27,100,,,,,,
2026-02-05 09:32:10,128.245,128.16,1,128.19,100,128.3,100,128.3,128.19,128.19,100,128.03,400,127.01,200,126.75,200,126.32,100,,,,,,,,,,,128.3,100,128.46,100,128.55,400,129.47,200,129.68,100,130.04,200,135.27,100,,,,,,
2026-02-05 09:32:11,128.29,128.21,2,128.15,100,128.43,100,128.43,128.15,128.15,100,128.03,400,127.01,200,126.75,200,126.32,100,,,,,,,,,,,128.43,100,128.46,100,128.55,400,129.47,200,129.68,100,130.04,200,135.27,100,,,,,,
2026-02-05 09:32:12,128.175,128.15,1,127.94,400,128.41,100,128.41,127.94,127.94,400,127.01,200,126.75,200,126.32,100,,,,,,,,,,,,,128.41,100,128.43,100,128.46,100,128.55,400,129.47,200,129.68,100,130.04,200,135.27,100,,,,
2026-02-05 09:32:13,128.13,128.15,1,127.85,400,128.41,100,128.41,127.85,127.85,400,127.01,200,126.75,200,126.32,100,,,,,,,,,,,,,128.41,100,128.43,100,128.46,100,128.55,400,129.47,200,129.68,100,130.04,200,135.27,100,,,,
2026-02-05 09:32:14,128.105,128.15,1,127.85,400,128.36,400,128.36,127.85,127.85,400,127.01,200,126.75,200,126.32,100,,,,,,,,,,,,,128.36,400,128.41,100,128.43,100,128.46,100,128.55,400,129.47,200,129.68,100,130.04,200,135.27,100,,
2026-02-05 09:32:15,128.105,128.15,1,127.85,400,128.36,400,128.36,127.85,127.85,400,127.01,200,126.75,200,126.32,100,,,,,,,,,,,,,128.36,400,128.41,100,128.43,100,128.46,100,128.55,400,129.47,200,129.68,100,130.04,200,135.27,100,,
2026-02-05 09:32:16,128.105,128.15,1,127.85,400,128.36,400,128.36,127.85,127.85,400,127.01,200,126.75,200,126.32,100,,,,,,,,,,,,,128.36,400,128.41,100,128.43,100,128.46,100,128.55,400,129.47,200,129.68,100,130.04,200,135.27,100,,
2026-02-05 09:32:17,128.105,128.03,1,127.85,400,128.36,400,128.36,127.85,127.85,400,127.01,200,126.75,200,126.32,100,,,,,,,,,,,,,128.36,400,128.41,100,128.43,100,128.46,100,128.55,400,129.47,200,129.68,100,130.04,200,135.27,100,,
2026-02-05 09:32:18,128.105,128.03,1,127.85,400,128.36,400,128.36,127.85,127.85,400,127.01,200,126.75,200,126.32,100,,,,,,,,,,,,,128.36,400,128.41,100,128.43,100,128.46,100,128.55,400,129.47,200,129.68,100,130.04,200,135.27,100,,
2026-02-05 09:32:19,128.06,128.03,1,127.85,400,128.27,100,128.27,127.85,127.85,400,127.01,200,126.75,200,126.32,100,,,,,,,,,,,,,128.27,100,128.36,400,128.41,100,128.43,100,128.46,100,128.55,400,129.47,200,129.68,100,130.04,200,135.27,100
2026-02-05 09:32:20,128.015,128.03,1,127.76,400,128.27,100,128.27,127.76,127.76,400,127.01,200,126.75,200,126.32,100,,,,,,,,,,,,,128.27,100,128.36,400,128.41,100,128.43,100,128.46,100,128.55,400,129.47,200,129.68,100,130.04,200,135.27,100
2026-02-05 09:32:21,128.005,128.03,1,127.76,400,128.25,100,128.25,127.76,127.76,400,127.01,200,126.75,200,126.32,100,,,,,,,,,,,,,128.25,100,128.29,100,128.36,400,128.41,100,128.43,100,128.46,100,128.55,400,129.47,200,129.68,100,130.04,200
2026-02-05 09:32:22,128.005,128.03,1,127.76,400,128.25,100,128.25,127.76,127.76,400,127.01,200,126.75,200,126.32,100,,,,,,,,,,,,,128.25,100,128.29,100,128.36,400,128.41,100,128.43,100,128.46,100,128.55,400,129.47,200,129.68,100,130.04,200
2026-02-05 09:32:23,128.005,128.03,1,127.76,400,128.25,100,128.25,127.76,127.76,400,127.01,200,126.75,200,126.32,100,,,,,,,,,,,,,128.25,100,128.29,100,128.36,400,128.41,100,128.43,100,128.46,100,128.55,400,129.47,200,129.68,100,130.04,200
2026-02-05 09:32:24,128.005,128.03,1,127.76,400,128.25,100,128.25,127.76,127.76,400,127.01,200,126.75,200,126.32,100,,,,,,,,,,,,,128.25,100,128.29,100,128.36,400,128.41,100,128.43,100,128.46,100,128.55,400,129.47,200,129.68,100,130.04,200
2026-02-05 09:32:25,128.005,128.03,1,127.76,400,128.25,100,128.25,127.76,127.76,400,127.01,200,126.75,200,126.32,100,,,,,,,,,,,,,128.25,100,128.29,100,128.36,400,128.41,100,128.43,100,128.46,100,128.55,400,129.47,200,129.68,100,130.04,200
2026-02-05 09:32:26,128.005,128.03,1,127.76,400,128.25,100,128.25,127.76,127.76,400,127.01,200,126.75,200,126.32,100,,,,,,,,,,,,,128.25,100,128.29,100,128.36,400,128.41,100,128.43,100,128.46,100,128.55,400,129.47,200,129.68,100,130.04,200
2026-02-05 09:32:27,127.975,128.03,1,127.76,400,128.19,100,128.19,127.76,127.76,400,127.01,200,126.75,200,126.32,100,,,,,,,,,,,,,128.19,100,128.21,100,128.22,100,128.25,100,128.29,100,128.36,400,128.41,100,128.43,100,128.46,100,128.55,400
2026-02-05 09:32:28,127.975,127.94,1,127.76,400,128.19,100,128.19,127.76,127.76,400,127.01,200,126.75,200,126.32,100,,,,,,,,,,,,,128.19,100,128.21,100,128.22,100,128.25,100,128.29,100,128.36,400,128.41,100,128.43,100,128.46,100,128.55,400
2026-02-05 09:32:29,128.075,127.94,1,127.9,100,128.25,100,128.25,127.9,127.9,100,127.76,400,127.01,200,126.75,200,126.32,100,,,,,,,,,,,128.25,100,128.29,100,128.36,400,128.41,100,128.43,100,128.46,100,128.55,400,129.47,200,129.68,100,130.04,200
2026-02-05 09:32:30,128.005,127.94,1,127.76,400,128.25,100,128.25,127.76,127.76,400,127.01,200,126.75,200,126.32,100,,,,,,,,,,,,,128.25,100,128.29,100,128.36,400,128.41,100,128.43,100,128.46,100,128.55,400,129.47,200,129.68,100,130.04,200
2026-02-05 09:32:31,128.005,127.94,1,127.76,400,128.25,100,128.25,127.76,127.76,400,127.01,200,126.75,200,126.32,100,,,,,,,,,,,,,128.25,100,128.29,100,128.36,400,128.41,100,128.43,100,128.46,100,128.55,400,129.47,200,129.68,100,130.04,200
2026-02-05 09:32:32,128.14,127.94,1,128.03,100,128.25,100,128.25,128.03,128.03,100,127.86,400,127.76,400,127.01,200,126.75,200,126.32,100,,,,,,,,,128.25,100,128.29,100,128.36,400,128.41,100,128.43,100,128.46,100,128.55,400,129.47,200,129.68,100,130.04,200
2026-02-05 09:32:33,128.14,127.94,1,128.03,100,128.25,100,128.25,128.03,128.03,100,127.86,400,127.76,400,127.01,200,126.75,200,126.32,100,,,,,,,,,128.25,100,128.29,100,128.36,400,128.41,100,128.43,100,128.46,100,128.55,400,129.47,200,129.68,100,130.04,200
2026-02-05 09:32:34,128.105,127.94,1,127.96,100,128.25,100,128.25,127.96,127.96,100,127.86,400,127.76,400,127.01,200,126.75,200,126.32,100,,,,,,,,,128.25,100,128.29,100,128.36,400,128.41,100,128.43,100,128.46,100,128.55,400,129.47,200,129.68,100,130.04,200
2026-02-05 09:32:35,128.105,128.07,1,127.96,100,128.25,100,128.25,127.96,127.96,100,127.86,400,127.76,400,127.01,200,126.75,200,126.32,100,,,,,,,,,128.25,100,128.29,100,128.36,400,128.41,100,128.43,100,128.46,100,128.55,400,129.47,200,129.68,100,130.04,200
2026-02-05 09:32:36,128.165,128.07,1,128.05,100,128.28,100,128.28,128.05,128.05,100,127.96,100,127.86,400,127.76,400,127.01,200,126.75,200,126.32,100,,,,,,,128.28,100,128.29,100,128.36,400,128.41,100,128.43,100,128.46,100,128.55,400,129.47,200,129.68,100,130.04,200
2026-02-05 09:32:37,128.165,128.07,1,128.05,100,128.28,100,128.28,128.05,128.05,100,127.96,100,127.86,400,127.76,400,127.01,200,126.75,200,126.32,100,,,,,,,128.28,100,128.29,100,128.36,400,128.41,100,128.43,100,128.46,100,128.55,400,129.47,200,129.68,100,130.04,200
2026-02-05 09:32:38,128.155,128.07,1,128.05,100,128.26,100,128.26,128.05,128.05,100,127.96,100,127.86,400,127.76,400,127.01,200,126.75,200,126.32,100,,,,,,,128.26,100,128.28,100,128.29,100,128.36,400,128.41,100,128.43,100,128.46,100,128.55,400,129.47,200,129.68,100
2026-02-05 09:32:39,128.155,128.07,1,128.05,100,128.26,100,128.26,128.05,128.05,100,127.96,100,127.86,400,127.76,400,127.01,200,126.75,200,126.32,100,,,,,,,128.26,100,128.28,100,128.29,100,128.36,400,128.41,100,128.43,100,128.46,100,128.55,400,129.47,200,129.68,100
2026-02-05 09:32:40,128.195,128.08,1,128.1,100,128.29,200,128.29,128.1,128.1,100,127.96,100,127.86,400,127.76,400,127.01,200,126.75,200,126.32,100,,,,,,,128.29,200,128.36,400,128.41,100,128.43,100,128.46,100,128.55,400,129.47,200,129.68,100,130.04,200,135.27,100
2026-02-05 09:32:41,128.195,128.08,1,128.1,100,128.29,200,128.29,128.1,128.1,100,127.96,100,127.86,400,127.76,400,127.01,200,126.75,200,126.32,100,,,,,,,128.29,200,128.36,400,128.41,100,128.43,100,128.46,100,128.55,400,129.47,200,129.68,100,130.04,200,135.27,100
2026-02-05 09:32:42,128.195,128.08,1,128.1,100,128.29,200,128.29,128.1,128.1,100,127.96,100,127.86,400,127.76,400,127.01,200,126.75,200,126.32,100,,,,,,,128.29,200,128.36,400,128.41,100,128.43,100,128.46,100,128.55,400,129.47,200,129.68,100,130.04,200,135.27,100
2026-02-05 09:32:43,128.21,128.08,1,128.13,100,128.29,200,128.29,128.13,128.13,100,128.07,100,127.96,100,127.86,400,127.76,400,127.01,200,126.75,200,126.32,100,,,,,128.29,200,128.36,400,128.41,100,128.43,100,128.46,100,128.55,400,129.47,200,129.68,100,130.04,200,135.27,100
2026-02-05 09:32:44,128.245,128.19,1,128.08,100,128.41,100,128.41,128.08,128.08,100,128.07,100,127.96,100,127.86,400,127.76,400,127.01,200,126.75,200,126.32,100,,,,,128.41,100,128.45,400,128.46,100,128.55,400,129.47,200,129.68,100,130.04,200,135.27,100,,,,
2026-02-05 09:32:45,128.265,128.19,1,128.08,100,128.45,400,128.45,128.08,128.08,100,128.07,100,127.96,100,127.86,400,127.76,400,127.01,200,126.75,200,126.32,100,,,,,128.45,400,128.46,100,128.55,400,129.47,200,129.68,100,130.04,200,135.27,100,,,,,,
2026-02-05 09:32:46,128.265,128.19,1,128.08,100,128.45,400,128.45,128.08,128.08,100,128.07,100,127.96,100,127.86,400,127.76,400,127.01,200,126.75,200,126.32,100,,,,,128.45,400,128.46,100,128.55,400,129.47,200,129.68,100,130.04,200,135.27,100,,,,,,
2026-02-05 09:32:47,128.265,128.19,1,128.08,100,128.45,400,128.45,128.08,128.08,100,128.07,100,127.96,100,127.86,400,127.76,400,127.01,200,126.75,200,126.32,100,,,,,128.45,400,128.46,100,128.55,400,129.47,200,129.68,100,130.04,200,135.27,100,,,,,,
2026-02-05 09:32:48,128.265,128.19,1,128.08,100,128.45,400,128.45,128.08,128.08,100,128.07,100,127.96,100,127.86,400,127.76,400,127.01,200,126.75,200,126.32,100,,,,,128.45,400,128.46,100,128.55,400,129.47,200,129.68,100,130.04,200,135.27,100,,,,,,
2026-02-05 09:32:49,128.265,128.19,1,128.08,100,128.45,400,128.45,128.08,128.08,100,128.07,100,127.96,100,127.86,400,127.76,400,127.01,200,126.75,200,126.32,100,,,,,128.45,400,128.46,100,128.55,400,129.47,200,129.68,100,130.04,200,135.27,100,,,,,,
2026-02-05 09:32:50,128.17,128.19,1,128.08,100,128.26,100,128.26,128.08,128.08,100,128.07,100,127.96,100,127.86,400,127.76,400,127.01,200,126.75,200,126.32,100,,,,,128.26,100,128.45,400,128.46,100,128.55,400,129.47,200,129.68,100,130.04,200,135.27,100,,,,
2026-02-05 09:32:51,128.11,128.19,1,127.96,400,128.26,100,128.26,127.96,127.96,400,127.86,400,127.76,400,127.01,200,126.75,200,126.32,100,,,,,,,,,128.26,100,128.45,400,128.46,100,128.55,400,129.47,200,129.68,100,130.04,200,135.27,100,,,,
2026-02-05 09:32:52,128.11,128.19,1,127.96,400,128.26,100,128.26,127.96,127.96,400,127.86,400,127.76,400,127.01,200,126.75,200,126.32,100,,,,,,,,,128.26,100,128.45,400,128.46,100,128.55,400,129.47,200,129.68,100,130.04,200,135.27,100,,,,
2026-02-05 09:32:53,128.11,128.19,1,127.96,400,128.26,100,128.26,127.96,127.96,400,127.86,400,127.76,400,127.01,200,126.75,200,126.32,100,,,,,,,,,128.26,100,128.45,400,128.46,100,128.55,400,129.47,200,129.68,100,130.04,200,135.27,100,,,,
2026-02-05 09:32:54,128.11,128.19,1,127.96,400,128.26,100,128.26,127.96,127.96,400,127.86,400,127.76,400,127.01,200,126.75,200,126.32,100,,,,,,,,,128.26,100,128.45,400,128.46,100,128.55,400,129.47,200,129.68,100,130.04,200,135.27,100,,,,
2026-02-05 09:32:55,128.11,128.19,1,127.96,400,128.26,100,128.26,127.96,127.96,400,127.86,400,127.76,400,127.01,200,126.75,200,126.32,100,,,,,,,,,128.26,100,128.45,400,128.46,100,128.55,400,129.47,200,129.68,100,130.04,200,135.27,100,,,,
2026-02-05 09:32:56,128.285,128.19,1,128.04,400,128.53,400,128.53,128.04,128.04,400,127.01,200,126.75,200,126.32,100,,,,,,,,,,,,,128.53,400,129.47,200,129.68,100,130.04,200,135.27,100,,,,,,,,,,
2026-02-05 09:32:57,128.385,128.19,1,128.24,100,128.53,400,128.53,128.24,128.24,100,128.04,400,127.01,200,126.75,200,126.32,100,,,,,,,,,,,128.53,400,129.47,200,129.68,100,130.04,200,135.27,100,,,,,,,,,,
2026-02-05 09:32:58,128.4,128.19,1,128.27,100,128.53,400,128.53,128.27,128.27,100,128.04,400,127.01,200,126.75,200,126.32,100,,,,,,,,,,,128.53,400,129.47,200,129.68,100,130.04,200,135.27,100,,,,,,,,,,
2026-02-05 09:32:59,128.3,128.24,1,128.15,100,128.45,400,128.45,128.15,128.15,100,128.04,400,127.01,200,126.75,200,126.32,100,,,,,,,,,,,128.45,400,128.53,400,129.47,200,129.68,100,130.04,200,135.27,100,,,,,,,,
2026-02-05 09:33:00,128.245,128.24,1,128.04,400,128.45,400,128.45,128.04,128.04,400,127.01,200,126.75,200,126.32,100,,,,,,,,,,,,,128.45,400,128.53,400,129.47,200,129.68,100,130.04,200,135.27,100,,,,,,,,
2026-02-05 09:33:01,128.245,128.24,1,128.04,400,128.45,400,128.45,128.04,128.04,400,127.01,200,126.75,200,126.32,100,,,,,,,,,,,,,128.45,400,128.53,400,129.47,200,129.68,100,130.04,200,135.27,100,,,,,,,,
2026-02-05 09:33:02,128.245,128.24,1,128.04,400,128.45,400,128.45,128.04,128.04,400,127.01,200,126.75,200,126.32,100,,,,,,,,,,,,,128.45,400,128.53,400,129.47,200,129.68,100,130.04,200,135.27,100,,,,,,,,
2026-02-05 09:33:03,128.385,128.24,1,128.12,400,128.65,400,128.65,128.12,128.12,400,128.04,400,127.01,200,126.75,200,126.32,100,,,,,,,,,,,128.65,400,129.47,200,129.68,100,130.04,200,135.27,100,,,,,,,,,,
2026-02-05 09:33:04,128.385,128.24,1,128.12,400,128.65,400,128.65,128.12,128.12,400,128.04,400,127.01,200,126.75,200,126.32,100,,,,,,,,,,,128.65,400,129.47,200,129.68,100,130.04,200,135.27,100,,,,,,,,,,
2026-02-05 09:33:05,128.385,128.24,1,128.12,400,128.65,400,128.65,128.12,128.12,400,128.04,400,127.01,200,126.75,200,126.32,100,,,,,,,,,,,128.65,400,129.47,200,129.68,100,130.04,200,135.27,100,,,,,,,,,,
2026-02-05 09:33:06,128.485,128.24,1,128.32,200,128.65,400,128.65,128.32,128.32,200,128.12,400,128.04,400,127.01,200,126.75,200,126.32,100,,,,,,,,,128.65,400,129.47,200,129.68,100,130.04,200,135.27,100,,,,,,,,,,
2026-02-05 09:33:07,128.485,128.24,1,128.32,100,128.65,400,128.65,128.32,128.32,100,128.12,400,128.04,400,127.01,200,126.75,200,126.32,100,,,,,,,,,128.65,400,129.47,200,129.68,100,130.04,200,135.27,100,,,,,,,,,,
2026-02-05 09:33:08,128.385,128.24,1,128.12,400,128.65,400,128.65,128.12,128.12,400,128.04,400,127.01,200,126.75,200,126.32,100,,,,,,,,,,,128.65,400,129.47,200,129.68,100,130.04,200,135.27,100,,,,,,,,,,
2026-02-05 09:33:09,128.385,128.24,1,128.12,400,128.65,400,128.65,128.12,128.12,400,128.04,400,127.01,200,126.75,200,126.32,100,,,,,,,,,,,128.65,400,129.47,200,129.68,100,130.04,200,135.27,100,,,,,,,,,,
2026-02-05 09:33:10,128.385,128.38,1,128.12,400,128.65,400,128.65,128.12,128.12,400,128.04,400,127.01,200,126.75,200,126.32,100,,,,,,,,,,,128.65,400,129.47,200,129.68,100,130.04,200,135.27,100,,,,,,,,,,
2026-02-05 09:33:11,128.29,128.38,1,128.12,400,128.46,100,128.46,128.12,128.12,400,128.04,400,127.01,200,126.75,200,126.32,100,,,,,,,,,,,128.46,100,128.65,400,129.47,200,129.68,100,130.04,200,135.27,100,,,,,,,,
2026-02-05 09:33:12,128.29,128.38,1,128.12,400,128.46,100,128.46,128.12,128.12,400,128.04,400,127.01,200,126.75,200,126.32,100,,,,,,,,,,,128.46,100,128.65,400,129.47,200,129.68,100,130.04,200,135.27,100,,,,,,,,
2026-02-05 09:33:13,128.29,128.38,1,128.12,400,128.46,100,128.46,128.12,128.12,400,128.04,400,127.01,200,126.75,200,126.32,100,,,,,,,,,,,128.46,100,128.65,400,129.47,200,129.68,100,130.04,200,135.27,100,,,,,,,,
2026-02-05 09:33:14,128.425,128.38,1,128.2,400,128.65,400,128.65,128.2,128.2,400,127.01,200,126.75,200,126.32,100,,,,,,,,,,,,,128.65,400,129.47,200,129.68,100,130.04,200,135.27,100,,,,,,,,,,
2026-02-05 09:33:15,128.425,128.38,1,128.2,400,128.65,400,128.65,128.2,128.2,400,127.01,200,126.75,200,126.32,100,,,,,,,,,,,,,128.65,400,129.47,200,129.68,100,130.04,200,135.27,100,,,,,,,,,,
2026-02-05 09:33:16,128.425,128.38,1,128.2,400,128.65,400,128.65,128.2,128.2,400,127.01,200,126.75,200,126.32,100,,,,,,,,,,,,,128.65,400,129.47,200,129.68,100,130.04,200,135.27,100,,,,,,,,,,
2026-02-05 09:33:17,128.425,128.38,1,128.2,400,128.65,400,128.65,128.2,128.2,400,127.01,200,126.75,200,126.32,100,,,,,,,,,,,,,128.65,400,129.47,200,129.68,100,130.04,200,135.27,100,,,,,,,,,,
2026-02-05 09:33:18,128.48,128.38,1,128.31,200,128.65,400,128.65,128.31,128.31,200,128.2,400,127.01,200,126.75,200,126.32,100,,,,,,,,,,,128.65,400,129.47,200,129.68,100,130.04,200,135.27,100,,,,,,,,,,
2026-02-05 09:33:19,128.48,128.38,1,128.31,100,128.65,400,128.65,128.31,128.31,100,128.2,400,127.01,200,126.75,200,126.32,100,,,,,,,,,,,128.65,400,129.47,200,129.68,100,130.04,200,135.27,100,,,,,,,,,,
2026-02-05 09:33:20,128.48,128.38,1,128.31,100,128.65,400,128.65,128.31,128.31,100,128.2,400,127.01,200,126.75,200,126.32,100,,,,,,,,,,,128.65,400,129.47,200,129.68,100,130.04,200,135.27,100,,,,,,,,,,
2026-02-05 09:33:21,128.48,128.38,1,128.31,100,128.65,400,128.65,128.31,128.31,100,128.2,400,127.01,200,126.75,200,126.32,100,,,,,,,,,,,128.65,400,129.47,200,129.68,100,130.04,200,135.27,100,,,,,,,,,,
2026-02-05 09:33:22,128.41,128.38,1,128.32,100,128.5,100,128.5,128.32,128.32,100,128.2,400,127.01,200,126.75,200,126.32,100,,,,,,,,,,,128.5,100,128.77,500,129.47,200,129.68,100,130.04,200,135.27,100,,,,,,,,
2026-02-05 09:33:23,128.41,128.38,1,128.32,100,128.5,100,128.5,128.32,128.32,100,128.2,400,127.01,200,126.75,200,126.32,100,,,,,,,,,,,128.5,100,128.77,500,129.47,200,129.68,100,130.04,200,135.27,100,,,,,,,,
2026-02-05 09:33:24,128.41,128.38,1,128.32,100,128.5,100,128.5,128.32,128.32,100,128.2,400,127.01,200,126.75,200,126.32,100,,,,,,,,,,,128.5,100,128.77,500,129.47,200,129.68,100,130.04,200,135.27,100,,,,,,,,
2026-02-05 09:33:25,128.41,128.38,1,128.32,100,128.5,200,128.5,128.32,128.32,100,128.2,400,127.01,200,126.75,200,126.32,100,,,,,,,,,,,128.5,200,128.77,500,129.47,200,129.68,100,130.04,200,135.27,100,,,,,,,,
2026-02-05 09:33:26,128.41,128.38,1,128.32,100,128.5,200,128.5,128.32,128.32,100,128.2,400,127.01,200,126.75,200,126.32,100,,,,,,,,,,,128.5,200,128.77,500,129.47,200,129.68,100,130.04,200,135.27,100,,,,,,,,
2026-02-05 09:33:27,128.425,128.38,1,128.35,200,128.5,200,128.5,128.35,128.35,200,128.32,100,128.2,400,127.01,200,126.75,200,126.32,100,,,,,,,,,128.5,200,128.77,500,129.47,200,129.68,100,130.04,200,135.27,100,,,,,,,,
2026-02-05 09:33:28,128.425,128.38,1,128.35,100,128.5,200,128.5,128.35,128.35,100,128.32,100,128.2,400,127.01,200,126.75,200,126.32,100,,,,,,,,,128.5,200,128.77,500,129.47,200,129.68,100,130.04,200,135.27,100,,,,,,,,
2026-02-05 09:33:29,128.425,128.38,1,128.35,100,128.5,200,128.5,128.35,128.35,100,128.32,100,128.2,400,127.01,200,126.75,200,126.32,100,,,,,,,,,128.5,200,128.77,500,129.47,200,129.68,100,130.04,200,135.27,100,,,,,,,,
2026-02-05 09:33:30,128.425,128.38,1,128.35,100,128.5,200,128.5,128.35,128.35,100,128.32,100,128.2,400,127.01,200,126.75,200,126.32,100,,,,,,,,,128.5,200,128.77,500,129.47,200,129.68,100,130.04,200,135.27,100,,,,,,,,
2026-02-05 09:33:31,128.425,128.38,1,128.35,100,128.5,200,128.5,128.35,128.35,100,128.32,100,128.2,400,127.01,200,126.75,200,126.32,100,,,,,,,,,128.5,200,128.77,500,129.47,200,129.68,100,130.04,200,135.27,100,,,,,,,,
2026-02-05 09:33:32,128.425,128.38,1,128.35,100,128.5,200,128.5,128.35,128.35,100,128.32,100,128.2,400,127.01,200,126.75,200,126.32,100,,,,,,,,,128.5,200,128.77,500,129.47,200,129.68,100,130.04,200,135.27,100,,,,,,,,
2026-02-05 09:33:33,128.425,128.38,1,128.35,100,128.5,100,128.5,128.35,128.35,100,128.32,100,128.2,400,127.01,200,126.75,200,126.32,100,,,,,,,,,128.5,100,128.77,500,129.47,200,129.68,100,130.04,200,135.27,100,,,,,,,,
2026-02-05 09:33:34,128.425,128.38,1,128.35,100,128.5,100,128.5,128.35,128.35,100,128.32,100,128.2,400,127.01,200,126.75,200,126.32,100,,,,,,,,,128.5,100,128.77,500,129.47,200,129.68,100,130.04,200,135.27,100,,,,,,,,
2026-02-05 09:33:35,128.61,128.5,1,128.35,100,128.87,400,128.87,128.35,128.35,100,128.32,100,128.2,400,127.01,200,126.75,200,126.32,100,,,,,,,,,128.87,400,129.68,100,130.04,200,135.27,100,,,,,,,,,,,,
2026-02-05 09:33:36,128.62,128.5,1,128.37,400,128.87,400,128.87,128.37,128.37,400,128.35,100,128.32,100,128.2,400,127.01,200,126.75,200,126.32,100,,,,,,,128.87,400,129.68,100,130.04,200,135.27,100,,,,,,,,,,,,
2026-02-05 09:33:37,128.62,128.5,1,128.37,400,128.87,400,128.87,128.37,128.37,400,128.35,100,128.32,100,128.2,400,127.01,200,126.75,200,126.32,100,,,,,,,128.87,400,129.68,100,130.04,200,135.27,100,,,,,,,,,,,,
2026-02-05 09:33:38,128.62,128.5,1,128.37,400,128.87,400,128.87,128.37,128.37,400,128.35,100,128.32,100,128.2,400,127.01,200,126.75,200,126.32,100,,,,,,,128.87,400,129.68,100,130.04,200,135.27,100,,,,,,,,,,,,
2026-02-05 09:33:39,128.8,128.5,1,128.61,100,128.99,400,128.99,128.61,128.61,100,128.37,400,128.35,100,128.32,100,128.2,400,127.01,200,126.75,200,126.32,100,,,,,128.99,400,129.68,100,130.04,200,135.27,100,,,,,,,,,,,,
2026-02-05 09:33:40,128.8,128.5,1,128.61,100,128.99,400,128.99,128.61,128.61,100,128.37,400,128.35,100,128.32,100,128.2,400,127.01,200,126.75,200,126.32,100,,,,,128.99,400,129.68,100,130.04,200,135.27,100,,,,,,,,,,,,
2026-02-05 09:33:41,128.8,128.5,1,128.61,100,128.99,400,128.99,128.61,128.61,100,128.37,400,128.35,100,128.32,100,128.2,400,127.01,200,126.75,200,126.32,100,,,,,128.99,400,129.68,100,130.04,200,135.27,100,,,,,,,,,,,,
2026-02-05 09:33:42,128.8,128.5,1,128.61,100,128.99,400,128.99,128.61,128.61,100,128.37,400,128.35,100,128.32,100,128.2,400,127.01,200,126.75,200,126.32,100,,,,,128.99,400,129.68,100,130.04,200,135.27,100,,,,,,,,,,,,
2026-02-05 09:33:43,128.83,128.5,1,128.67,100,128.99,400,128.99,128.67,128.67,100,128.61,100,128.37,400,128.35,100,128.32,100,128.2,400,127.01,200,126.75,200,126.32,100,,,128.99,400,129.68,100,130.04,200,135.27,100,,,,,,,,,,,,
2026-02-05 09:33:44,128.83,128.5,1,128.67,100,128.99,400,128.99,128.67,128.67,100,128.61,100,128.37,400,128.35,100,128.32,100,128.2,400,127.01,200,126.75,200,126.32,100,,,128.99,400,129.68,100,130.04,200,135.27,100,,,,,,,,,,,,
2026-02-05 09:33:45,128.8,128.5,1,128.61,100,128.99,400,128.99,128.61,128.61,100,128.37,400,128.35,100,128.32,100,128.2,400,127.01,200,126.75,200,126.32,100,,,,,128.99,400,129.68,100,130.04,200,135.27,100,,,,,,,,,,,,
2026-02-05 09:33:46,128.8,128.5,1,128.61,100,128.99,400,128.99,128.61,128.61,100,128.37,400,128.35,100,128.32,100,128.2,400,127.01,200,126.75,200,126.32,100,,,,,128.99,400,129.68,100,130.04,200,135.27,100,,,,,,,,,,,,
2026-02-05 09:33:47,128.8,128.5,1,128.61,100,128.99,400,128.99,128.61,128.61,100,128.37,400,128.35,100,128.32,100,128.2,400,127.01,200,126.75,200,126.32,100,,,,,128.99,400,129.68,100,130.04,200,135.27,100,,,,,,,,,,,,
2026-02-05 09:33:48,128.8,128.5,1,128.61,100,128.99,400,128.99,128.61,128.61,100,128.37,400,128.35,100,128.32,100,128.2,400,127.01,200,126.75,200,126.32,100,,,,,128.99,400,129.68,100,130.04,200,135.27,100,,,,,,,,,,,,
2026-02-05 09:33:49,128.8,128.5,1,128.61,100,128.99,400,128.99,128.61,128.61,100,128.37,400,128.35,100,128.32,100,128.2,400,127.01,200,126.75,200,126.32,100,,,,,128.99,400,129.68,100,130.04,200,135.27,100,,,,,,,,,,,,
2026-02-05 09:33:50,128.855,128.5,1,128.61,100,129.1,400,129.1,128.61,128.61,100,128.37,400,128.35,100,128.32,100,128.2,400,127.01,200,126.75,200,126.32,100,,,,,129.1,400,129.68,100,130.04,200,135.27,100,,,,,,,,,,,,
2026-02-05 09:33:51,128.755,128.5,1,128.61,100,128.9,100,128.9,128.61,128.61,100,128.37,400,128.35,100,128.32,100,128.2,400,127.01,200,126.75,200,126.32,100,,,,,128.9,100,129.1,400,129.68,100,130.04,200,135.27,100,,,,,,,,,,
2026-02-05 09:33:52,128.855,128.5,1,128.61,100,129.1,400,129.1,128.61,128.61,100,128.37,400,128.35,100,128.32,100,128.2,400,127.01,200,126.75,200,126.32,100,,,,,129.1,400,129.68,100,130.04,200,135.27,100,,,,,,,,,,,,
2026-02-05 09:33:53,128.75,128.5,1,128.61,100,128.89,100,128.89,128.61,128.61,100,128.37,400,128.35,100,128.32,100,128.2,400,127.01,200,126.75,200,126.32,100,,,,,128.89,100,129.1,400,129.68,100,130.04,200,135.27,100,,,,,,,,,,
2026-02-05 09:33:54,128.68,128.5,1,128.47,400,128.89,100,128.89,128.47,128.47,400,128.37,400,128.35,100,128.32,100,128.2,400,127.01,200,126.75,200,126.32,100,,,,,128.89,100,129.1,400,129.68,100,130.04,200,135.27,100,,,,,,,,,,
2026-02-05 09:33:55,128.68,128.5,1,128.47,400,128.89,100,128.89,128.47,128.47,400,128.37,400,128.35,100,128.32,100,128.2,400,127.01,200,126.75,200,126.32,100,,,,,128.89,100,129.1,400,129.68,100,130.04,200,135.27,100,,,,,,,,,,
2026-02-05 09:33:56,128.68,128.5,1,128.47,400,128.89,100,128.89,128.47,128.47,400,128.37,400,128.35,100,128.32,100,128.2,400,127.01,200,126.75,200,126.32,100,,,,,128.89,100,129.1,400,129.68,100,130.04,200,135.27,100,,,,,,,,,,
2026-02-05 09:33:57,128.78,128.7,1,128.68,200,128.88,100,128.88,128.68,128.68,200,128.47,400,128.37,400,128.35,100,128.32,100,128.2,400,127.01,200,126.75,200,126.32,100,,,128.88,100,129.02,400,129.1,400,129.68,100,130.04,200,135.27,100,,,,,,,,
2026-02-05 09:33:58,128.63,128.72,1,128.47,400,128.79,100,128.79,128.47,128.47,400,128.37,400,128.35,100,128.32,100,128.2,400,127.01,200,126.75,200,126.32,100,,,,,128.79,100,128.88,100,129.02,400,129.1,400,129.68,100,130.04,200,135.27,100,,,,,,
2026-02-05 09:33:59,128.63,128.72,1,128.47,400,128.79,100,128.79,128.47,128.47,400,128.37,400,128.35,100,128.32,100,128.2,400,127.01,200,126.75,200,126.32,100,,,,,128.79,100,128.88,100,129.02,400,129.1,400,129.68,100,130.04,200,135.27,100,,,,,,
2026-02-05 09:34:00,128.63,128.72,1,128.47,400,128.79,100,128.79,128.47,128.47,400,128.37,400,128.35,100,128.32,100,128.2,400,127.01,200,126.75,200,126.32,100,,,,,128.79,100,128.88,100,129.02,400,129.1,400,129.68,100,130.04,200,135.27,100,,,,,,
2026-02-05 09:34:01,128.63,128.72,1,128.47,400,128.79,100,128.79,128.47,128.47,400,128.37,400,128.35,100,128.32,100,128.2,400,127.01,200,126.75,200,126.32,100,,,,,128.79,100,128.88,100,129.02,400,129.1,400,129.68,100,130.04,200,135.27,100,,,,,,
2026-02-05 09:34:02,128.63,128.72,1,128.47,400,128.79,100,128.79,128.47,128.47,400,128.37,400,128.35,100,128.32,100,128.2,400,127.01,200,126.75,200,126.32,100,,,,,128.79,100,128.88,100,129.02,400,129.1,400,129.68,100,130.04,200,135.27,100,,,,,,
2026-02-05 09:34:03,128.745,128.68,1,128.47,400,129.02,400,129.02,128.47,128.47,400,128.37,400,128.35,100,128.32,100,128.2,400,127.01,200,126.75,200,126.32,100,,,,,129.02,400,129.1,400,129.68,100,130.04,200,135.27,100,,,,,,,,,,
2026-02-05 09:34:04,128.83,128.68,1,128.64,200,129.02,400,129.02,128.64,128.64,200,128.47,400,128.37,400,128.35,100,128.32,100,128.2,400,127.01,200,126.75,200,126.32,100,,,129.02,400,129.1,400,129.68,100,130.04,200,135.27,100,,,,,,,,,,
2026-02-05 09:34:05,128.83,128.68,1,128.64,100,129.02,400,129.02,128.64,128.64,100,128.47,400,128.37,400,128.35,100,128.32,100,128.2,400,127.01,200,126.75,200,126.32,100,,,129.02,400,129.1,400,129.68,100,130.04,200,135.27,100,,,,,,,,,,
2026-02-05 09:34:06,128.835,128.68,1,128.65,300,129.02,400,129.02,128.65,128.65,300,128.47,400,128.37,400,128.35,100,128.32,100,128.2,400,127.01,200,126.75,200,126.32,100,,,129.02,400,129.1,400,129.68,100,130.04,200,135.27,100,,,,,,,,,,
2026-02-05 09:34:07,128.785,128.69,2,128.55,500,129.02,400,129.02,128.55,128.55,500,128.47,400,128.37,400,128.35,100,128.32,100,128.2,400,127.01,200,126.75,200,126.32,100,,,129.02,400,129.1,400,129.68,100,130.04,200,135.27,100,,,,,,,,,,
2026-02-05 09:34:08,128.86,128.77,1,128.7,100,129.02,400,129.02,128.7,128.7,100,128.55,400,128.47,400,128.37,400,128.35,100,128.32,100,128.2,400,127.01,200,126.75,200,126.32,100,129.02,400,129.1,400,129.68,100,130.04,200,135.27,100,,,,,,,,,,
2026-02-05 09:34:09,128.665,128.77,1,128.55,400,128.78,100,128.78,128.55,128.55,400,128.47,400,128.37,400,128.35,100,128.32,100,128.2,400,127.01,200,126.75,200,126.32,100,,,128.78,100,129.02,400,129.1,400,129.68,100,130.04,200,135.27,100,,,,,,,,
2026-02-05 09:34:10,128.665,128.77,1,128.55,400,128.78,100,128.78,128.55,128.55,400,128.47,400,128.37,400,128.35,100,128.32,100,128.2,400,127.01,200,126.75,200,126.32,100,,,128.78,100,129.02,400,129.1,400,129.68,100,130.04,200,135.27,100,,,,,,,,
2026-02-05 09:34:11,128.665,128.77,1,128.55,400,128.78,100,128.78,128.55,128.55,400,128.47,400,128.37,400,128.35,100,128.32,100,128.2,400,127.01,200,126.75,200,126.32,100,,,128.78,100,129.02,400,129.1,400,129.68,100,130.04,200,135.27,100,,,,,,,,
2026-02-05 09:34:12,128.705,128.77,1,128.63,100,128.78,100,128.78,128.63,128.63,100,128.55,400,128.47,400,128.37,400,128.35,100,128.32,100,128.2,400,127.01,200,126.75,200,126.32,100,128.78,100,129.02,400,129.1,400,129.68,100,130.04,200,135.27,100,,,,,,,,
2026-02-05 09:34:13,128.705,128.77,1,128.63,100,128.78,100,128.78,128.63,128.63,100,128.55,400,128.47,400,128.37,400,128.35,100,128.32,100,128.2,400,127.01,200,126.75,200,126.32,100,128.78,100,129.02,400,129.1,400,129.68,100,130.04,200,135.27,100,,,,,,,,
2026-02-05 09:34:14,128.705,128.77,1,128.63,100,128.78,100,128.78,128.63,128.63,100,128.55,400,128.47,400,128.37,400,128.35,100,128.32,100,128.2,400,127.01,200,126.75,200,126.32,100,128.78,100,129.02,400,129.1,400,129.68,100,130.04,200,135.27,100,,,,,,,,
2026-02-05 09:34:15,128.705,128.77,1,128.63,100,128.78,100,128.78,128.63,128.63,100,128.55,400,128.47,400,128.37,400,128.35,100,128.32,100,128.2,400,127.01,200,126.75,200,126.32,100,128.78,100,129.02,400,129.1,400,129.68,100,130.04,200,135.27,100,,,,,,,,
2026-02-05 09:34:16,128.705,128.77,1,128.63,100,128.78,100,128.78,128.63,128.63,100,128.55,400,128.47,400,128.37,400,128.35,100,128.32,100,128.2,400,127.01,200,126.75,200,126.32,100,128.78,100,129.02,400,129.1,400,129.68,100,130.04,200,135.27,100,,,,,,,,
2026-02-05 09:34:17,128.705,128.77,1,128.63,100,128.78,100,128.78,128.63,128.63,100,128.55,400,128.47,400,128.37,400,128.35,100,128.32,100,128.2,400,127.01,200,126.75,200,126.32,100,128.78,100,129.02,400,129.1,400,129.68,100,130.04,200,135.27,100,,,,,,,,
2026-02-05 09:34:18,128.705,128.77,1,128.63,100,128.78,100,128.78,128.63,128.63,100,128.55,400,128.47,400,128.37,400,128.35,100,128.32,100,128.2,400,127.01,200,126.75,200,126.32,100,128.78,100,129.02,400,129.1,400,129.68,100,130.04,200,135.27,100,,,,,,,,
2026-02-05 09:34:19,128.705,128.77,1,128.63,100,128.78,100,128.78,128.63,128.63,100,128.55,400,128.47,400,128.37,400,128.35,100,128.32,100,128.2,400,127.01,200,126.75,200,126.32,100,128.78,100,129.02,400,129.1,400,129.68,100,130.04,200,135.27,100,,,,,,,,
2026-02-05 09:34:20,128.705,128.77,1,128.63,100,128.78,100,128.78,128.63,128.63,100,128.55,400,128.47,400,128.37,400,128.35,100,128.32,100,128.2,400,127.01,200,126.75,200,126.32,100,128.78,100,129.02,400,129.1,400,129.68,100,130.04,200,135.27,100,,,,,,,,
2026-02-05 09:34:21,128.705,128.77,1,128.63,100,128.78,100,128.78,128.63,128.63,100,128.55,400,128.47,400,128.37,400,128.35,100,128.32,100,128.2,400,127.01,200,126.75,200,126.32,100,128.78,100,129.02,400,129.1,400,129.68,100,130.04,200,135.27,100,,,,,,,,
2026-02-05 09:34:22,128.705,128.77,1,128.63,100,128.78,100,128.78,128.63,128.63,100,128.55,400,128.47,400,128.37,400,128.35,100,128.32,100,128.2,400,127.01,200,126.75,200,126.32,100,128.78,100,129.02,400,129.1,400,129.68,100,130.04,200,135.27,100,,,,,,,,
2026-02-05 09:34:23,128.705,128.77,1,128.63,100,128.78,100,128.78,128.63,128.63,100,128.55,400,128.47,400,128.37,400,128.35,100,128.32,100,128.2,400,127.01,200,126.75,200,126.32,100,128.78,100,129.02,400,129.1,400,129.68,100,130.04,200,135.27,100,,,,,,,,
2026-02-05 09:34:24,128.705,128.77,1,128.63,100,128.78,100,128.78,128.63,128.63,100,128.55,400,128.47,400,128.37,400,128.35,100,128.32,100,128.2,400,127.01,200,126.75,200,126.32,100,128.78,100,129.02,400,129.1,400,129.68,100,130.04,200,135.27,100,,,,,,,,
2026-02-05 09:34:25,128.825,128.77,1,128.63,100,129.02,400,129.02,128.63,128.63,100,128.55,400,128.47,400,128.37,400,128.35,100,128.32,100,128.2,400,127.01,200,126.75,200,126.32,100,129.02,400,129.1,400,129.68,100,130.04,200,135.27,100,,,,,,,,,,
2026-02-05 09:34:26,128.825,128.77,1,128.63,100,129.02,400,129.02,128.63,128.63,100,128.55,400,128.47,400,128.37,400,128.35,100,128.32,100,128.2,400,127.01,200,126.75,200,126.32,100,129.02,400,129.1,400,129.68,100,130.04,200,135.27,100,,,,,,,,,,
2026-02-05 09:34:27,128.825,128.77,1,128.63,100,129.02,400,129.02,128.63,128.63,100,128.55,400,128.47,400,128.37,400,128.35,100,128.32,100,128.2,400,127.01,200,126.75,200,126.32,100,129.02,400,129.1,400,129.68,100,130.04,200,135.27,100,,,,,,,,,,
2026-02-05 09:34:28,128.825,128.77,1,128.63,100,129.02,400,129.02,128.63,128.63,100,128.55,400,128.47,400,128.37,400,128.35,100,128.32,100,128.2,400,127.01,200,126.75,200,126.32,100,129.02,400,129.1,400,129.68,100,130.04,200,135.27,100,,,,,,,,,,
2026-02-05 09:34:29,128.825,128.77,1,128.63,100,129.02,400,129.02,128.63,128.63,100,128.55,400,128.47,400,128.37,400,128.35,100,128.32,100,128.2,400,127.01,200,126.75,200,126.32,100,129.02,400,129.1,400,129.68,100,130.04,200,135.27,100,,,,,,,,,,
2026-02-05 09:34:30,128.825,128.77,1,128.63,100,129.02,400,129.02,128.63,128.63,100,128.55,400,128.47,400,128.37,400,128.35,100,128.32,100,128.2,400,127.01,200,126.75,200,126.32,100,129.02,400,129.1,400,129.68,100,130.04,200,135.27,100,,,,,,,,,,
2026-02-05 09:34:31,128.785,128.77,1,128.63,100,128.94,400,128.94,128.63,128.63,100,128.55,400,128.47,400,128.37,400,128.35,100,128.32,100,128.2,400,127.01,200,126.75,200,126.32,100,128.94,400,129.68,100,130.04,200,135.27,100,,,,,,,,,,,,
2026-02-05 09:34:32,128.785,128.77,1,128.63,100,128.94,400,128.94,128.63,128.63,100,128.55,400,128.47,400,128.37,400,128.35,100,128.32,100,128.2,400,127.01,200,126.75,200,126.32,100,128.94,400,129.68,100,130.04,200,135.27,100,,,,,,,,,,,,
2026-02-05 09:34:33,128.675,128.68,1,128.41,400,128.94,400,128.94,128.41,128.41,400,128.37,400,128.35,100,128.32,100,128.2,400,127.01,200,126.75,200,126.32,100,,,,,128.94,400,129.68,100,130.04,200,135.27,100,,,,,,,,,,,,
2026-02-05 09:34:34,128.675,128.68,1,128.41,400,128.94,400,128.94,128.41,128.41,400,128.37,400,128.35,100,128.32,100,128.2,400,127.01,200,126.75,200,126.32,100,,,,,128.94,400,129.68,100,130.04,200,135.27,100,,,,,,,,,,,,
2026-02-05 09:34:35,128.675,128.68,1,128.41,400,128.94,400,128.94,128.41,128.41,400,128.37,400,128.35,100,128.32,100,128.2,400,127.01,200,126.75,200,126.32,100,,,,,128.94,400,129.68,100,130.04,200,135.27,100,,,,,,,,,,,,
2026-02-05 09:34:36,128.675,128.68,1,128.41,400,128.94,400,128.94,128.41,128.41,400,128.37,400,128.35,100,128.32,100,128.2,400,127.01,200,126.75,200,126.32,100,,,,,128.94,400,129.68,100,130.04,200,135.27,100,,,,,,,,,,,,
2026-02-05 09:34:37,128.75,128.68,1,128.56,100,128.94,400,128.94,128.56,128.56,100,128.41,400,128.37,400,128.35,100,128.32,100,128.2,400,127.01,200,126.75,200,126.32,100,,,128.94,400,129.68,100,130.04,200,135.27,100,,,,,,,,,,,,
2026-02-05 09:34:38,128.75,128.63,1,128.56,100,128.94,400,128.94,128.56,128.56,100,128.41,400,128.37,400,128.35,100,128.32,100,128.2,400,127.01,200,126.75,200,126.32,100,,,128.94,400,129.68,100,130.04,200,135.27,100,,,,,,,,,,,,
2026-02-05 09:34:39,128.43,128.56,1,128.29,400,128.57,100,128.57,128.29,128.29,400,127.29,200,127.01,200,126.75,200,126.32,100,,,,,,,,,,,128.57,100,128.61,100,128.86,400,129.68,100,130.04,200,135.27,100,,,,,,,,
2026-02-05 09:34:40,128.43,128.56,1,128.29,400,128.57,100,128.57,128.29,128.29,400,127.29,200,127.01,200,126.75,200,126.32,100,,,,,,,,,,,128.57,100,128.61,100,128.86,400,129.68,100,130.04,200,135.27,100,,,,,,,,
2026-02-05 09:34:41,128.43,128.56,1,128.29,400,128.57,100,128.57,128.29,128.29,400,127.29,200,127.01,200,126.75,200,126.32,100,,,,,,,,,,,128.57,100,128.61,100,128.86,400,129.68,100,130.04,200,135.27,100,,,,,,,,
2026-02-05 09:34:42,128.435,128.57,1,128.29,400,128.58,400,128.58,128.29,128.29,400,127.29,200,127.01,200,126.75,200,126.32,100,,,,,,,,,,,128.58,400,128.86,400,129.68,100,130.04,200,135.27,100,,,,,,,,,,
2026-02-05 09:34:43,128.42,128.57,1,128.29,400,128.55,100,128.55,128.29,128.29,400,127.29,200,127.01,200,126.75,200,126.32,100,,,,,,,,,,,128.55,100,128.58,500,128.86,400,129.68,100,130.04,200,135.27,100,,,,,,,,
2026-02-05 09:34:44,128.435,128.46,1,128.29,400,128.58,100,128.58,128.29,128.29,400,127.29,200,127.01,200,126.75,200,126.32,100,,,,,,,,,,,128.58,100,128.86,400,129.68,100,130.04,200,135.27,100,,,,,,,,,,
2026-02-05 09:34:45,128.435,128.46,1,128.29,400,128.58,100,128.58,128.29,128.29,400,127.29,200,127.01,200,126.75,200,126.32,100,,,,,,,,,,,128.58,100,128.86,400,129.68,100,130.04,200,135.27,100,,,,,,,,,,
2026-02-05 09:34:46,128.435,128.46,1,128.29,400,128.58,100,128.58,128.29,128.29,400,127.29,200,127.01,200,126.75,200,126.32,100,,,,,,,,,,,128.58,100,128.86,400,129.68,100,130.04,200,135.27,100,,,,,,,,,,
2026-02-05 09:34:47,128.435,128.46,1,128.29,400,128.58,100,128.58,128.29,128.29,400,127.29,200,127.01,200,126.75,200,126.32,100,,,,,,,,,,,128.58,100,128.86,400,129.68,100,130.04,200,135.27,100,,,,,,,,,,
2026-02-05 09:34:48,128.58,128.5,1,128.29,400,128.87,400,128.87,128.29,128.29,400,127.29,200,127.01,200,126.75,200,126.32,100,,,,,,,,,,,128.87,400,129.68,100,130.04,200,135.27,100,,,,,,,,,,,,
2026-02-05 09:34:49,128.58,128.5,1,128.29,400,128.87,400,128.87,128.29,128.29,400,127.29,200,127.01,200,126.75,200,126.32,100,,,,,,,,,,,128.87,400,129.68,100,130.04,200,135.27,100,,,,,,,,,,,,
2026-02-05 09:34:50,128.485,128.5,1,128.29,400,128.68,200,128.68,128.29,128.29,400,127.29,200,127.01,200,126.75,200,126.32,100,,,,,,,,,,,128.68,200,128.87,400,129.68,100,130.04,200,135.27,100,,,,,,,,,,
2026-02-05 09:34:51,128.485,128.5,1,128.29,400,128.68,100,128.68,128.29,128.29,400,127.29,200,127.01,200,126.75,200,126.32,100,,,,,,,,,,,128.68,100,128.87,400,129.68,100,130.04,200,135.27,100,,,,,,,,,,
2026-02-05 09:34:52,128.485,128.5,1,128.29,400,128.68,100,128.68,128.29,128.29,400,127.29,200,127.01,200,126.75,200,126.32,100,,,,,,,,,,,128.68,100,128.87,400,129.68,100,130.04,200,135.27,100,,,,,,,,,,
2026-02-05 09:34:53,128.485,128.5,1,128.29,400,128.68,100,128.68,128.29,128.29,400,127.29,200,127.01,200,126.75,200,126.32,100,,,,,,,,,,,128.68,100,128.87,400,129.68,100,130.04,200,135.27,100,,,,,,,,,,
2026-02-05 09:34:54,128.58,128.68,1,128.29,400,128.87,400,128.87,128.29,128.29,400,127.29,200,127.01,200,126.75,200,126.32,100,,,,,,,,,,,128.87,400,129.68,100,130.04,200,135.27,100,,,,,,,,,,,,
2026-02-05 09:34:55,128.47,128.68,1,128.29,400,128.65,100,128.65,128.29,128.29,400,127.29,200,127.01,200,126.75,200,126.32,100,,,,,,,,,,,128.65,100,128.87,400,129.68,100,130.04,200,135.27,100,,,,,,,,,,
2026-02-05 09:34:56,128.47,128.68,1,128.29,400,128.65,100,128.65,128.29,128.29,400,127.29,200,127.01,200,126.75,200,126.32,100,,,,,,,,,,,128.65,100,128.87,400,129.68,100,130.04,200,135.27,100,,,,,,,,,,
2026-02-05 09:34:57,128.47,128.54,1,128.29,400,128.65,100,128.65,128.29,128.29,400,127.29,200,127.01,200,126.75,200,126.32,100,,,,,,,,,,,128.65,100,128.87,400,129.68,100,130.04,200,135.27,100,,,,,,,,,,
2026-02-05 09:34:58,128.47,128.54,1,128.29,400,128.65,100,128.65,128.29,128.29,400,127.29,200,127.01,200,126.75,200,126.32,100,,,,,,,,,,,128.65,100,128.87,400,129.68,100,130.04,200,135.27,100,,,,,,,,,,
2026-02-05 09:34:59,128.43,128.54,1,128.29,400,128.57,200,128.57,128.29,128.29,400,127.29,200,127.01,200,126.75,200,126.32,100,,,,,,,,,,,128.57,200,128.65,200,128.87,400,129.68,100,130.04,200,135.27,100,,,,,,,,
2026-02-05 09:35:00,128.47,128.57,1,128.29,400,128.65,100,128.65,128.29,128.29,400,127.29,200,127.01,200,126.75,200,126.32,100,,,,,,,,,,,128.65,100,128.87,400,129.68,100,130.04,200,135.27,100,,,,,,,,,,
2026-02-05 09:35:01,128.54,128.57,1,128.29,400,128.79,400,128.79,128.29,128.29,400,127.29,200,127.01,200,126.75,200,126.32,100,,,,,,,,,,,128.79,400,128.87,400,129.68,100,130.04,200,135.27,100,,,,,,,,,,
2026-02-05 09:35:02,128.54,128.57,1,128.29,400,128.79,400,128.79,128.29,128.29,400,127.29,200,127.01,200,126.75,200,126.32,100,,,,,,,,,,,128.79,400,128.87,400,129.68,100,130.04,200,135.27,100,,,,,,,,,,
2026-02-05 09:35:03,128.535,128.68,1,128.29,400,128.78,100,128.78,128.29,128.29,400,127.29,200,127.01,200,126.75,200,126.32,100,,,,,,,,,,,128.78,100,128.88,400,129.68,100,130.04,200,135.27,100,,,,,,,,,,
2026-02-05 09:35:04,128.445,128.68,1,128.29,400,128.6,300,128.6,128.29,128.29,400,127.29,200,127.01,200,126.75,200,126.32,100,,,,,,,,,,,128.6,300,128.8,500,129.68,100,130.04,200,135.27,100,,,,,,,,,,
2026-02-05 09:35:05,128.54,128.6,1,128.29,400,128.79,200,128.79,128.29,128.29,400,127.29,200,127.01,200,126.75,200,126.32,100,,,,,,,,,,,128.79,200,128.8,400,129.68,100,130.04,200,135.27,100,,,,,,,,,,
2026-02-05 09:35:06,128.54,128.6,1,128.29,400,128.79,100,128.79,128.29,128.29,400,127.29,200,127.01,200,126.75,200,126.32,100,,,,,,,,,,,128.79,100,128.8,400,129.68,100,130.04,200,135.27,100,,,,,,,,,,
2026-02-05 09:35:07,128.54,128.6,1,128.29,400,128.79,100,128.79,128.29,128.29,400,127.29,200,127.01,200,126.75,200,126.32,100,,,,,,,,,,,128.79,100,128.8,400,129.68,100,130.04,200,135.27,100,,,,,,,,,,
2026-02-05 09:35:08,128.47,128.6,1,128.29,400,128.65,200,128.65,128.29,128.29,400,127.29,200,127.01,200,126.75,200,126.32,100,,,,,,,,,,,128.65,200,128.79,100,128.8,400,129.68,100,130.04,200,135.27,100,,,,,,,,
2026-02-05 09:35:09,128.47,128.6,1,128.29,400,128.65,200,128.65,128.29,128.29,400,127.29,200,127.01,200,126.75,200,126.32,100,,,,,,,,,,,128.65,200,128.79,100,128.8,400,129.68,100,130.04,200,135.27,100,,,,,,,,
2026-02-05 09:35:10,128.58,128.6,1,128.37,400,128.79,100,128.79,128.37,128.37,400,127.29,200,127.01,200,126.75,200,126.32,100,,,,,,,,,,,128.79,100,128.8,400,129.68,100,130.04,200,135.27,100,,,,,,,,,,
2026-02-05 09:35:11,128.58,128.6,1,128.37,400,128.79,100,128.79,128.37,128.37,400,127.29,200,127.01,200,126.75,200,126.32,100,,,,,,,,,,,128.79,100,128.8,400,129.68,100,130.04,200,135.27,100,,,,,,,,,,
2026-02-05 09:35:12,128.59,128.55,1,128.39,100,128.79,100,128.79,128.39,128.39,100,128.37,400,127.29,200,127.01,200,126.75,200,126.32,100,,,,,,,,,128.79,100,128.8,400,129.68,100,130.04,200,135.27,100,,,,,,,,,,
2026-02-05 09:35:13,128.54,128.57,1,128.49,200,128.59,100,128.59,128.49,128.49,200,128.39,100,128.37,400,127.29,200,127.01,200,126.75,200,126.32,100,,,,,,,128.59,100,128.6,200,128.79,100,128.8,400,129.68,100,130.04,200,135.27,100,,,,,,
2026-02-05 09:35:14,128.525,128.57,1,128.49,100,128.56,100,128.56,128.49,128.49,100,128.39,100,128.37,400,127.29,200,127.01,200,126.75,200,126.32,100,,,,,,,128.56,100,128.59,100,128.6,200,128.79,100,128.8,400,129.68,100,130.04,200,135.27,100,,,,
2026-02-05 09:35:15,128.475,128.57,1,128.39,100,128.56,100,128.56,128.39,128.39,100,128.37,400,127.29,200,127.01,200,126.75,200,126.32,100,,,,,,,,,128.56,100,128.59,100,128.6,200,128.79,100,128.8,400,129.68,100,130.04,200,135.27,100,,,,
2026-02-05 09:35:16,128.475,128.57,1,128.39,100,128.56,100,128.56,128.39,128.39,100,128.37,400,127.29,200,127.01,200,126.75,200,126.32,100,,,,,,,,,128.56,100,128.59,100,128.6,200,128.79,100,128.8,400,129.68,100,130.04,200,135.27,100,,,,
2026-02-05 09:35:17,128.475,128.57,1,128.39,100,128.56,100,128.56,128.39,128.39,100,128.37,400,127.29,200,127.01,200,126.75,200,126.32,100,,,,,,,,,128.56,100,128.59,100,128.6,200,128.79,100,128.8,400,129.68,100,130.04,200,135.27,100,,,,
2026-02-05 09:35:18,128.475,128.57,1,128.39,100,128.56,100,128.56,128.39,128.39,100,128.37,400,127.29,200,127.01,200,126.75,200,126.32,100,,,,,,,,,128.56,100,128.59,100,128.6,200,128.79,100,128.8,400,129.68,100,130.04,200,135.27,100,,,,
2026-02-05 09:35:19,128.52,128.57,1,128.48,100,128.56,100,128.56,128.48,128.48,100,128.39,100,128.37,400,127.29,200,127.01,200,126.75,200,126.32,100,,,,,,,128.56,100,128.59,100,128.6,200,128.79,100,128.8,400,129.68,100,130.04,200,135.27,100,,,,
2026-02-05 09:35:20,128.69,128.59,1,128.48,100,128.9,400,128.9,128.48,128.48,100,128.39,100,128.37,400,127.29,200,127.01,200,126.75,200,126.32,100,,,,,,,128.9,400,129.68,100,130.04,200,135.27,100,,,,,,,,,,,,
2026-02-05 09:35:21,128.69,128.59,1,128.48,100,128.9,400,128.9,128.48,128.48,100,128.39,100,128.37,400,127.29,200,127.01,200,126.75,200,126.32,100,,,,,,,128.9,400,129.68,100,130.04,200,135.27,100,,,,,,,,,,,,
2026-02-05 09:35:22,128.575,128.69,1,128.39,100,128.76,100,128.76,128.39,128.39,100,128.37,400,127.29,200,127.01,200,126.75,200,126.32,100,,,,,,,,,128.76,100,128.77,100,128.9,400,129.68,100,130.04,200,135.27,100,,,,,,,,
2026-02-05 09:35:23,128.72,128.69,1,128.67,200,128.77,100,128.77,128.67,128.67,200,128.51,100,128.36,400,127.29,200,127.01,200,126.75,200,126.32,100,,,,,,,128.77,100,128.9,400,129.68,100,130.04,200,135.27,100,,,,,,,,,,
2026-02-05 09:35:24,128.72,128.69,1,128.67,100,128.77,100,128.77,128.67,128.67,100,128.51,100,128.36,400,127.29,200,127.01,200,126.75,200,126.32,100,,,,,,,128.77,100,128.9,400,129.68,100,130.04,200,135.27,100,,,,,,,,,,
2026-02-05 09:35:25,128.72,128.69,1,128.67,100,128.77,100,128.77,128.67,128.67,100,128.51,100,128.36,400,127.29,200,127.01,200,126.75,200,126.32,100,,,,,,,128.77,100,128.9,400,129.68,100,130.04,200,135.27,100,,,,,,,,,,
2026-02-05 09:35:26,128.72,128.69,1,128.67,100,128.77,100,128.77,128.67,128.67,100,128.51,100,128.36,400,127.29,200,127.01,200,126.75,200,126.32,100,,,,,,,128.77,100,128.9,400,129.68,100,130.04,200,135.27,100,,,,,,,,,,
2026-02-05 09:35:27,128.72,128.69,1,128.67,100,128.77,100,128.77,128.67,128.67,100,128.51,100,128.36,400,127.29,200,127.01,200,126.75,200,126.32,100,,,,,,,128.77,100,128.9,400,129.68,100,130.04,200,135.27,100,,,,,,,,,,
2026-02-05 09:35:28,128.735,128.69,1,128.7,100,128.77,100,128.77,128.7,128.7,100,128.45,400,128.36,400,127.29,200,127.01,200,126.75,200,126.32,100,,,,,,,128.77,100,128.9,400,129.68,100,130.04,200,135.27,100,,,,,,,,,,
2026-02-05 09:35:29,128.845,128.77,1,128.7,100,128.99,400,128.99,128.7,128.7,100,128.45,400,128.36,400,127.29,200,127.01,200,126.75,200,126.32,100,,,,,,,128.99,400,129.68,100,130.04,200,135.27,100,,,,,,,,,,,,
2026-02-05 09:35:30,128.87,128.77,1,128.79,100,128.95,100,128.95,128.79,128.79,100,128.7,100,128.45,400,128.36,400,127.29,200,127.01,200,126.75,200,126.32,100,,,,,128.95,100,128.99,400,129.68,100,130.04,200,135.27,100,,,,,,,,,,
2026-02-05 09:35:31,128.89,128.77,1,128.79,100,128.99,400,128.99,128.79,128.79,100,128.7,100,128.45,400,128.36,400,127.29,200,127.01,200,126.75,200,126.32,100,,,,,128.99,400,129.68,100,130.04,200,135.27,100,,,,,,,,,,,,
2026-02-05 09:35:32,128.89,128.77,1,128.79,100,128.99,400,128.99,128.79,128.79,100,128.7,100,128.45,400,128.36,400,127.29,200,127.01,200,126.75,200,126.32,100,,,,,128.99,400,129.68,100,130.04,200,135.27,100,,,,,,,,,,,,
2026-02-05 09:35:33,128.93,128.77,1,128.79,100,129.07,400,129.07,128.79,128.79,100,128.7,100,128.45,400,128.36,400,127.29,200,127.01,200,126.75,200,126.32,100,,,,,129.07,400,129.68,100,130.04,200,135.27,100,,,,,,,,,,,,
2026-02-05 09:35:34,128.93,128.77,1,128.79,100,129.07,400,129.07,128.79,128.79,100,128.7,100,128.45,400,128.36,400,127.29,200,127.01,200,126.75,200,126.32,100,,,,,129.07,400,129.68,100,130.04,200,135.27,100,,,,,,,,,,,,
2026-02-05 09:35:35,128.93,128.77,1,128.79,100,129.07,400,129.07,128.79,128.79,100,128.7,100,128.45,400,128.36,400,127.29,200,127.01,200,126.75,200,126.32,100,,,,,129.07,400,129.68,100,130.04,200,135.27,100,,,,,,,,,,,,
2026-02-05 09:35:36,128.945,128.77,1,128.82,100,129.07,400,129.07,128.82,128.82,100,128.67,100,128.45,400,128.36,400,127.29,200,127.01,200,126.75,200,126.32,100,,,,,129.07,400,129.68,100,130.04,200,135.27,100,,,,,,,,,,,,
2026-02-05 09:35:37,128.945,128.77,1,128.82,100,129.07,400,129.07,128.82,128.82,100,128.67,100,128.45,400,128.36,400,127.29,200,127.01,200,126.75,200,126.32,100,,,,,129.07,400,129.68,100,130.04,200,135.27,100,,,,,,,,,,,,
2026-02-05 09:35:38,128.945,128.88,1,128.82,100,129.07,400,129.07,128.82,128.82,100,128.67,100,128.45,400,128.36,400,127.29,200,127.01,200,126.75,200,126.32,100,,,,,129.07,400,129.68,100,130.04,200,135.27,100,,,,,,,,,,,,
2026-02-05 09:35:39,128.88,128.83,1,128.69,100,129.07,400,129.07,128.69,128.69,100,128.67,100,128.45,400,128.36,400,127.29,200,127.01,200,126.75,200,126.32,100,,,,,129.07,400,129.68,100,130.04,200,135.27,100,,,,,,,,,,,,
2026-02-05 09:35:40,128.805,128.82,1,128.54,400,129.07,400,129.07,128.54,128.54,400,128.45,400,128.36,400,127.29,200,127.01,200,126.75,200,126.32,100,,,,,,,129.07,400,129.68,100,130.04,200,135.27,100,,,,,,,,,,,,
2026-02-05 09:35:41,128.76,128.75,1,128.54,400,128.98,400,128.98,128.54,128.54,400,128.45,400,128.36,400,127.29,200,127.01,200,126.75,200,126.32,100,,,,,,,128.98,400,129.07,400,129.68,100,130.04,200,135.27,100,,,,,,,,,,
2026-02-05 09:35:42,128.82,128.63,1,128.66,200,128.98,400,128.98,128.66,128.66,200,128.47,400,128.38,400,127.29,200,127.01,200,126.75,200,126.32,100,,,,,,,128.98,400,129.07,400,129.68,100,130.04,200,135.27,100,,,,,,,,,,
2026-02-05 09:35:43,128.72,128.63,1,128.66,200,128.78,100,128.78,128.66,128.66,200,128.47,400,128.38,400,127.29,200,127.01,200,126.75,200,126.32,100,,,,,,,128.78,100,128.85,100,128.86,100,128.95,100,128.98,400,129.07,400,129.68,100,130.04,200,135.27,100,,
2026-02-05 09:35:44,128.72,128.63,1,128.66,200,128.78,100,128.78,128.66,128.66,200,128.47,400,128.38,400,127.29,200,127.01,200,126.75,200,126.32,100,,,,,,,128.78,100,128.85,100,128.86,100,128.95,100,128.98,400,129.07,400,129.68,100,130.04,200,135.27,100,,
2026-02-05 09:35:45,128.69,128.63,1,128.66,200,128.72,100,128.72,128.66,128.66,200,128.47,400,128.38,400,127.29,200,127.01,200,126.75,200,126.32,100,,,,,,,128.72,100,128.73,200,128.78,100,128.85,100,128.86,100,128.95,100,128.98,400,129.07,400,129.68,100,130.04,200
2026-02-05 09:35:47,128.69,128.63,1,128.66,200,128.72,100,128.72,128.66,128.66,200,128.47,400,128.38,400,127.29,200,127.01,200,126.75,200,126.32,100,,,,,,,128.72,100,128.73,200,128.78,100,128.85,100,128.86,100,128.95,100,128.98,400,129.07,400,129.68,100,130.04,200
2026-02-05 09:35:47,128.69,128.63,1,128.66,200,128.72,100,128.72,128.66,128.66,200,128.47,400,128.38,400,127.29,200,127.01,200,126.75,200,126.32,100,,,,,,,128.72,100,128.73,200,128.78,100,128.85,100,128.86,100,128.95,100,128.98,400,129.07,400,129.68,100,130.04,200
2026-02-05 09:35:49,128.595,128.66,1,128.47,400,128.72,100,128.72,128.47,128.47,400,128.38,400,127.29,200,127.01,200,126.75,200,126.32,100,,,,,,,,,128.72,100,128.73,200,128.78,100,128.85,100,128.86,100,128.95,100,128.98,400,129.07,400,129.68,100,130.04,200
2026-02-05 09:35:49,128.665,128.66,1,128.61,100,128.72,100,128.72,128.61,128.61,100,128.47,400,128.38,400,127.29,200,127.01,200,126.75,200,126.32,100,,,,,,,128.72,100,128.73,200,128.78,100,128.85,100,128.86,100,128.95,100,128.98,400,129.07,400,129.68,100,130.04,200
2026-02-05 09:35:51,128.665,128.66,1,128.61,200,128.72,100,128.72,128.61,128.61,200,128.47,400,128.38,400,127.29,200,127.01,200,126.75,200,126.32,100,,,,,,,128.72,100,128.73,200,128.78,100,128.85,100,128.86,100,128.95,100,128.98,400,129.07,400,129.68,100,130.04,200
2026-02-05 09:35:51,128.665,128.66,1,128.61,200,128.72,100,128.72,128.61,128.61,200,128.47,400,128.38,400,127.29,200,127.01,200,126.75,200,126.32,100,,,,,,,128.72,100,128.73,200,128.78,100,128.85,100,128.86,100,128.95,100,128.98,400,129.07,400,129.68,100,130.04,200
2026-02-05 09:35:52,128.665,128.66,1,128.61,200,128.72,100,128.72,128.61,128.61,200,128.47,400,128.38,400,127.29,200,127.01,200,126.75,200,126.32,100,,,,,,,128.72,100,128.73,200,128.78,100,128.85,100,128.86,100,128.95,100,128.98,400,129.07,400,129.68,100,130.04,200
2026-02-05 09:35:53,128.665,128.66,1,128.61,200,128.72,100,128.72,128.61,128.61,200,128.47,400,128.38,400,127.29,200,127.01,200,126.75,200,126.32,100,,,,,,,128.72,100,128.73,200,128.78,100,128.85,100,128.86,100,128.95,100,128.98,400,129.07,400,129.68,100,130.04,200
2026-02-05 09:35:55,128.665,128.66,1,128.61,200,128.72,100,128.72,128.61,128.61,200,128.47,400,128.38,400,127.29,200,127.01,200,126.75,200,126.32,100,,,,,,,128.72,100,128.73,200,128.78,100,128.85,100,128.86,100,128.95,100,128.98,400,129.07,400,129.68,100,130.04,200
2026-02-05 09:35:56,128.68,128.66,1,128.64,200,128.72,100,128.72,128.64,128.64,200,128.63,100,128.61,200,128.47,400,128.38,400,127.29,200,127.01,200,126.75,200,126.32,100,,,128.72,100,128.73,200,128.78,100,128.85,100,128.86,100,128.95,100,128.98,400,129.07,400,129.68,100,130.04,200
2026-02-05 09:35:57,128.815,128.73,1,128.64,200,128.99,400,128.99,128.64,128.64,200,128.63,100,128.61,200,128.47,400,128.38,400,127.29,200,127.01,200,126.75,200,126.32,100,,,128.99,400,129.68,100,130.04,200,135.27,100,,,,,,,,,,,,
2026-02-05 09:35:57,128.845,128.73,1,128.7,300,128.99,400,128.99,128.7,128.7,300,128.64,100,128.63,100,128.61,200,128.47,400,128.38,400,127.29,200,127.01,200,126.75,200,126.32,100,128.99,400,129.68,100,130.04,200,135.27,100,,,,,,,,,,,,
2026-02-05 09:35:58,128.845,128.73,1,128.7,300,128.99,400,128.99,128.7,128.7,300,128.64,100,128.63,100,128.61,200,128.47,400,128.38,400,127.29,200,127.01,200,126.75,200,126.32,100,128.99,400,129.68,100,130.04,200,135.27,100,,,,,,,,,,,,
2026-02-05 09:35:59,128.78,128.73,1,128.7,300,128.86,200,128.86,128.7,128.7,300,128.64,100,128.63,100,128.61,200,128.47,400,128.38,400,127.29,200,127.01,200,126.75,200,126.32,100,128.86,200,128.99,400,129.68,100,130.04,200,135.27,100,,,,,,,,,,
2026-02-05 09:36:01,128.795,128.73,1,128.73,100,128.86,100,128.86,128.73,128.73,100,128.7,200,128.64,100,128.63,100,128.61,200,128.47,400,128.38,400,127.29,200,127.01,200,126.75,200,128.86,100,128.99,400,129.68,100,130.04,200,135.27,100,,,,,,,,,,
2026-02-05 09:36:02,128.845,128.74,1,128.7,200,128.99,400,128.99,128.7,128.7,200,128.64,100,128.63,100,128.61,200,128.47,400,128.38,400,127.29,200,127.01,200,126.75,200,126.32,100,128.99,400,129.68,100,130.04,200,135.27,100,,,,,,,,,,,,
2026-02-05 09:36:03,128.865,128.74,1,128.74,300,128.99,400,128.99,128.74,128.74,300,128.7,200,128.64,100,128.63,100,128.61,200,128.47,400,128.38,400,127.29,200,127.01,200,126.75,200,128.99,400,129.68,100,130.04,200,135.27,100,,,,,,,,,,,,
2026-02-05 09:36:04,128.865,128.74,1,128.74,300,128.99,400,128.99,128.74,128.74,300,128.7,200,128.64,100,128.63,100,128.61,200,128.47,400,128.38,400,127.29,200,127.01,200,126.75,200,128.99,400,129.68,100,130.04,200,135.27,100,,,,,,,,,,,,
2026-02-05 09:36:05,128.865,128.74,1,128.74,300,128.99,400,128.99,128.74,128.74,300,128.7,200,128.64,100,128.63,100,128.61,200,128.47,400,128.38,400,127.29,200,127.01,200,126.75,200,128.99,400,129.68,100,130.04,200,135.27,100,,,,,,,,,,,,
2026-02-05 09:36:06,128.82,128.74,1,128.74,300,128.9,100,128.9,128.74,128.74,300,128.7,200,128.64,100,128.63,100,128.61,200,128.47,400,128.38,400,127.29,200,127.01,200,126.75,200,128.9,100,128.99,400,129.68,100,130.04,200,135.27,100,,,,,,,,,,
2026-02-05 09:36:06,128.825,128.74,1,128.74,300,128.91,100,128.91,128.74,128.74,300,128.7,200,128.64,100,128.63,100,128.61,200,128.47,400,128.38,400,127.29,200,127.01,200,126.75,200,128.91,100,128.99,400,129.68,100,130.04,200,135.27,100,,,,,,,,,,
2026-02-05 09:36:08,128.825,128.74,1,128.74,300,128.91,100,128.91,128.74,128.74,300,128.7,200,128.64,100,128.63,100,128.61,200,128.47,400,128.38,400,127.29,200,127.01,200,126.75,200,128.91,100,128.99,400,129.68,100,130.04,200,135.27,100,,,,,,,,,,
2026-02-05 09:36:09,128.825,128.74,1,128.74,300,128.91,100,128.91,128.74,128.74,300,128.7,200,128.64,100,128.63,100,128.61,200,128.47,400,128.38,400,127.29,200,127.01,200,126.75,200,128.91,100,128.99,400,129.68,100,130.04,200,135.27,100,,,,,,,,,,
2026-02-05 09:36:09,128.825,128.74,1,128.74,300,128.91,100,128.91,128.74,128.74,300,128.7,200,128.64,100,128.63,100,128.61,200,128.47,400,128.38,400,127.29,200,127.01,200,126.75,200,128.91,100,128.99,400,129.68,100,130.04,200,135.27,100,,,,,,,,,,
2026-02-05 09:36:11,128.865,128.74,1,128.74,300,128.99,400,128.99,128.74,128.74,300,128.7,200,128.64,100,128.63,100,128.61,200,128.47,400,128.38,400,127.29,200,127.01,200,126.75,200,128.99,400,129.68,100,130.04,200,135.27,100,,,,,,,,,,,,
2026-02-05 09:36:12,128.905,128.82,1,128.84,200,128.97,100,128.97,128.84,128.84,200,128.74,200,128.7,200,128.64,100,128.63,100,128.61,200,128.47,400,128.38,400,127.29,200,127.01,200,128.97,100,128.99,400,129.68,100,130.04,200,135.27,100,,,,,,,,,,
2026-02-05 09:36:13,128.95,128.84,1,128.82,100,129.08,400,129.08,128.82,128.82,100,128.74,100,128.7,200,128.64,100,128.63,100,128.61,200,128.47,400,128.38,400,127.29,200,127.01,200,129.08,400,129.68,100,130.04,200,135.27,100,,,,,,,,,,,,
2026-02-05 09:36:13,128.95,128.84,1,128.82,200,129.08,400,129.08,128.82,128.82,200,128.74,100,128.7,200,128.64,100,128.63,100,128.61,200,128.47,400,128.38,400,127.29,200,127.01,200,129.08,400,129.68,100,130.04,200,135.27,100,,,,,,,,,,,,
2026-02-05 09:36:15,128.905,128.84,1,128.82,300,128.99,100,128.99,128.82,128.82,300,128.74,100,128.7,200,128.64,100,128.63,100,128.61,200,128.47,400,128.38,400,127.29,200,127.01,200,128.99,100,129.08,400,129.68,100,130.04,200,135.27,100,,,,,,,,,,
2026-02-05 09:36:16,128.905,128.85,1,128.82,200,128.99,100,128.99,128.82,128.82,200,128.74,100,128.7,200,128.64,100,128.63,100,128.61,200,128.47,400,128.38,400,127.29,200,127.01,200,128.99,100,129.08,400,129.68,100,130.04,200,135.27,100,,,,,,,,,,
2026-02-05 09:36:17,128.905,128.85,1,128.82,300,128.99,100,128.99,128.82,128.82,300,128.74,100,128.7,200,128.64,100,128.63,100,128.61,200,128.47,400,128.38,400,127.29,200,127.01,200,128.99,100,129.08,400,129.68,100,130.04,200,135.27,100,,,,,,,,,,
2026-02-05 09:36:18,128.95,128.85,1,128.82,300,129.08,400,129.08,128.82,128.82,300,128.74,100,128.7,200,128.64,100,128.63,100,128.61,200,128.47,400,128.38,400,127.29,200,127.01,200,129.08,400,129.68,100,130.04,200,135.27,100,,,,,,,,,,,,
2026-02-05 09:36:19,128.95,128.82,1,128.82,300,129.08,400,129.08,128.82,128.82,300,128.62,400,128.61,200,128.47,400,128.38,400,127.29,200,127.01,200,126.75,200,126.32,100,,,129.08,400,129.68,100,130.04,200,135.27,100,,,,,,,,,,,,
2026-02-05 09:36:20,128.905,128.82,1,128.82,300,128.99,100,128.99,128.82,128.82,300,128.62,400,128.61,200,128.47,400,128.38,400,127.29,200,127.01,200,126.75,200,126.32,100,,,128.99,100,129.08,400,129.68,100,130.04,200,135.27,100,,,,,,,,,,
2026-02-05 09:36:21,128.85,128.82,1,128.62,400,129.08,400,129.08,128.62,128.62,400,128.61,200,128.47,400,128.38,400,127.29,200,127.01,200,126.75,200,126.32,100,,,,,129.08,400,129.68,100,130.04,200,135.27,100,,,,,,,,,,,,
2026-02-05 09:36:22,128.84,128.82,1,128.82,100,128.86,100,128.86,128.82,128.82,100,128.62,400,128.61,200,128.47,400,128.38,400,127.29,200,127.01,200,126.75,200,126.32,100,,,128.86,100,128.97,100,129.08,400,129.68,100,130.04,200,135.27,100,,,,,,,,
2026-02-05 09:36:23,128.935,128.86,1,128.85,100,129.02,100,129.02,128.85,128.85,100,128.82,100,128.62,400,128.61,200,128.47,400,128.38,400,127.29,200,127.01,200,126.75,200,126.32,100,129.02,100,129.08,400,129.68,100,130.04,200,135.27,100,,,,,,,,,,
2026-02-05 09:36:24,128.95,128.86,1,128.85,100,129.05,100,129.05,128.85,128.85,100,128.82,100,128.62,400,128.61,200,128.47,400,128.38,400,127.29,200,127.01,200,126.75,200,126.32,100,129.05,100,129.08,400,129.68,100,130.04,200,135.27,100,,,,,,,,,,
2026-02-05 09:36:25,128.93,128.86,1,128.85,100,129.01,100,129.01,128.85,128.85,100,128.82,100,128.62,400,128.61,200,128.47,400,128.38,400,127.29,200,127.01,200,126.75,200,126.32,100,129.01,100,129.08,400,129.68,100,130.04,200,135.27,100,,,,,,,,,,
2026-02-05 09:36:26,129.01,128.92,1,128.85,100,129.17,500,129.17,128.85,128.85,100,128.82,100,128.62,400,128.61,200,128.47,400,128.38,400,127.29,200,127.01,200,126.75,200,126.32,100,129.17,500,129.68,100,130.04,200,135.27,100,,,,,,,,,,,,
2026-02-05 09:36:27,128.995,128.92,1,128.92,200,129.07,100,129.07,128.92,128.92,200,128.82,100,128.62,400,128.61,200,128.47,400,128.38,400,127.29,200,127.01,200,126.75,200,126.32,100,129.07,100,129.17,400,129.68,100,130.04,200,135.27,100,,,,,,,,,,
2026-02-05 09:36:28,128.995,128.92,1,128.82,100,129.17,400,129.17,128.82,128.82,100,128.62,400,128.61,200,128.47,400,128.38,400,127.29,200,127.01,200,126.75,200,126.32,100,,,129.17,400,129.68,100,130.04,200,135.27,100,,,,,,,,,,,,
2026-02-05 09:36:29,129.025,128.92,1,128.88,100,129.17,400,129.17,128.88,128.88,100,128.7,400,128.62,400,128.61,200,128.47,400,128.38,400,127.29,200,127.01,200,126.75,200,126.32,100,129.17,400,129.68,100,130.04,200,135.27,100,,,,,,,,,,,,
2026-02-05 09:36:30,129.025,128.88,1,128.88,100,129.17,400,129.17,128.88,128.88,100,128.7,400,128.62,400,128.61,200,128.47,400,128.38,400,127.29,200,127.01,200,126.75,200,126.32,100,129.17,400,129.68,100,130.04,200,135.27,100,,,,,,,,,,,,
2026-02-05 09:36:31,129.035,128.88,1,128.9,100,129.17,400,129.17,128.9,128.9,100,128.88,100,128.7,400,128.62,400,128.61,200,128.47,400,128.38,400,127.29,200,127.01,200,126.75,200,129.17,400,129.68,100,130.04,200,135.27,100,,,,,,,,,,,,
2026-02-05 09:36:32,129.025,128.9,1,128.88,100,129.17,400,129.17,128.88,128.88,100,128.7,400,128.62,400,128.61,200,128.47,400,128.38,400,127.29,200,127.01,200,126.75,200,126.32,100,129.17,400,129.68,100,130.04,200,135.27,100,,,,,,,,,,,,
2026-02-05 09:36:33,129.025,128.9,1,128.88,100,129.17,400,129.17,128.88,128.88,100,128.7,400,128.62,400,128.61,200,128.47,400,128.38,400,127.29,200,127.01,200,126.75,200,126.32,100,129.17,400,129.68,100,130.04,200,135.27,100,,,,,,,,,,,,
2026-02-05 09:36:34,129.025,128.9,1,128.88,200,129.17,400,129.17,128.88,128.88,200,128.7,400,128.62,400,128.61,200,128.47,400,128.38,400,127.29,200,127.01,200,126.75,200,126.32,100,129.17,400,129.68,100,130.04,200,135.27,100,,,,,,,,,,,,
2026-02-05 09:36:35,129.035,128.9,1,128.9,200,129.17,400,129.17,128.9,128.9,200,128.88,200,128.7,400,128.62,400,128.61,200,128.47,400,128.38,400,127.29,200,127.01,200,126.75,200,129.17,400,129.68,100,130.04,200,135.27,100,,,,,,,,,,,,
2026-02-05 09:36:36,129.035,128.9,1,128.9,200,129.17,400,129.17,128.9,128.9,200,128.88,200,128.7,400,128.62,400,128.61,200,128.47,400,128.38,400,127.29,200,127.01,200,126.75,200,129.17,400,129.68,100,130.04,200,135.27,100,,,,,,,,,,,,
2026-02-05 09:36:37,129.035,128.9,1,128.9,200,129.17,400,129.17,128.9,128.9,200,128.88,200,128.7,400,128.62,400,128.61,200,128.47,400,128.38,400,127.29,200,127.01,200,126.75,200,129.17,400,129.68,100,130.04,200,135.27,100,,,,,,,,,,,,
2026-02-05 09:36:38,129.025,128.9,1,128.88,200,129.17,400,129.17,128.88,128.88,200,128.7,400,128.62,400,128.61,200,128.47,400,128.38,400,127.29,200,127.01,200,126.75,200,126.32,100,129.17,400,129.68,100,130.04,200,135.27,100,,,,,,,,,,,,
2026-02-05 09:36:39,129.025,128.9,1,128.88,100,129.17,400,129.17,128.88,128.88,100,128.7,400,128.62,400,128.61,200,128.47,400,128.38,400,127.29,200,127.01,200,126.75,200,126.32,100,129.17,400,129.68,100,130.04,200,135.27,100,,,,,,,,,,,,
2026-02-05 09:36:40,129.025,128.91,2,128.88,100,129.17,400,129.17,128.88,128.88,100,128.7,400,128.62,400,128.61,200,128.47,400,128.38,400,127.29,200,127.01,200,126.75,200,126.32,100,129.17,400,129.68,100,130.04,200,135.27,100,,,,,,,,,,,,
2026-02-05 09:36:41,129.025,128.91,2,128.88,100,129.17,400,129.17,128.88,128.88,100,128.7,400,128.62,400,128.61,200,128.47,400,128.38,400,127.29,200,127.01,200,126.75,200,126.32,100,129.17,400,129.68,100,130.04,200,135.27,100,,,,,,,,,,,,
2026-02-05 09:36:42,129.025,128.91,2,128.88,100,129.17,400,129.17,128.88,128.88,100,128.7,400,128.62,400,128.61,200,128.47,400,128.38,400,127.29,200,127.01,200,126.75,200,126.32,100,129.17,400,129.68,100,130.04,200,135.27,100,,,,,,,,,,,,
2026-02-05 09:36:43,128.96,128.91,2,128.88,100,129.04,100,129.04,128.88,128.88,100,128.7,400,128.62,400,128.61,200,128.47,400,128.38,400,127.29,200,127.01,200,126.75,200,126.32,100,129.04,100,129.17,400,129.68,100,130.04,200,135.27,100,,,,,,,,,,
2026-02-05 09:36:44,129.025,128.91,2,128.88,100,129.17,400,129.17,128.88,128.88,100,128.7,400,128.62,400,128.61,200,128.47,400,128.38,400,127.29,200,127.01,200,126.75,200,126.32,100,129.17,400,129.68,100,130.04,200,135.27,100,,,,,,,,,,,,
2026-02-05 09:36:45,128.965,128.91,2,128.89,200,129.04,100,129.04,128.89,128.89,200,128.7,400,128.62,400,128.61,200,128.47,400,128.38,400,127.29,200,127.01,200,126.75,200,126.32,100,129.04,100,129.17,400,129.68,100,130.04,200,135.27,100,,,,,,,,,,
2026-02-05 09:36:46,129.03,128.91,2,128.89,100,129.17,400,129.17,128.89,128.89,100,128.7,400,128.62,400,128.61,200,128.47,400,128.38,400,127.29,200,127.01,200,126.75,200,126.32,100,129.17,400,129.68,100,130.04,200,135.27,100,,,,,,,,,,,,
2026-02-05 09:36:47,128.955,128.89,1,128.74,100,129.17,400,129.17,128.74,128.74,100,128.7,400,128.62,400,128.61,200,128.47,400,128.38,400,127.29,200,127.01,200,126.75,200,126.32,100,129.17,400,129.68,100,130.04,200,135.27,100,,,,,,,,,,,,
2026-02-05 09:36:48,128.95,128.89,1,128.73,100,129.17,400,129.17,128.73,128.73,100,128.7,400,128.62,400,128.61,200,128.47,400,128.38,400,127.29,200,127.01,200,126.75,200,126.32,100,129.17,400,129.68,100,130.04,200,135.27,100,,,,,,,,,,,,
2026-02-05 09:36:49,128.95,128.89,1,128.73,100,129.17,400,129.17,128.73,128.73,100,128.7,400,128.62,400,128.61,200,128.47,400,128.38,400,127.29,200,127.01,200,126.75,200,126.32,100,129.17,400,129.68,100,130.04,200,135.27,100,,,,,,,,,,,,
2026-02-05 09:36:50,128.95,128.89,1,128.73,100,129.17,400,129.17,128.73,128.73,100,128.7,400,128.62,400,128.61,200,128.47,400,128.38,400,127.29,200,127.01,200,126.75,200,126.32,100,129.17,400,129.68,100,130.04,200,135.27,100,,,,,,,,,,,,
2026-02-05 09:36:51,128.805,128.89,1,128.54,400,129.07,400,129.07,128.54,128.54,400,128.47,400,128.38,400,127.29,200,127.01,200,126.75,200,126.32,100,,,,,,,129.07,400,129.17,400,129.68,100,130.04,200,135.27,100,,,,,,,,,,
2026-02-05 09:36:52,128.805,128.89,1,128.54,400,129.07,400,129.07,128.54,128.54,400,128.47,400,128.38,400,127.29,200,127.01,200,126.75,200,126.32,100,,,,,,,129.07,400,129.17,400,129.68,100,130.04,200,135.27,100,,,,,,,,,,
2026-02-05 09:36:53,128.805,128.89,1,128.54,400,129.07,400,129.07,128.54,128.54,400,128.47,400,128.38,400,127.29,200,127.01,200,126.75,200,126.32,100,,,,,,,129.07,400,129.17,400,129.68,100,130.04,200,135.27,100,,,,,,,,,,
2026-02-05 09:36:54,128.805,128.89,1,128.54,400,129.07,400,129.07,128.54,128.54,400,128.47,400,128.38,400,127.29,200,127.01,200,126.75,200,126.32,100,,,,,,,129.07,400,129.17,400,129.68,100,130.04,200,135.27,100,,,,,,,,,,
2026-02-05 09:36:55,128.805,128.89,1,128.54,400,129.07,400,129.07,128.54,128.54,400,128.47,400,128.38,400,127.29,200,127.01,200,126.75,200,126.32,100,,,,,,,129.07,400,129.17,400,129.68,100,130.04,200,135.27,100,,,,,,,,,,
2026-02-05 09:36:56,128.73,128.89,1,128.54,400,128.92,100,128.92,128.54,128.54,400,128.47,400,128.38,400,127.29,200,127.01,200,126.75,200,126.32,100,,,,,,,128.92,100,129.07,400,129.17,400,129.68,100,130.04,200,135.27,100,,,,,,,,
2026-02-05 09:36:57,128.805,128.89,1,128.54,400,129.07,400,129.07,128.54,128.54,400,128.47,400,128.38,400,127.29,200,127.01,200,126.75,200,126.32,100,,,,,,,129.07,400,129.17,400,129.68,100,130.04,200,135.27,100,,,,,,,,,,
2026-02-05 09:36:58,128.785,128.89,1,128.62,400,128.95,100,128.95,128.62,128.62,400,127.29,200,127.01,200,126.75,200,126.32,100,,,,,,,,,,,128.95,100,129.07,400,129.17,400,129.68,100,130.04,200,135.27,100,,,,,,,,
2026-02-05 09:36:59,128.785,128.89,1,128.62,400,128.95,100,128.95,128.62,128.62,400,127.29,200,127.01,200,126.75,200,126.32,100,,,,,,,,,,,128.95,100,129.07,400,129.17,400,129.68,100,130.04,200,135.27,100,,,,,,,,
2026-02-05 09:37:00,128.785,128.89,1,128.62,400,128.95,100,128.95,128.62,128.62,400,127.29,200,127.01,200,126.75,200,126.32,100,,,,,,,,,,,128.95,100,129.07,400,129.17,400,129.68,100,130.04,200,135.27,100,,,,,,,,
2026-02-05 09:37:01,128.845,128.89,1,128.62,400,129.07,400,129.07,128.62,128.62,400,127.29,200,127.01,200,126.75,200,126.32,100,,,,,,,,,,,129.07,400,129.17,400,129.68,100,130.04,200,135.27,100,,,,,,,,,,
2026-02-05 09:37:02,128.88,128.85,1,128.69,100,129.07,400,129.07,128.69,128.69,100,128.62,400,127.29,200,127.01,200,126.75,200,126.32,100,,,,,,,,,129.07,400,129.17,400,129.68,100,130.04,200,135.27,100,,,,,,,,,,
2026-02-05 09:37:03,128.875,128.85,1,128.68,100,129.07,400,129.07,128.68,128.68,100,128.62,400,127.29,200,127.01,200,126.75,200,126.32,100,,,,,,,,,129.07,400,129.17,400,129.68,100,130.04,200,135.27,100,,,,,,,,,,
2026-02-05 09:37:04,128.845,128.85,1,128.62,400,129.07,400,129.07,128.62,128.62,400,127.29,200,127.01,200,126.75,200,126.32,100,,,,,,,,,,,129.07,400,129.17,400,129.68,100,130.04,200,135.27,100,,,,,,,,,,
2026-02-05 09:37:05,128.88,128.85,1,128.69,100,129.07,400,129.07,128.69,128.69,100,128.62,400,127.29,200,127.01,200,126.75,200,126.32,100,,,,,,,,,129.07,400,129.17,400,129.68,100,130.04,200,135.27,100,,,,,,,,,,
2026-02-05 09:37:06,128.81,128.85,1,128.62,400,129.0,400,129.0,128.62,128.62,400,127.29,200,127.01,200,126.75,200,126.32,100,,,,,,,,,,,129.0,400,129.07,400,129.17,400,129.68,100,130.04,200,135.27,100,,,,,,,,
2026-02-05 09:37:07,128.81,128.85,1,128.62,400,129.0,400,129.0,128.62,128.62,400,127.29,200,127.01,200,126.75,200,126.32,100,,,,,,,,,,,129.0,400,129.07,400,129.17,400,129.68,100,130.04,200,135.27,100,,,,,,,,
2026-02-05 09:37:08,128.81,128.85,1,128.62,400,129.0,400,129.0,128.62,128.62,400,127.29,200,127.01,200,126.75,200,126.32,100,,,,,,,,,,,129.0,400,129.07,400,129.17,400,129.68,100,130.04,200,135.27,100,,,,,,,,
2026-02-05 09:37:09,128.81,128.85,1,128.62,400,129.0,400,129.0,128.62,128.62,400,127.29,200,127.01,200,126.75,200,126.32,100,,,,,,,,,,,129.0,400,129.07,400,129.17,400,129.68,100,130.04,200,135.27,100,,,,,,,,
2026-02-05 09:37:10,128.855,128.85,1,128.71,100,129.0,400,129.0,128.71,128.71,100,128.62,400,127.29,200,127.01,200,126.75,200,126.32,100,,,,,,,,,129.0,400,129.07,400,129.17,400,129.68,100,130.04,200,135.27,100,,,,,,,,
2026-02-05 09:37:11,128.855,128.85,1,128.71,100,129.0,400,129.0,128.71,128.71,100,128.62,400,127.29,200,127.01,200,126.75,200,126.32,100,,,,,,,,,129.0,400,129.07,400,129.17,400,129.68,100,130.04,200,135.27,100,,,,,,,,
2026-02-05 09:37:12,128.855,128.85,1,128.71,100,129.0,400,129.0,128.71,128.71,100,128.62,400,127.29,200,127.01,200,126.75,200,126.32,100,,,,,,,,,129.0,400,129.07,400,129.17,400,129.68,100,130.04,200,135.27,100,,,,,,,,
2026-02-05 09:37:13,128.855,128.85,1,128.71,100,129.0,400,129.0,128.71,128.71,100,128.62,400,127.29,200,127.01,200,126.75,200,126.32,100,,,,,,,,,129.0,400,129.07,400,129.17,400,129.68,100,130.04,200,135.27,100,,,,,,,,
2026-02-05 09:37:14,128.855,128.85,1,128.71,100,129.0,400,129.0,128.71,128.71,100,128.62,400,127.29,200,127.01,200,126.75,200,126.32,100,,,,,,,,,129.0,400,129.07,400,129.17,400,129.68,100,130.04,200,135.27,100,,,,,,,,
2026-02-05 09:37:15,128.855,128.85,1,128.71,100,129.0,400,129.0,128.71,128.71,100,128.62,400,127.29,200,127.01,200,126.75,200,126.32,100,,,,,,,,,129.0,400,129.07,400,129.17,400,129.68,100,130.04,200,135.27,100,,,,,,,,
2026-02-05 09:37:16,128.855,128.85,1,128.71,100,129.0,400,129.0,128.71,128.71,100,128.62,400,127.29,200,127.01,200,126.75,200,126.32,100,,,,,,,,,129.0,400,129.07,400,129.17,400,129.68,100,130.04,200,135.27,100,,,,,,,,
2026-02-05 09:37:16,128.825,128.85,1,128.71,100,128.94,100,128.94,128.71,128.71,100,128.62,400,127.29,200,127.01,200,126.75,200,126.32,100,,,,,,,,,128.94,100,129.0,400,129.07,400,129.17,400,129.68,100,130.04,200,135.27,100,,,,,,
2026-02-05 09:37:18,128.815,128.85,1,128.71,100,128.92,100,128.92,128.71,128.71,100,128.62,400,127.29,200,127.01,200,126.75,200,126.32,100,,,,,,,,,128.92,100,129.0,400,129.07,400,129.17,400,129.68,100,130.04,200,135.27,100,,,,,,
2026-02-05 09:37:19,128.815,128.85,1,128.71,100,128.92,100,128.92,128.71,128.71,100,128.62,400,127.29,200,127.01,200,126.75,200,126.32,100,,,,,,,,,128.92,100,129.0,400,129.07,400,129.17,400,129.68,100,130.04,200,135.27,100,,,,,,
2026-02-05 09:37:20,128.855,128.85,1,128.71,100,129.0,400,129.0,128.71,128.71,100,128.62,400,127.29,200,127.01,200,126.75,200,126.32,100,,,,,,,,,129.0,400,129.07,400,129.17,400,129.68,100,130.04,200,135.27,100,,,,,,,,
2026-02-05 09:37:21,128.725,128.74,1,128.7,100,128.75,100,128.75,128.7,128.7,100,128.68,100,128.62,400,127.29,200,127.01,200,126.75,200,126.32,100,,,,,,,128.75,100,129.0,400,129.07,400,129.17,400,129.68,100,130.04,200,135.27,100,,,,,,
2026-02-05 09:37:22,128.84,128.7,1,128.68,100,129.0,400,129.0,128.68,128.68,100,128.62,400,127.29,200,127.01,200,126.75,200,126.32,100,,,,,,,,,129.0,400,129.07,400,129.17,400,129.68,100,130.04,200,135.27,100,,,,,,,,
2026-02-05 09:37:23,128.765,128.68,1,128.53,400,129.0,400,129.0,128.53,128.53,400,127.29,200,127.01,200,126.75,200,126.32,100,,,,,,,,,,,129.0,400,129.07,400,129.17,400,129.68,100,130.04,200,135.27,100,,,,,,,,
2026-02-05 09:37:24,128.765,128.69,1,128.53,400,129.0,400,129.0,128.53,128.53,400,127.29,200,127.01,200,126.75,200,126.32,100,,,,,,,,,,,129.0,400,129.07,400,129.17,400,129.68,100,130.04,200,135.27,100,,,,,,,,
2026-02-05 09:37:25,128.765,128.69,1,128.53,400,129.0,400,129.0,128.53,128.53,400,127.29,200,127.01,200,126.75,200,126.32,100,,,,,,,,,,,129.0,400,129.07,400,129.17,400,129.68,100,130.04,200,135.27,100,,,,,,,,
2026-02-05 09:37:26,128.765,128.69,1,128.53,400,129.0,400,129.0,128.53,128.53,400,127.29,200,127.01,200,126.75,200,126.32,100,,,,,,,,,,,129.0,400,129.07,400,129.17,400,129.68,100,130.04,200,135.27,100,,,,,,,,
2026-02-05 09:37:27,128.71,128.69,1,128.53,400,128.89,100,128.89,128.53,128.53,400,127.29,200,127.01,200,126.75,200,126.32,100,,,,,,,,,,,128.89,100,129.0,400,129.07,400,129.17,400,129.68,100,130.04,200,135.27,100,,,,,,
2026-02-05 09:37:28,128.715,128.69,1,128.57,100,128.86,100,128.86,128.57,128.57,100,128.53,400,127.29,200,127.01,200,126.75,200,126.32,100,,,,,,,,,128.86,100,129.0,400,129.07,400,129.17,400,129.68,100,130.04,200,135.27,100,,,,,,
2026-02-05 09:37:29,128.695,128.69,1,128.53,400,128.86,100,128.86,128.53,128.53,400,127.29,200,127.01,200,126.75,200,126.32,100,,,,,,,,,,,128.86,100,129.0,400,129.07,400,129.17,400,129.68,100,130.04,200,135.27,100,,,,,,
2026-02-05 09:37:30,128.695,128.69,1,128.53,400,128.86,100,128.86,128.53,128.53,400,127.29,200,127.01,200,126.75,200,126.32,100,,,,,,,,,,,128.86,100,129.0,400,129.07,400,129.17,400,129.68,100,130.04,200,135.27,100,,,,,,
2026-02-05 09:37:31,128.685,128.69,1,128.44,400,128.93,400,128.93,128.44,128.44,400,127.29,200,127.01,200,126.75,200,126.32,100,,,,,,,,,,,128.93,400,129.0,400,129.07,400,129.17,400,129.68,100,130.04,200,135.27,100,,,,,,
2026-02-05 09:37:32,128.685,128.69,1,128.44,400,128.93,400,128.93,128.44,128.44,400,127.29,200,127.01,200,126.75,200,126.32,100,,,,,,,,,,,128.93,400,129.0,400,129.07,400,129.17,400,129.68,100,130.04,200,135.27,100,,,,,,
2026-02-05 09:37:33,128.62,128.69,1,128.44,400,128.8,100,128.8,128.44,128.44,400,127.29,200,127.01,200,126.75,200,126.32,100,,,,,,,,,,,128.8,100,128.93,400,129.0,400,129.07,400,129.17,400,129.68,100,130.04,200,135.27,100,,,,
2026-02-05 09:37:34,128.555,128.69,1,128.44,400,128.67,200,128.67,128.44,128.44,400,127.29,200,127.01,200,126.75,200,126.32,100,,,,,,,,,,,128.67,200,128.7,100,128.76,100,128.85,400,128.93,400,129.0,400,129.07,400,129.17,400,129.68,100,130.04,200
2026-02-05 09:37:35,128.555,128.69,1,128.44,400,128.67,100,128.67,128.44,128.44,400,127.29,200,127.01,200,126.75,200,126.32,100,,,,,,,,,,,128.67,100,128.7,100,128.76,100,128.85,400,128.93,400,129.0,400,129.07,400,129.17,400,129.68,100,130.04,200
2026-02-05 09:37:36,128.555,128.69,1,128.44,400,128.67,100,128.67,128.44,128.44,400,127.29,200,127.01,200,126.75,200,126.32,100,,,,,,,,,,,128.67,100,128.7,100,128.76,100,128.85,400,128.93,400,129.0,400,129.07,400,129.17,400,129.68,100,130.04,200
2026-02-05 09:37:37,128.535,128.69,1,128.44,400,128.63,100,128.63,128.44,128.44,400,127.29,200,127.01,200,126.75,200,126.32,100,,,,,,,,,,,128.63,100,128.65,100,128.67,100,128.7,100,128.76,100,128.85,400,128.93,400,129.0,400,129.07,400,129.17,400
2026-02-05 09:37:38,128.545,128.69,1,128.44,400,128.65,100,128.65,128.44,128.44,400,127.29,200,127.01,200,126.75,200,126.32,100,,,,,,,,,,,128.65,100,128.67,100,128.7,100,128.76,100,128.85,400,128.93,400,129.0,400,129.07,400,129.17,400,129.68,100
2026-02-05 09:37:39,128.545,128.69,1,128.44,400,128.65,100,128.65,128.44,128.44,400,127.29,200,127.01,200,126.75,200,126.32,100,,,,,,,,,,,128.65,100,128.67,100,128.7,100,128.76,100,128.85,400,128.93,400,129.0,400,129.07,400,129.17,400,129.68,100
2026-02-05 09:37:40,128.545,128.69,1,128.44,400,128.65,100,128.65,128.44,128.44,400,127.29,200,127.01,200,126.75,200,126.32,100,,,,,,,,,,,128.65,100,128.67,100,128.7,100,128.76,100,128.85,400,128.93,400,129.0,400,129.07,400,129.17,400,129.68,100
2026-02-05 09:37:41,128.545,128.69,1,128.44,400,128.65,100,128.65,128.44,128.44,400,127.29,200,127.01,200,126.75,200,126.32,100,,,,,,,,,,,128.65,100,128.67,100,128.7,100,128.76,100,128.85,400,128.93,400,129.0,400,129.07,400,129.17,400,129.68,100
2026-02-05 09:37:42,128.575,128.69,1,128.5,200,128.65,100,128.65,128.5,128.5,200,128.44,400,127.29,200,127.01,200,126.75,200,126.32,100,,,,,,,,,128.65,100,128.67,100,128.7,100,128.76,100,128.85,400,128.93,400,129.0,400,129.07,400,129.17,400,129.68,100
2026-02-05 09:37:43,128.575,128.69,1,128.5,200,128.65,100,128.65,128.5,128.5,200,128.44,400,127.29,200,127.01,200,126.75,200,126.32,100,,,,,,,,,128.65,100,128.67,100,128.7,100,128.76,100,128.85,400,128.93,400,129.0,400,129.07,400,129.17,400,129.68,100
2026-02-05 09:37:44,128.575,128.69,1,128.5,100,128.65,100,128.65,128.5,128.5,100,128.44,400,127.29,200,127.01,200,126.75,200,126.32,100,,,,,,,,,128.65,100,128.67,100,128.7,100,128.76,100,128.85,400,128.93,400,129.0,400,129.07,400,129.17,400,129.68,100
2026-02-05 09:37:45,128.575,128.69,1,128.5,100,128.65,100,128.65,128.5,128.5,100,128.44,400,127.29,200,127.01,200,126.75,200,126.32,100,,,,,,,,,128.65,100,128.67,100,128.7,100,128.76,100,128.85,400,128.93,400,129.0,400,129.07,400,129.17,400,129.68,100
2026-02-05 09:37:46,128.57,128.69,1,128.5,100,128.64,100,128.64,128.5,128.5,100,128.44,400,127.29,200,127.01,200,126.75,200,126.32,100,,,,,,,,,128.64,100,128.65,100,128.67,100,128.7,100,128.76,100,128.85,400,128.93,400,129.0,400,129.07,400,129.17,400
2026-02-05 09:37:47,128.57,128.69,1,128.5,100,128.64,100,128.64,128.5,128.5,100,128.44,400,127.29,200,127.01,200,126.75,200,126.32,100,,,,,,,,,128.64,100,128.65,100,128.67,100,128.7,100,128.76,100,128.85,400,128.93,400,129.0,400,129.07,400,129.17,400
2026-02-05 09:37:48,128.57,128.69,1,128.5,100,128.64,100,128.64,128.5,128.5,100,128.44,400,127.29,200,127.01,200,126.75,200,126.32,100,,,,,,,,,128.64,100,128.65,100,128.67,100,128.7,100,128.76,100,128.85,400,128.93,400,129.0,400,129.07,400,129.17,400
2026-02-05 09:37:49,128.57,128.69,1,128.5,100,128.64,100,128.64,128.5,128.5,100,128.44,400,127.29,200,127.01,200,126.75,200,126.32,100,,,,,,,,,128.64,100,128.65,100,128.67,100,128.7,100,128.76,100,128.85,400,128.93,400,129.0,400,129.07,400,129.17,400
2026-02-05 09:37:50,128.57,128.69,1,128.5,100,128.64,100,128.64,128.5,128.5,100,128.44,400,127.29,200,127.01,200,126.75,200,126.32,100,,,,,,,,,128.64,100,128.65,100,128.67,100,128.7,100,128.76,100,128.85,400,128.93,400,129.0,400,129.07,400,129.17,400
2026-02-05 09:37:51,128.5,128.69,1,128.36,400,128.64,100,128.64,128.36,128.36,400,127.29,200,127.01,200,126.75,200,126.32,100,,,,,,,,,,,128.64,100,128.65,100,128.67,100,128.7,100,128.76,100,128.85,400,128.93,400,129.0,400,129.07,400,129.17,400
2026-02-05 09:37:52,128.465,128.69,1,128.36,400,128.57,300,128.57,128.36,128.36,400,127.29,200,127.01,200,126.75,200,126.32,100,,,,,,,,,,,128.57,300,128.64,100,128.65,100,128.67,100,128.7,100,128.76,100,128.85,400,128.93,400,129.0,400,129.07,400
2026-02-05 09:37:53,128.465,128.69,1,128.36,400,128.57,400,128.57,128.36,128.36,400,127.29,200,127.01,200,126.75,200,126.32,100,,,,,,,,,,,128.57,400,128.64,100,128.65,100,128.67,100,128.7,100,128.76,100,128.85,400,128.93,400,129.0,400,129.07,400
2026-02-05 09:37:54,128.465,128.55,1,128.36,400,128.57,400,128.57,128.36,128.36,400,127.29,200,127.01,200,126.75,200,126.32,100,,,,,,,,,,,128.57,400,128.64,100,128.65,100,128.67,100,128.7,100,128.76,100,128.85,400,128.93,400,129.0,400,129.07,400
