sim_time,mid_price,last_price,last_size,best_bid_price,best_bid_size,best_ask_price,best_ask_size,close_price_buy,close_price_sell,bid1_price,bid1_size,bid2_price,bid2_size,bid3_price,bid3_size,bid4_price,bid4_size,bid5_price,bid5_size,bid6_price,bid6_size,bid7_price,bid7_size,bid8_price,bid8_size,bid9_price,bid9_size,bid10_price,bid10_size,ask1_price,ask1_size,ask2_price,ask2_size,ask3_price,ask3_size,ask4_price,ask4_size,ask5_price,ask5_size,ask6_price,ask6_size,ask7_price,ask7_size,ask8_price,ask8_size,ask9_price,ask9_size,ask10_price,ask10_size
2020-10-29 09:30:25,139.935,0.0,0,139.85,1,140.02,1,140.02,139.85,139.85,1,139.82,1,139.8,1,,,,,,,,,,,,,,,140.02,1,140.03,1,140.05,7,,,,,,,,,,,,,,
2020-10-29 09:30:26,139.935,0.0,0,139.85,1,140.02,1,140.02,139.85,139.85,1,139.82,1,139.8,1,,,,,,,,,,,,,,,140.02,1,140.03,1,140.05,7,,,,,,,,,,,,,,
2020-10-29 09:30:27,139.91,0.0,0,139.82,1,140.0,1,140.0,139.82,139.82,1,139.8,1,,,,,,,,,,,,,,,,,140.0,1,140.01,1,140.02,1,140.03,1,140.05,7,,,,,,,,,,
2020-10-29 09:30:28,139.915,0.0,0,139.83,1,140.0,1,140.0,139.83,139.83,1,139.82,1,139.8,1,,,,,,,,,,,,,,,140.0,1,140.01,1,140.02,1,140.03,1,140.05,7,,,,,,,,,,
2020-10-29 09:30:29,139.91,0.0,0,139.82,2,140.0,1,140.0,139.82,139.82,2,139.8,1,,,,,,,,,,,,,,,,,140.0,1,140.01,1,140.02,1,140.03,1,140.05,7,,,,,,,,,,
2020-10-29 09:30:30,139.905,0.0,0,139.81,1,140.0,1,140.0,139.81,139.81,1,139.8,3,,,,,,,,,,,,,,,,,140.0,1,140.01,1,140.02,1,140.03,1,140.05,7,,,,,,,,,,
2020-10-29 09:30:31,139.915,0.0,0,139.83,1,140.0,1,140.0,139.83,139.83,1,139.81,1,139.8,3,,,,,,,,,,,,,,,140.0,1,140.01,1,140.02,1,140.03,1,140.05,7,,,,,,,,,,
2020-10-29 09:30:32,139.975,0.0,0,139.91,1,140.04,1,140.04,139.91,139.91,1,139.83,1,139.81,1,139.8,3,,,,,,,,,,,,,140.04,1,140.05,7,,,,,,,,,,,,,,,,
2020-10-29 09:30:34,139.975,0.0,0,139.91,1,140.04,1,140.04,139.91,139.91,1,139.83,1,139.81,1,139.8,3,,,,,,,,,,,,,140.04,1,140.05,7,,,,,,,,,,,,,,,,
2020-10-29 09:30:35,139.97,0.0,0,139.89,1,140.05,6,140.05,139.89,139.89,1,139.87,1,139.86,1,139.83,1,139.81,1,139.8,3,,,,,,,,,140.05,6,,,,,,,,,,,,,,,,,,
2020-10-29 09:30:35,139.96,0.0,0,139.88,1,140.04,1,140.04,139.88,139.88,1,139.87,1,139.86,1,139.83,1,139.81,1,139.8,3,,,,,,,,,140.04,1,140.05,7,,,,,,,,,,,,,,,,
2020-10-29 09:30:37,139.975,0.0,0,139.9,1,140.05,6,140.05,139.9,139.9,1,139.89,1,139.88,1,139.87,1,139.86,1,139.83,1,139.81,1,139.8,3,,,,,140.05,6,,,,,,,,,,,,,,,,,,
2020-10-29 09:30:38,139.985,0.0,0,139.92,1,140.05,6,140.05,139.92,139.92,1,139.9,1,139.89,1,139.88,1,139.87,1,139.86,1,139.83,1,139.81,1,139.8,3,,,140.05,6,,,,,,,,,,,,,,,,,,
2020-10-29 09:30:39,140.07,140.05,5,139.99,1,140.15,2,140.15,139.99,139.99,1,139.94,1,139.92,1,139.9,1,139.89,1,139.88,1,139.87,1,139.86,1,139.83,1,139.81,1,140.15,2,,,,,,,,,,,,,,,,,,
2020-10-29 09:30:40,140.07,140.05,5,139.99,1,140.15,2,140.15,139.99,139.99,1,139.94,1,139.92,1,139.9,1,139.89,1,139.88,1,139.87,1,139.86,1,139.83,1,139.81,1,140.15,2,,,,,,,,,,,,,,,,,,
2020-10-29 09:30:41,140.07,140.05,5,139.99,1,140.15,2,140.15,139.99,139.99,1,139.94,1,139.92,1,139.9,1,139.89,1,139.88,1,139.87,1,139.86,1,139.83,1,139.81,1,140.15,2,,,,,,,,,,,,,,,,,,
2020-10-29 09:30:41,140.07,140.05,5,139.99,1,140.15,1,140.15,139.99,139.99,1,139.94,1,139.92,1,139.9,1,139.89,1,139.88,1,139.87,1,139.86,1,139.83,1,139.81,1,140.15,1,,,,,,,,,,,,,,,,,,
2020-10-29 09:30:43,140.075,140.05,5,140.0,1,140.15,1,140.15,140.0,140.0,1,139.99,1,139.94,1,139.92,1,139.9,1,139.89,1,139.88,1,139.87,1,139.86,1,139.83,1,140.15,1,,,,,,,,,,,,,,,,,,
2020-10-29 09:30:43,140.075,140.05,5,140.0,1,140.15,1,140.15,140.0,140.0,1,139.99,1,139.94,1,139.92,1,139.9,1,139.89,1,139.88,1,139.87,1,139.86,1,139.83,1,140.15,1,,,,,,,,,,,,,,,,,,
2020-10-29 09:30:45,140.065,140.05,5,139.98,1,140.15,1,140.15,139.98,139.98,1,139.94,1,139.92,1,139.9,1,139.89,1,139.88,1,139.87,1,139.86,1,139.83,1,139.81,1,140.15,1,,,,,,,,,,,,,,,,,,
2020-10-29 09:30:46,140.08,140.05,5,140.01,1,140.15,1,140.15,140.01,140.01,1,139.98,1,139.94,1,139.92,1,139.9,1,139.89,1,139.88,1,139.87,1,139.86,1,139.83,1,140.15,1,,,,,,,,,,,,,,,,,,
2020-10-29 09:30:47,140.075,140.05,5,140.01,1,140.14,1,140.14,140.01,140.01,1,139.98,1,139.94,1,139.92,1,139.9,1,139.89,1,139.88,1,139.87,1,139.86,1,139.83,1,140.14,1,140.25,3,,,,,,,,,,,,,,,,
2020-10-29 09:30:47,140.11,140.05,5,140.01,2,140.21,1,140.21,140.01,140.01,2,139.98,1,139.94,1,139.92,1,139.9,1,139.89,1,139.88,1,139.87,1,139.86,1,139.83,1,140.21,1,140.25,3,,,,,,,,,,,,,,,,
2020-10-29 09:30:49,140.11,140.05,5,140.03,1,140.19,1,140.19,140.03,140.03,1,140.01,3,139.98,1,139.94,1,139.92,1,139.9,1,139.89,1,139.88,1,139.87,1,139.86,1,140.19,1,140.2,1,140.21,1,140.25,3,,,,,,,,,,,,
2020-10-29 09:30:50,140.11,140.05,5,140.03,1,140.19,1,140.19,140.03,140.03,1,140.01,3,139.98,1,139.94,1,139.92,1,139.9,1,139.89,1,139.88,1,139.87,1,139.86,1,140.19,1,140.2,1,140.21,1,140.25,3,,,,,,,,,,,,
2020-10-29 09:30:51,140.105,140.05,5,140.03,1,140.18,1,140.18,140.03,140.03,1,140.01,3,139.98,1,139.94,1,139.92,1,139.9,1,139.89,1,139.88,1,139.87,1,139.86,1,140.18,1,140.19,1,140.2,1,140.21,1,140.25,3,,,,,,,,,,
2020-10-29 09:30:51,140.08,140.05,5,139.98,2,140.18,1,140.18,139.98,139.98,2,139.94,1,139.92,1,139.9,1,139.89,1,139.88,1,139.87,1,139.86,1,139.83,1,139.81,1,140.18,1,140.19,1,140.2,1,140.21,1,140.25,3,,,,,,,,,,
2020-10-29 09:30:53,140.11,140.05,5,140.03,1,140.19,1,140.19,140.03,140.03,1,139.99,1,139.98,2,139.94,1,139.92,1,139.9,1,139.89,1,139.88,1,139.87,1,139.86,1,140.19,1,140.2,1,140.21,1,140.25,3,,,,,,,,,,,,
2020-10-29 09:30:54,140.105,140.05,5,140.03,1,140.18,1,140.18,140.03,140.03,1,139.99,1,139.98,2,139.94,1,139.92,1,139.9,1,139.89,1,139.88,1,139.87,1,139.86,1,140.18,1,140.19,1,140.2,1,140.21,1,140.25,3,,,,,,,,,,
2020-10-29 09:30:55,140.12,140.05,5,140.03,1,140.21,1,140.21,140.03,140.03,1,139.99,1,139.98,2,139.94,1,139.92,1,139.9,1,139.89,1,139.88,1,139.87,1,139.86,1,140.21,1,140.25,3,,,,,,,,,,,,,,,,
2020-10-29 09:30:56,140.115,140.05,5,140.03,1,140.2,1,140.2,140.03,140.03,1,139.99,1,139.98,2,139.94,1,139.92,1,139.9,1,139.89,1,139.88,1,139.87,1,139.86,1,140.2,1,140.21,1,140.25,3,,,,,,,,,,,,,,
2020-10-29 09:30:57,140.115,140.05,5,140.03,1,140.2,1,140.2,140.03,140.03,1,139.99,1,139.98,2,139.94,1,139.92,1,139.9,1,139.89,1,139.88,1,139.87,1,139.86,1,140.2,1,140.21,1,140.25,3,,,,,,,,,,,,,,
2020-10-29 09:30:58,140.115,140.05,5,140.03,2,140.2,1,140.2,140.03,140.03,2,139.99,1,139.98,2,139.94,1,139.92,1,139.9,1,139.89,1,139.88,1,139.87,1,139.86,1,140.2,1,140.21,1,140.25,3,,,,,,,,,,,,,,
2020-10-29 09:30:59,140.145,140.05,5,140.09,1,140.2,1,140.2,140.09,140.09,1,140.03,1,139.99,1,139.98,2,139.94,1,139.92,1,139.9,1,139.89,1,139.88,1,139.87,1,140.2,1,140.21,1,140.25,3,,,,,,,,,,,,,,
2020-10-29 09:31:00,140.15,140.1,1,140.09,2,140.21,1,140.21,140.09,140.09,2,140.03,1,139.99,1,139.98,2,139.94,1,139.92,1,139.9,1,139.89,1,139.88,1,139.87,1,140.21,1,140.25,3,,,,,,,,,,,,,,,,
2020-10-29 09:31:01,140.15,140.1,1,140.09,2,140.21,1,140.21,140.09,140.09,2,140.03,1,139.99,1,139.98,2,139.94,1,139.92,1,139.9,1,139.89,1,139.88,1,139.87,1,140.21,1,140.25,3,,,,,,,,,,,,,,,,
2020-10-29 09:31:02,140.215,140.14,1,140.12,1,140.3,1,140.3,140.12,140.13,2,140.12,1,140.09,1,140.03,1,139.99,1,139.98,2,139.94,1,139.92,1,139.9,1,139.89,1,140.3,1,140.37,1,,,,,,,,,,,,,,,,
2020-10-29 09:31:03,140.195,140.14,1,140.12,1,140.27,1,140.27,140.12,140.12,1,140.11,1,140.1,1,140.09,1,140.03,1,139.99,1,139.98,2,139.94,1,139.92,1,139.9,1,140.27,1,140.28,1,140.3,1,140.37,1,,,,,,,,,,,,
2020-10-29 09:31:04,140.2,140.14,1,140.12,1,140.28,1,140.28,140.12,140.12,1,140.11,1,140.1,1,140.09,1,140.03,1,139.99,1,139.98,2,139.94,1,139.92,1,139.9,1,140.28,1,140.3,1,140.37,1,,,,,,,,,,,,,,
2020-10-29 09:31:05,140.2,140.14,1,140.12,1,140.28,1,140.28,140.12,140.12,1,140.11,1,140.1,1,140.09,1,140.03,1,139.99,1,139.98,2,139.94,1,139.92,1,139.9,1,140.28,1,140.3,1,140.37,1,,,,,,,,,,,,,,
2020-10-29 09:31:06,140.215,140.14,1,140.13,1,140.3,1,140.3,140.13,140.13,1,140.12,1,140.11,1,140.1,1,140.09,1,140.03,1,139.99,1,139.98,2,139.94,1,139.92,1,140.3,1,140.37,1,,,,,,,,,,,,,,,,
2020-10-29 09:31:08,140.2,140.14,1,140.11,1,140.29,1,140.29,140.11,140.11,1,140.1,1,140.09,1,140.03,1,139.99,1,139.98,2,139.94,1,139.92,1,139.9,1,139.89,1,140.29,1,140.3,1,140.37,1,,,,,,,,,,,,,,
2020-10-29 09:31:09,140.21,140.14,1,140.12,1,140.3,1,140.3,140.12,140.12,1,140.11,1,140.1,1,140.09,1,140.03,1,139.99,1,139.98,2,139.94,1,139.92,1,139.9,1,140.3,1,140.37,1,,,,,,,,,,,,,,,,
2020-10-29 09:31:10,140.21,140.14,1,140.12,1,140.3,1,140.3,140.12,140.12,1,140.11,1,140.1,1,140.09,1,140.03,1,139.99,1,139.98,2,139.94,1,139.92,1,139.9,1,140.3,1,140.37,1,,,,,,,,,,,,,,,,
2020-10-29 09:31:11,140.195,140.14,1,140.1,1,140.29,1,140.29,140.1,140.1,1,140.09,1,140.03,1,139.99,1,139.98,2,139.94,1,139.92,1,139.9,1,139.89,1,139.88,1,140.29,1,140.3,1,140.37,1,,,,,,,,,,,,,,
2020-10-29 09:31:12,140.195,140.14,1,140.1,1,140.29,1,140.29,140.1,140.1,1,140.09,1,140.03,1,139.99,1,139.98,2,139.94,1,139.92,1,139.9,1,139.89,1,139.88,1,140.29,1,140.3,1,140.37,1,,,,,,,,,,,,,,
2020-10-29 09:31:13,140.205,140.14,1,140.11,1,140.3,1,140.3,140.11,140.11,1,140.1,1,140.09,1,140.03,1,139.99,1,139.98,2,139.94,1,139.92,1,139.9,1,139.89,1,140.3,1,140.37,1,,,,,,,,,,,,,,,,
2020-10-29 09:31:14,140.21,140.14,1,140.13,1,140.29,1,140.29,140.13,140.13,1,140.11,1,140.1,1,140.09,1,140.03,1,139.99,1,139.98,2,139.94,1,139.92,1,139.9,1,140.29,1,140.3,1,140.37,1,,,,,,,,,,,,,,
2020-10-29 09:31:15,140.205,140.14,1,140.11,1,140.3,1,140.3,140.11,140.11,1,140.1,1,140.09,1,140.03,1,139.99,1,139.98,2,139.94,1,139.92,1,139.9,1,139.89,1,140.3,1,140.37,1,,,,,,,,,,,,,,,,
2020-10-29 09:31:16,140.195,140.14,1,140.1,1,140.29,1,140.29,140.1,140.1,1,140.09,1,140.03,1,139.99,1,139.98,2,139.94,1,139.92,1,139.9,1,139.89,1,139.88,1,140.29,1,140.3,1,140.37,1,,,,,,,,,,,,,,
2020-10-29 09:31:17,140.21,140.14,1,140.13,1,140.29,1,140.29,140.13,140.13,1,140.1,1,140.09,1,140.03,1,139.99,1,139.98,2,139.94,1,139.92,1,139.9,1,139.89,1,140.29,1,140.3,1,140.37,1,,,,,,,,,,,,,,
2020-10-29 09:31:18,140.205,140.14,1,140.13,1,140.28,1,140.28,140.13,140.13,1,140.1,1,140.09,1,140.03,1,139.99,1,139.98,2,139.94,1,139.92,1,139.9,1,139.89,1,140.28,1,140.29,1,140.3,1,140.37,1,,,,,,,,,,,,
2020-10-29 09:31:19,140.2,140.14,1,140.13,1,140.27,1,140.27,140.13,140.13,1,140.1,1,140.09,1,140.03,1,139.99,1,139.98,2,139.94,1,139.92,1,139.9,1,139.89,1,140.27,1,140.28,1,140.29,1,140.3,1,140.37,1,,,,,,,,,,
2020-10-29 09:31:20,140.195,140.14,1,140.13,1,140.26,1,140.26,140.13,140.13,1,140.1,1,140.09,1,140.03,1,139.99,1,139.98,2,139.94,1,139.92,1,139.9,1,139.89,1,140.26,1,140.27,1,140.28,1,140.29,1,140.3,1,140.37,1,,,,,,,,
2020-10-29 09:31:21,140.225,140.14,1,140.16,1,140.29,1,140.29,140.16,140.16,1,140.13,2,140.1,1,140.09,1,140.03,1,139.99,1,139.98,2,139.94,1,139.92,1,139.9,1,140.29,1,140.3,1,140.37,1,,,,,,,,,,,,,,
2020-10-29 09:31:22,140.135,140.14,1,140.08,2,140.19,1,140.19,140.08,140.08,2,140.03,1,139.99,1,139.98,2,139.94,1,139.92,1,139.9,1,139.89,1,139.88,1,139.87,1,140.19,1,140.28,1,140.29,1,140.3,1,140.37,1,,,,,,,,,,
2020-10-29 09:31:23,140.135,140.14,1,140.08,2,140.19,1,140.19,140.08,140.08,2,140.03,1,139.99,1,139.98,2,139.94,1,139.92,1,139.9,1,139.89,1,139.88,1,139.87,1,140.19,1,140.28,1,140.29,1,140.3,1,140.37,1,,,,,,,,,,
2020-10-29 09:31:24,140.205,140.19,1,140.14,1,140.27,1,140.27,140.14,140.14,1,140.08,2,140.03,1,139.99,1,139.98,2,139.94,1,139.92,1,139.9,1,139.89,1,139.88,1,140.27,1,140.28,1,140.29,1,140.3,1,140.37,1,,,,,,,,,,
2020-10-29 09:31:25,140.205,140.19,1,140.14,1,140.27,1,140.27,140.14,140.14,1,140.08,2,140.03,1,139.99,1,139.98,2,139.94,1,139.92,1,139.9,1,139.89,1,139.88,1,140.27,1,140.28,1,140.29,1,140.3,1,140.37,1,,,,,,,,,,
2020-10-29 09:31:26,140.205,140.19,1,140.14,2,140.27,1,140.27,140.14,140.14,2,140.08,2,140.03,1,139.99,1,139.98,2,139.94,1,139.92,1,139.9,1,139.89,1,139.88,1,140.27,1,140.28,1,140.29,1,140.3,1,140.37,1,,,,,,,,,,
2020-10-29 09:31:27,140.21,140.19,1,140.14,2,140.28,1,140.28,140.14,140.14,2,140.08,2,140.03,1,139.99,1,139.98,2,139.94,1,139.92,1,139.9,1,139.89,1,139.88,1,140.28,1,140.29,1,140.3,1,140.37,1,,,,,,,,,,,,
2020-10-29 09:31:28,140.21,140.19,1,140.15,1,140.27,1,140.27,140.15,140.15,1,140.14,2,140.08,2,140.03,1,139.99,1,139.98,2,139.94,1,139.92,1,139.9,1,139.89,1,140.27,1,140.28,1,140.29,1,140.3,1,140.37,1,,,,,,,,,,
2020-10-29 09:31:29,140.21,140.19,1,140.15,1,140.27,1,140.27,140.15,140.15,1,140.14,2,140.08,2,140.03,1,139.99,1,139.98,2,139.94,1,139.92,1,139.9,1,139.89,1,140.27,1,140.28,1,140.29,1,140.3,1,140.37,1,,,,,,,,,,
2020-10-29 09:31:30,140.215,140.19,1,140.15,1,140.28,1,140.28,140.15,140.15,1,140.14,2,140.08,2,140.03,1,139.99,1,139.98,2,139.94,1,139.92,1,139.9,1,139.89,1,140.28,1,140.29,1,140.3,1,140.37,1,,,,,,,,,,,,
2020-10-29 09:31:31,140.24,140.19,1,140.19,1,140.29,1,140.29,140.19,140.19,1,140.15,1,140.14,2,140.08,2,140.03,1,139.99,1,139.98,2,139.94,1,139.92,1,139.9,1,140.29,1,140.3,1,140.37,1,,,,,,,,,,,,,,
2020-10-29 09:31:32,140.245,140.19,1,140.19,1,140.3,1,140.3,140.19,140.19,1,140.15,1,140.14,2,140.08,2,140.03,1,139.99,1,139.98,2,139.94,1,139.92,1,139.9,1,140.3,1,140.37,1,,,,,,,,,,,,,,,,
2020-10-29 09:31:33,140.245,140.19,1,140.19,1,140.3,1,140.3,140.19,140.19,1,140.15,1,140.14,2,140.08,2,140.03,1,139.99,1,139.98,2,139.94,1,139.92,1,139.9,1,140.3,1,140.37,1,,,,,,,,,,,,,,,,
2020-10-29 09:31:34,140.205,140.19,1,140.15,1,140.26,1,140.26,140.15,140.15,1,140.14,2,140.08,2,140.03,1,139.99,1,139.98,2,139.94,1,139.92,1,139.9,1,139.89,1,140.26,1,140.27,1,140.28,1,140.29,1,140.3,1,140.37,1,,,,,,,,
2020-10-29 09:31:35,140.205,140.19,1,140.14,1,140.27,1,140.27,140.14,140.14,1,140.08,2,140.03,1,139.99,1,139.98,2,139.94,1,139.92,1,139.9,1,139.89,1,139.88,1,140.27,1,140.28,1,140.29,1,140.3,1,140.37,1,,,,,,,,,,
2020-10-29 09:31:36,140.235,140.19,1,140.19,1,140.28,1,140.28,140.19,140.19,1,140.14,1,140.08,2,140.03,1,139.99,1,139.98,2,139.94,1,139.92,1,139.9,1,139.89,1,140.28,1,140.29,1,140.3,1,140.37,1,,,,,,,,,,,,
2020-10-29 09:31:37,140.235,140.19,1,140.19,1,140.28,1,140.28,140.19,140.19,1,140.14,1,140.08,2,140.03,1,139.99,1,139.98,2,139.94,1,139.92,1,139.9,1,139.89,1,140.28,1,140.29,1,140.3,1,140.37,1,,,,,,,,,,,,
2020-10-29 09:31:38,140.165,140.14,2,140.11,1,140.22,1,140.22,140.11,140.11,1,140.1,1,140.02,1,139.99,2,139.98,2,139.94,1,139.92,1,139.9,1,139.89,1,139.88,1,140.22,1,140.27,1,140.28,1,140.29,1,140.3,1,140.37,1,,,,,,,,
2020-10-29 09:31:39,140.155,140.14,2,140.1,1,140.21,1,140.21,140.1,140.1,1,140.02,1,139.99,2,139.98,2,139.94,1,139.92,1,139.9,1,139.89,1,139.88,1,139.87,1,140.21,1,140.22,1,140.27,1,140.28,1,140.29,1,140.3,1,140.37,1,,,,,,
2020-10-29 09:31:40,140.155,140.14,2,140.1,1,140.21,1,140.21,140.1,140.1,1,140.02,1,139.99,2,139.98,2,139.94,1,139.92,1,139.9,1,139.89,1,139.88,1,139.87,1,140.21,1,140.22,1,140.27,1,140.28,1,140.29,1,140.3,1,140.37,1,,,,,,
2020-10-29 09:31:41,140.15,140.14,2,140.1,1,140.2,1,140.2,140.1,140.1,1,140.02,1,139.99,2,139.98,2,139.94,1,139.92,1,139.9,1,139.89,1,139.88,1,139.87,1,140.2,1,140.21,1,140.22,1,140.27,1,140.28,1,140.29,1,140.3,1,140.37,1,,,,
2020-10-29 09:31:42,140.15,140.14,2,140.1,1,140.2,1,140.2,140.1,140.1,1,140.02,1,139.99,2,139.98,2,139.94,1,139.92,1,139.9,1,139.89,1,139.88,1,139.87,1,140.2,1,140.21,1,140.22,1,140.27,1,140.28,1,140.29,1,140.3,1,140.37,1,,,,
2020-10-29 09:31:43,140.15,140.14,2,140.1,1,140.2,1,140.2,140.1,140.1,1,140.02,1,139.99,2,139.98,2,139.94,1,139.92,1,139.9,1,139.89,1,139.88,1,139.87,1,140.2,1,140.21,1,140.22,1,140.27,1,140.28,1,140.29,1,140.3,1,140.37,1,,,,
2020-10-29 09:31:44,140.15,140.14,2,140.1,1,140.2,1,140.2,140.1,140.1,1,140.02,1,139.99,2,139.98,2,139.94,1,139.92,1,139.9,1,139.89,1,139.88,1,139.87,1,140.2,1,140.21,1,140.22,1,140.27,1,140.28,1,140.29,1,140.3,1,140.37,1,,,,
2020-10-29 09:31:45,140.145,140.11,1,140.11,1,140.18,1,140.18,140.11,140.11,1,140.1,1,140.02,1,139.99,2,139.98,2,139.94,1,139.92,1,139.9,1,139.89,1,139.88,1,140.18,1,140.2,1,140.22,1,140.27,1,140.28,1,140.29,1,140.3,1,140.37,1,,,,
2020-10-29 09:31:46,140.15,140.18,1,140.1,1,140.2,1,140.2,140.1,140.1,1,140.02,1,139.99,2,139.98,2,139.94,1,139.92,1,139.9,1,139.89,1,139.88,1,139.87,1,140.2,1,140.21,1,140.22,1,140.27,1,140.28,1,140.29,1,140.3,1,140.37,1,,,,
2020-10-29 09:31:47,140.13,140.18,1,140.1,1,140.16,1,140.16,140.1,140.1,1,140.02,1,139.99,2,139.98,2,139.94,1,139.92,1,139.9,1,139.89,1,139.88,1,139.87,1,140.16,1,140.21,1,140.22,1,140.27,1,140.28,1,140.29,1,140.3,1,140.37,1,,,,
2020-10-29 09:31:48,140.13,140.18,1,140.1,1,140.16,1,140.16,140.1,140.1,1,140.02,1,139.99,2,139.98,2,139.94,1,139.92,1,139.9,1,139.89,1,139.88,1,139.87,1,140.16,1,140.21,1,140.22,1,140.27,1,140.28,1,140.29,1,140.3,1,140.37,1,,,,
2020-10-29 09:31:49,140.155,140.16,1,140.1,1,140.21,1,140.21,140.1,140.1,1,140.02,1,139.99,2,139.98,2,139.94,1,139.92,1,139.9,1,139.89,1,139.88,1,139.87,1,140.21,1,140.22,1,140.27,1,140.28,1,140.29,1,140.3,1,140.37,1,,,,,,
2020-10-29 09:31:50,140.165,140.16,1,140.1,1,140.23,1,140.23,140.1,140.1,1,140.02,1,139.99,2,139.98,2,139.94,1,139.92,1,139.9,1,139.89,1,139.88,1,139.87,1,140.23,1,140.27,1,140.28,1,140.29,1,140.3,1,140.37,1,,,,,,,,
2020-10-29 09:31:51,140.21,140.16,1,140.17,1,140.25,1,140.25,140.17,140.17,1,140.14,1,140.1,1,140.02,1,139.99,2,139.98,2,139.94,1,139.92,1,139.9,1,139.89,1,140.25,1,140.27,1,140.28,1,140.29,1,140.3,1,140.37,1,,,,,,,,
2020-10-29 09:31:52,140.185,140.16,1,140.12,1,140.25,1,140.25,140.12,140.12,1,140.11,1,140.1,1,140.02,1,139.99,2,139.98,2,139.94,1,139.92,1,139.9,1,139.89,1,140.25,1,140.26,1,140.27,1,140.28,1,140.29,1,140.3,1,140.37,1,,,,,,
2020-10-29 09:31:53,140.16,140.17,1,140.09,2,140.23,1,140.23,140.09,140.09,2,140.07,1,140.02,1,139.99,2,139.98,2,139.94,1,139.92,1,139.9,1,139.89,1,139.88,1,140.23,1,140.25,1,140.26,1,140.27,1,140.28,1,140.29,1,140.3,1,140.37,1,,,,
2020-10-29 09:31:54,140.16,140.17,1,140.09,1,140.23,1,140.23,140.09,140.09,1,140.08,1,140.07,1,140.02,1,139.99,2,139.98,2,139.94,1,139.92,1,139.9,1,139.89,1,140.23,1,140.25,1,140.26,1,140.27,1,140.28,1,140.29,1,140.3,1,140.37,1,,,,
2020-10-29 09:31:55,140.13,140.17,1,140.06,1,140.2,1,140.2,140.06,140.06,1,140.05,1,139.96,2,139.94,1,139.92,1,139.9,1,139.89,1,139.88,1,139.87,1,139.86,1,140.2,1,140.23,1,140.25,1,140.26,1,140.27,1,140.28,1,140.29,1,140.3,1,140.37,1,,
2020-10-29 09:31:56,140.12,140.17,1,140.05,2,140.19,1,140.19,140.05,140.05,2,140.04,1,139.96,2,139.94,1,139.92,1,139.9,1,139.89,1,139.88,1,139.87,1,139.86,1,140.19,1,140.2,1,140.23,1,140.25,1,140.26,1,140.27,1,140.28,1,140.29,1,140.3,1,140.37,1
2020-10-29 09:31:57,140.125,140.17,1,140.07,1,140.18,1,140.18,140.07,140.07,1,140.03,1,139.96,2,139.94,1,139.92,1,139.9,1,139.89,1,139.88,1,139.87,1,139.86,1,140.18,1,140.19,1,140.2,1,140.23,1,140.25,1,140.26,1,140.27,1,140.28,1,140.29,1,140.3,1
2020-10-29 09:31:58,140.085,140.17,1,140.01,1,140.16,1,140.16,140.01,140.01,1,140.0,1,139.93,2,139.92,1,139.9,1,139.89,1,139.88,1,139.87,1,139.86,1,139.83,1,140.16,1,140.17,1,140.18,1,140.19,1,140.2,1,140.23,1,140.25,1,140.26,1,140.27,1,140.28,1
2020-10-29 09:31:59,140.08,140.17,1,140.02,2,140.14,1,140.14,140.02,140.02,2,139.93,2,139.92,1,139.9,1,139.89,1,139.88,1,139.87,1,139.86,1,139.83,1,139.81,1,140.14,1,140.15,1,140.16,1,140.17,1,140.18,1,140.19,1,140.2,1,140.23,1,140.25,1,140.26,1
2020-10-29 09:32:00,140.05,140.17,1,139.99,1,140.11,1,140.11,139.99,139.99,1,139.93,2,139.92,1,139.9,1,139.89,1,139.88,1,139.87,1,139.86,1,139.83,1,139.81,1,140.11,1,140.12,1,140.13,1,140.14,1,140.16,1,140.17,1,140.18,1,140.19,1,140.2,1,140.23,1
2020-10-29 09:32:01,140.045,140.17,1,139.98,1,140.11,1,140.11,139.98,139.98,1,139.93,2,139.92,1,139.9,1,139.89,1,139.88,1,139.87,1,139.86,1,139.83,1,139.81,1,140.11,1,140.12,1,140.13,1,140.14,1,140.16,1,140.17,1,140.18,1,140.19,1,140.2,1,140.23,1
2020-10-29 09:32:02,140.09,140.17,1,140.04,1,140.14,1,140.14,140.04,140.04,1,140.03,1,139.99,1,139.98,1,139.93,2,139.92,1,139.9,1,139.89,1,139.88,1,139.87,1,140.14,1,140.16,1,140.17,1,140.18,1,140.19,1,140.2,1,140.23,1,140.25,1,140.26,1,140.27,1
2020-10-29 09:32:03,140.09,140.17,1,140.03,1,140.15,1,140.15,140.03,140.03,1,139.99,1,139.98,1,139.93,2,139.92,1,139.9,1,139.89,1,139.88,1,139.87,1,139.86,1,140.15,1,140.16,1,140.17,1,140.18,1,140.19,1,140.2,1,140.23,1,140.25,1,140.26,1,140.27,1
2020-10-29 09:32:04,140.095,140.17,1,140.04,1,140.15,1,140.15,140.04,140.04,1,140.03,2,139.99,1,139.98,1,139.93,2,139.92,1,139.9,1,139.89,1,139.88,1,139.87,1,140.15,1,140.16,1,140.17,1,140.18,1,140.19,1,140.2,1,140.23,1,140.25,1,140.26,1,140.27,1
2020-10-29 09:32:05,140.105,140.17,1,140.05,1,140.16,1,140.16,140.05,140.05,1,140.04,1,140.03,2,139.99,1,139.98,1,139.93,2,139.92,1,139.9,1,139.89,1,139.88,1,140.16,1,140.17,1,140.18,1,140.19,1,140.2,1,140.23,1,140.25,1,140.26,1,140.27,1,140.28,1
2020-10-29 09:32:06,140.115,140.17,1,140.05,1,140.18,1,140.18,140.05,140.05,1,140.04,1,140.03,2,139.99,1,139.98,1,139.93,2,139.92,1,139.9,1,139.89,1,139.88,1,140.18,1,140.19,1,140.2,1,140.23,1,140.25,1,140.26,1,140.27,1,140.28,1,140.29,1,140.3,1
2020-10-29 09:32:07,140.095,140.17,1,140.04,1,140.15,1,140.15,140.04,140.04,1,140.03,2,139.99,1,139.98,1,139.93,2,139.92,1,139.9,1,139.89,1,139.88,1,139.87,1,140.15,1,140.17,1,140.18,1,140.19,1,140.2,1,140.23,1,140.25,1,140.26,1,140.27,1,140.28,1
2020-10-29 09:32:08,140.09,140.17,1,140.03,2,140.15,1,140.15,140.03,140.03,2,139.99,1,139.98,1,139.93,2,139.92,1,139.9,1,139.89,1,139.88,1,139.87,1,139.86,1,140.15,1,140.17,1,140.18,1,140.19,1,140.2,1,140.23,1,140.25,1,140.26,1,140.27,1,140.28,1
2020-10-29 09:32:09,140.09,140.17,1,140.03,1,140.15,1,140.15,140.03,140.03,1,139.99,1,139.98,1,139.93,2,139.92,1,139.9,1,139.89,1,139.88,1,139.87,1,139.86,1,140.15,1,140.17,1,140.18,1,140.19,1,140.2,1,140.23,1,140.25,1,140.26,1,140.27,1,140.28,1
2020-10-29 09:32:10,140.09,140.17,1,140.03,1,140.15,1,140.15,140.03,140.03,1,139.99,1,139.98,1,139.93,2,139.92,1,139.9,1,139.89,1,139.88,1,139.87,1,139.86,1,140.15,1,140.17,1,140.18,1,140.19,1,140.2,1,140.23,1,140.25,1,140.26,1,140.27,1,140.28,1
2020-10-29 09:32:11,140.07,140.17,1,140.03,1,140.11,1,140.11,140.03,140.03,1,139.99,1,139.98,1,139.93,2,139.92,1,139.9,1,139.89,1,139.88,1,139.87,1,139.86,1,140.11,1,140.12,1,140.15,1,140.16,1,140.17,1,140.18,1,140.19,1,140.2,1,140.23,1,140.25,1
2020-10-29 09:32:12,140.095,140.17,1,140.04,1,140.15,1,140.15,140.04,140.04,1,140.03,1,139.99,1,139.98,1,139.93,2,139.92,1,139.9,1,139.89,1,139.88,1,139.87,1,140.15,1,140.16,1,140.17,1,140.18,1,140.19,1,140.2,1,140.23,1,140.25,1,140.26,1,140.27,1
2020-10-29 09:32:13,140.1,140.17,1,140.03,1,140.17,1,140.17,140.03,140.03,1,139.99,1,139.98,1,139.93,2,139.92,1,139.9,1,139.89,1,139.88,1,139.87,1,139.86,1,140.17,1,140.18,1,140.19,1,140.2,1,140.23,1,140.25,1,140.26,1,140.27,1,140.28,1,140.29,1
2020-10-29 09:32:14,140.095,140.17,1,140.03,1,140.16,1,140.16,140.03,140.03,1,139.99,1,139.98,1,139.93,2,139.92,1,139.9,1,139.89,1,139.88,1,139.87,1,139.86,1,140.16,1,140.17,1,140.18,1,140.19,1,140.2,1,140.23,1,140.25,1,140.26,1,140.27,1,140.28,1
2020-10-29 09:32:15,140.08,140.02,1,140.02,1,140.14,1,140.14,140.02,140.02,1,140.01,1,139.9,2,139.89,1,139.88,1,139.87,1,139.86,1,139.83,1,139.81,1,139.8,3,140.14,1,140.16,1,140.17,1,140.18,1,140.19,1,140.2,1,140.23,1,140.25,1,140.26,1,140.27,1
2020-10-29 09:32:16,140.08,140.02,1,140.01,2,140.15,1,140.15,140.01,140.01,2,140.0,1,139.9,2,139.89,1,139.88,1,139.87,1,139.86,1,139.83,1,139.81,1,139.8,3,140.15,1,140.16,1,140.17,1,140.18,1,140.19,1,140.2,1,140.23,1,140.25,1,140.26,1,140.27,1
2020-10-29 09:32:17,139.975,140.03,1,139.9,2,140.05,1,140.05,139.9,139.9,2,139.89,1,139.88,1,139.87,1,139.86,1,139.83,1,139.81,1,139.8,3,,,,,140.05,1,140.11,1,140.15,1,140.16,1,140.17,1,140.18,1,140.19,1,140.2,1,140.23,1,140.25,1
2020-10-29 09:32:18,139.98,140.03,1,139.93,1,140.03,1,140.03,139.93,139.93,1,139.85,1,139.83,1,139.81,1,139.8,3,,,,,,,,,,,140.03,1,140.04,1,140.05,2,140.11,1,140.15,1,140.16,1,140.17,1,140.18,1,140.19,1,140.2,1
2020-10-29 09:32:19,139.935,140.03,1,139.87,1,140.0,1,139.99,139.87,139.87,1,139.86,1,139.85,1,139.83,1,139.81,1,139.8,3,,,,,,,,,140.0,1,140.01,1,140.02,1,140.03,1,140.04,1,140.05,2,140.11,1,140.15,1,140.16,1,140.17,1
2020-10-29 09:32:20,139.94,140.03,1,139.88,1,140.0,1,140.0,139.88,139.88,1,139.87,2,139.86,1,139.85,1,139.83,1,139.81,1,139.8,3,,,,,,,140.0,1,140.01,1,140.02,1,140.03,1,140.04,1,140.05,2,140.11,1,140.15,1,140.16,1,140.17,1
2020-10-29 09:32:21,139.94,140.03,1,139.88,1,140.0,1,140.0,139.88,139.88,1,139.87,2,139.86,1,139.85,1,139.83,1,139.81,1,139.8,3,,,,,,,140.0,1,140.01,1,140.02,1,140.03,1,140.04,1,140.05,2,140.11,1,140.15,1,140.16,1,140.17,1
2020-10-29 09:32:22,139.935,140.03,1,139.87,2,140.0,1,140.0,139.87,139.87,2,139.86,1,139.85,1,139.83,1,139.81,1,139.8,3,,,,,,,,,140.0,1,140.01,1,140.02,1,140.03,1,140.04,1,140.05,2,140.11,1,140.15,1,140.16,1,140.17,1
2020-10-29 09:32:23,139.935,140.03,1,139.87,2,140.0,1,140.0,139.87,139.87,2,139.86,1,139.85,1,139.83,1,139.81,1,139.8,3,,,,,,,,,140.0,1,140.01,1,140.02,1,140.03,1,140.04,1,140.05,2,140.11,1,140.15,1,140.16,1,140.17,1
2020-10-29 09:32:24,139.94,140.03,1,139.87,2,140.01,1,140.01,139.87,139.87,2,139.86,1,139.85,1,139.83,1,139.81,1,139.8,3,,,,,,,,,140.01,1,140.02,1,140.03,1,140.04,1,140.05,2,140.11,1,140.15,1,140.16,1,140.17,1,140.18,1
2020-10-29 09:32:25,139.95,140.03,1,139.9,1,140.0,1,140.0,139.9,139.9,1,139.87,1,139.86,1,139.85,1,139.83,1,139.81,1,139.8,3,,,,,,,140.0,1,140.01,1,140.02,1,140.03,1,140.04,1,140.05,2,140.11,1,140.15,1,140.16,1,140.17,1
2020-10-29 09:32:26,139.975,140.03,1,139.92,1,140.03,1,140.03,139.92,139.92,1,139.9,1,139.87,1,139.86,1,139.85,1,139.83,1,139.81,1,139.8,3,,,,,140.03,1,140.04,1,140.05,2,140.11,1,140.15,1,140.16,1,140.17,1,140.18,1,140.19,1,140.2,1
2020-10-29 09:32:27,139.97,140.03,1,139.91,1,140.03,1,140.03,139.91,139.91,1,139.9,2,139.89,1,139.87,1,139.86,1,139.85,1,139.83,1,139.81,1,139.8,3,,,140.03,1,140.04,1,140.05,2,140.11,1,140.15,1,140.16,1,140.17,1,140.18,1,140.19,1,140.2,1
2020-10-29 09:32:28,139.975,140.03,1,139.91,2,140.04,1,140.04,139.91,139.91,2,139.9,2,139.89,1,139.87,1,139.86,1,139.85,1,139.83,1,139.81,1,139.8,3,,,140.04,1,140.05,2,140.11,1,140.15,1,140.16,1,140.17,1,140.18,1,140.19,1,140.2,1,140.23,1
2020-10-29 09:32:29,139.995,140.03,1,139.94,3,140.05,1,140.05,139.94,139.94,3,139.91,1,139.9,2,139.89,1,139.87,1,139.86,1,139.85,1,139.83,1,139.81,1,139.8,3,140.05,1,140.06,1,140.11,1,140.15,1,140.16,1,140.17,1,140.18,1,140.19,1,140.2,1,140.23,1
2020-10-29 09:32:30,140.0,140.03,1,139.94,3,140.06,1,140.06,139.94,139.94,3,139.91,1,139.9,2,139.89,1,139.87,1,139.86,1,139.85,1,139.83,1,139.81,1,139.8,3,140.06,1,140.11,1,140.15,1,140.16,1,140.17,1,140.18,1,140.19,1,140.2,1,140.23,1,140.25,1
2020-10-29 09:32:31,139.99,140.03,1,139.94,1,140.04,1,140.04,139.94,139.94,1,139.91,2,139.9,2,139.89,1,139.87,1,139.86,1,139.85,1,139.83,1,139.81,1,139.8,3,140.04,1,140.06,1,140.11,1,140.15,1,140.16,1,140.17,1,140.18,1,140.19,1,140.2,1,140.23,1
2020-10-29 09:32:32,139.975,140.03,1,139.91,1,140.04,1,140.04,139.91,139.91,1,139.9,2,139.89,1,139.87,1,139.86,1,139.85,1,139.83,1,139.81,1,139.8,3,,,140.04,1,140.06,1,140.11,1,140.15,1,140.16,1,140.17,1,140.18,1,140.19,1,140.2,1,140.23,1
2020-10-29 09:32:33,139.945,140.03,1,139.9,2,139.99,1,139.99,139.9,139.9,2,139.89,1,139.87,1,139.86,1,139.85,1,139.83,1,139.81,1,139.8,3,,,,,139.99,1,140.03,1,140.04,1,140.06,1,140.11,1,140.15,1,140.16,1,140.17,1,140.18,1,140.19,1
2020-10-29 09:32:34,139.95,140.03,1,139.91,1,139.99,1,139.99,139.91,139.91,1,139.9,1,139.89,1,139.87,1,139.86,1,139.85,1,139.83,1,139.81,1,139.8,3,,,139.99,1,140.03,1,140.04,1,140.06,1,140.11,1,140.15,1,140.16,1,140.17,1,140.18,1,140.19,1
2020-10-29 09:32:35,139.96,140.03,1,139.93,1,139.99,1,139.99,139.93,139.93,1,139.9,1,139.89,1,139.87,1,139.86,1,139.85,1,139.83,1,139.81,1,139.8,3,,,139.99,1,140.03,1,140.04,1,140.06,1,140.11,1,140.15,1,140.16,1,140.17,1,140.18,1,140.19,1
2020-10-29 09:32:36,139.98,140.03,1,139.93,2,140.03,1,140.03,139.93,139.93,2,139.9,1,139.89,1,139.87,1,139.86,1,139.85,1,139.83,1,139.81,1,139.8,3,,,140.03,1,140.04,1,140.06,1,140.11,1,140.15,1,140.16,1,140.17,1,140.18,1,140.19,1,140.2,1
2020-10-29 09:32:37,139.995,140.03,1,139.93,2,140.06,1,140.06,139.93,139.93,2,139.9,1,139.89,1,139.87,1,139.86,1,139.85,1,139.83,1,139.81,1,139.8,3,,,140.06,1,140.11,1,140.15,1,140.16,1,140.17,1,140.18,1,140.19,1,140.2,1,140.23,1,140.25,1
2020-10-29 09:32:38,139.995,140.03,1,139.93,2,140.06,1,140.06,139.93,139.93,2,139.9,1,139.89,1,139.87,1,139.86,1,139.85,1,139.83,1,139.81,1,139.8,3,,,140.06,1,140.11,1,140.15,1,140.16,1,140.17,1,140.18,1,140.19,1,140.2,1,140.23,1,140.25,1
2020-10-29 09:32:39,139.985,139.95,1,139.94,1,140.03,1,140.03,139.94,139.94,1,139.93,1,139.92,1,139.9,1,139.89,1,139.87,1,139.86,1,139.85,1,139.83,1,139.81,1,140.03,1,140.06,1,140.11,1,140.15,1,140.16,1,140.17,1,140.18,1,140.19,1,140.2,1,140.23,1
2020-10-29 09:32:40,139.965,139.96,1,139.91,1,140.02,1,140.02,139.91,139.91,1,139.9,1,139.89,1,139.87,1,139.86,1,139.85,1,139.83,1,139.81,1,139.8,3,,,140.02,1,140.03,1,140.04,1,140.06,1,140.11,1,140.15,1,140.16,1,140.17,1,140.18,1,140.19,1
2020-10-29 09:32:41,139.955,139.96,1,139.89,1,140.02,1,140.02,139.89,139.89,1,139.87,1,139.86,1,139.85,1,139.83,1,139.81,1,139.8,3,,,,,,,140.02,1,140.04,1,140.06,1,140.11,1,140.15,1,140.16,1,140.17,1,140.18,1,140.19,1,140.2,1
2020-10-29 09:32:42,139.95,139.96,1,139.89,1,140.01,1,140.01,139.89,139.89,1,139.87,3,139.86,1,139.85,1,139.83,1,139.81,1,139.8,3,,,,,,,140.01,1,140.02,1,140.04,1,140.06,1,140.11,1,140.15,1,140.16,1,140.17,1,140.18,1,140.19,1
2020-10-29 09:32:43,139.95,139.96,1,139.89,2,140.01,1,140.01,139.89,139.89,2,139.88,1,139.87,3,139.86,1,139.85,1,139.83,1,139.81,1,139.8,3,,,,,140.01,1,140.02,1,140.04,1,140.06,1,140.11,1,140.15,1,140.16,1,140.17,1,140.18,1,140.19,1
2020-10-29 09:32:44,139.955,139.96,1,139.9,1,140.01,1,140.01,139.9,139.9,1,139.88,1,139.87,3,139.86,1,139.85,1,139.83,1,139.81,1,139.8,3,,,,,140.01,1,140.02,1,140.04,1,140.06,1,140.11,1,140.15,1,140.16,1,140.17,1,140.18,1,140.19,1
2020-10-29 09:32:45,139.945,139.96,1,139.88,1,140.01,1,140.01,139.88,139.88,1,139.87,3,139.86,1,139.85,1,139.83,1,139.81,1,139.8,3,,,,,,,140.01,1,140.02,1,140.04,1,140.06,1,140.11,1,140.15,1,140.16,1,140.17,1,140.18,1,140.19,1
2020-10-29 09:32:47,139.955,139.96,1,139.89,1,140.02,1,140.02,139.89,139.89,1,139.88,1,139.87,3,139.86,1,139.85,1,139.83,1,139.81,1,139.8,3,,,,,140.02,1,140.03,1,140.04,1,140.06,1,140.11,1,140.15,1,140.16,1,140.17,1,140.18,1,140.19,1
2020-10-29 09:32:47,139.975,139.96,1,139.92,2,140.03,1,140.03,139.92,139.92,2,139.89,1,139.88,1,139.87,3,139.86,1,139.85,1,139.83,1,139.81,1,139.8,3,,,140.03,1,140.04,1,140.06,1,140.11,1,140.15,1,140.16,1,140.17,1,140.18,1,140.19,1,140.2,1
2020-10-29 09:32:48,139.985,139.96,1,139.93,1,140.04,1,140.04,139.93,139.93,1,139.92,2,139.89,1,139.88,1,139.87,3,139.86,1,139.85,1,139.83,1,139.81,1,139.8,3,140.04,1,140.06,1,140.11,1,140.15,1,140.16,1,140.17,1,140.18,1,140.19,1,140.2,1,140.23,1
2020-10-29 09:32:49,139.99,139.96,1,139.93,1,140.05,1,140.05,139.93,139.93,1,139.92,2,139.89,1,139.88,1,139.87,3,139.86,1,139.85,1,139.83,1,139.81,1,139.8,3,140.05,1,140.06,1,140.11,1,140.15,1,140.16,1,140.17,1,140.18,1,140.19,1,140.2,1,140.23,1
2020-10-29 09:32:50,140.005,139.96,1,139.97,1,140.04,1,140.04,139.97,139.97,1,139.93,1,139.92,4,139.89,1,139.88,1,139.87,3,139.86,1,139.85,1,139.83,1,139.81,1,140.04,1,140.05,1,140.06,1,140.11,1,140.15,1,140.16,1,140.17,1,140.18,1,140.19,1,140.2,1
2020-10-29 09:32:52,139.95,139.97,1,139.92,2,139.98,1,139.98,139.92,139.92,2,139.89,1,139.88,1,139.87,3,139.86,1,139.85,1,139.83,1,139.81,1,139.8,3,,,139.98,1,139.99,1,140.03,1,140.04,1,140.05,1,140.06,1,140.11,1,140.15,1,140.16,1,140.17,1
2020-10-29 09:32:52,139.98,139.98,1,139.92,3,140.04,1,140.04,139.92,139.92,3,139.89,1,139.88,1,139.87,3,139.86,1,139.85,1,139.83,1,139.81,1,139.8,3,,,140.04,1,140.05,1,140.06,1,140.11,1,140.15,1,140.16,1,140.17,1,140.18,1,140.19,1,140.2,1
2020-10-29 09:32:54,139.96,139.98,1,139.9,1,140.02,1,140.02,139.9,139.9,1,139.89,1,139.88,1,139.87,3,139.86,1,139.85,1,139.83,1,139.81,1,139.8,3,,,140.02,1,140.04,1,140.05,1,140.06,1,140.11,1,140.15,1,140.16,1,140.17,1,140.18,1,140.19,1
2020-10-29 09:32:55,139.97,139.98,1,139.92,1,140.02,1,140.02,139.92,139.92,1,139.9,1,139.89,1,139.88,1,139.87,3,139.86,1,139.85,1,139.83,1,139.81,1,139.8,3,140.02,1,140.04,1,140.05,1,140.06,1,140.11,1,140.15,1,140.16,1,140.17,1,140.18,1,140.19,1
2020-10-29 09:32:55,139.99,139.98,1,139.93,1,140.05,1,140.05,139.93,139.93,1,139.92,1,139.9,1,139.89,1,139.88,1,139.87,3,139.86,1,139.85,1,139.83,1,139.81,1,140.05,1,140.06,1,140.11,1,140.15,1,140.16,1,140.17,1,140.18,1,140.19,1,140.2,1,140.23,1
2020-10-29 09:32:57,139.995,139.98,1,139.93,1,140.06,1,140.06,139.93,139.93,1,139.92,1,139.9,1,139.89,1,139.88,1,139.87,3,139.86,1,139.85,1,139.83,1,139.81,1,140.06,1,140.11,1,140.15,1,140.16,1,140.17,1,140.18,1,140.19,1,140.2,1,140.23,1,140.25,1
2020-10-29 09:32:57,140.0,139.98,1,139.93,2,140.07,1,140.07,139.93,139.93,2,139.92,1,139.9,1,139.89,1,139.88,1,139.87,3,139.86,1,139.85,1,139.83,1,139.81,1,140.07,1,140.11,1,140.15,1,140.16,1,140.17,1,140.18,1,140.19,1,140.2,1,140.23,1,140.25,1
2020-10-29 09:32:59,140.01,139.98,1,139.95,1,140.07,1,140.07,139.95,139.95,1,139.94,1,139.93,2,139.92,1,139.9,1,139.89,1,139.88,1,139.87,3,139.86,1,139.85,1,140.07,1,140.11,1,140.15,1,140.16,1,140.17,1,140.18,1,140.19,1,140.2,1,140.23,1,140.25,1
2020-10-29 09:33:00,140.015,139.98,1,139.96,1,140.07,1,140.07,139.96,139.96,1,139.94,1,139.93,2,139.92,1,139.9,1,139.89,1,139.88,1,139.87,3,139.86,1,139.85,1,140.07,1,140.11,1,140.15,1,140.16,1,140.17,1,140.18,1,140.19,1,140.2,1,140.23,1,140.25,1
2020-10-29 09:33:01,140.075,140.06,1,140.02,2,140.13,3,140.13,140.02,140.02,2,140.01,1,140.0,1,139.98,1,139.96,1,139.94,1,139.93,2,139.92,1,139.9,1,139.89,1,140.13,3,140.27,3,140.28,1,140.29,1,140.3,1,140.37,1,,,,,,,,
2020-10-29 09:33:02,140.055,140.06,1,139.99,1,140.12,1,140.12,139.99,139.99,1,139.98,1,139.96,1,139.94,1,139.93,2,139.92,1,139.9,1,139.89,1,139.88,1,139.87,3,140.12,1,140.13,3,140.27,3,140.28,1,140.29,1,140.3,1,140.37,1,,,,,,
2020-10-29 09:33:03,140.07,140.06,1,140.01,1,140.13,2,140.13,140.01,140.01,1,140.0,1,139.99,1,139.98,1,139.96,1,139.94,1,139.93,2,139.92,1,139.9,1,139.89,1,140.13,2,140.27,3,140.28,1,140.29,1,140.3,1,140.37,1,,,,,,,,
2020-10-29 09:33:04,140.08,140.06,1,140.03,3,140.13,1,140.13,140.03,140.03,3,140.02,1,140.01,1,140.0,1,139.99,1,139.98,1,139.96,1,139.94,1,139.93,2,139.92,1,140.13,1,140.15,1,140.16,1,140.23,1,140.24,2,140.27,3,140.28,1,140.29,1,140.3,1,140.37,1
2020-10-29 09:33:05,140.085,140.06,1,140.03,2,140.14,2,140.14,140.03,140.03,2,140.02,1,140.01,1,140.0,1,139.99,1,139.98,1,139.96,1,139.94,1,139.93,2,139.92,1,140.14,2,140.15,2,140.16,1,140.23,1,140.24,2,140.27,3,140.28,1,140.29,1,140.3,1,140.37,1
2020-10-29 09:33:06,140.08,140.06,1,140.03,4,140.13,1,140.13,140.03,140.03,4,140.02,1,140.01,1,140.0,1,139.99,1,139.98,1,139.96,1,139.94,1,139.93,2,139.92,1,140.13,1,140.16,1,140.23,1,140.24,2,140.27,3,140.28,1,140.29,1,140.3,1,140.37,1,,
2020-10-29 09:33:07,140.085,140.06,1,140.02,1,140.15,1,140.15,140.02,140.02,1,140.01,1,140.0,1,139.99,1,139.98,1,139.96,1,139.94,1,139.93,2,139.92,1,139.9,1,140.15,1,140.16,1,140.23,1,140.24,2,140.27,3,140.28,1,140.29,1,140.3,1,140.37,1,,
2020-10-29 09:33:08,140.105,140.06,1,140.05,3,140.16,1,140.16,140.05,140.05,3,140.03,1,140.02,1,140.01,1,140.0,1,139.99,1,139.98,1,139.96,1,139.94,1,139.93,2,140.16,1,140.23,1,140.24,2,140.27,3,140.28,1,140.29,1,140.3,1,140.37,1,,,,
2020-10-29 09:33:09,140.075,140.06,1,140.01,1,140.14,2,140.14,140.01,140.01,1,140.0,1,139.99,1,139.98,1,139.96,1,139.94,1,139.93,2,139.92,1,139.9,1,139.89,1,140.14,2,140.16,1,140.17,1,140.23,1,140.24,2,140.27,3,140.28,1,140.29,1,140.3,1,140.37,1
2020-10-29 09:33:10,140.085,140.06,1,140.04,1,140.13,2,140.13,140.04,140.04,1,140.01,1,140.0,1,139.99,1,139.98,1,139.96,1,139.94,1,139.93,2,139.92,1,139.9,1,140.13,2,140.14,2,140.16,1,140.17,1,140.23,1,140.24,2,140.27,3,140.28,1,140.29,1,140.3,1
2020-10-29 09:33:11,140.075,140.06,1,140.01,1,140.14,1,140.14,140.01,140.01,1,140.0,1,139.99,1,139.98,1,139.96,1,139.94,1,139.93,2,139.92,1,139.9,1,139.89,1,140.14,1,140.15,1,140.16,1,140.17,1,140.23,1,140.24,2,140.27,3,140.28,1,140.29,1,140.3,1
2020-10-29 09:33:12,140.09,140.06,1,140.03,1,140.15,1,140.15,140.03,140.03,1,140.02,1,140.01,1,140.0,1,139.99,1,139.98,1,139.96,1,139.94,1,139.93,2,139.92,1,140.15,1,140.16,1,140.17,1,140.23,1,140.24,2,140.27,3,140.28,1,140.29,1,140.3,1,140.37,1
2020-10-29 09:33:13,140.095,140.06,1,140.04,1,140.15,1,140.15,140.04,140.04,1,140.03,1,140.02,1,140.01,1,140.0,1,139.99,1,139.98,1,139.96,1,139.94,1,139.93,2,140.15,1,140.16,1,140.17,1,140.23,1,140.24,2,140.27,3,140.28,1,140.29,1,140.3,1,140.37,1
2020-10-29 09:33:14,140.095,140.05,1,140.04,2,140.15,1,140.15,140.04,140.04,2,140.03,1,140.02,1,140.01,1,140.0,1,139.99,1,139.98,1,139.96,1,139.94,1,139.93,2,140.15,1,140.16,1,140.17,1,140.23,1,140.24,2,140.27,3,140.28,1,140.29,1,140.3,1,140.37,1
2020-10-29 09:33:15,140.095,140.05,1,140.04,1,140.15,1,140.15,140.04,140.04,1,140.03,1,140.02,1,140.01,1,140.0,1,139.99,1,139.98,1,139.96,1,139.94,1,139.93,2,140.15,1,140.16,1,140.17,1,140.23,1,140.24,2,140.27,3,140.28,1,140.29,1,140.3,1,140.37,1
2020-10-29 09:33:16,140.095,140.05,1,140.04,1,140.15,2,140.15,140.04,140.04,1,140.03,1,140.02,1,140.01,1,140.0,1,139.99,1,139.98,1,139.96,1,139.94,1,139.93,2,140.15,2,140.16,1,140.17,1,140.23,1,140.24,2,140.27,3,140.28,1,140.29,1,140.3,1,140.37,1
2020-10-29 09:33:17,140.105,140.05,1,140.04,1,140.17,1,140.17,140.04,140.04,1,140.03,1,140.02,1,140.01,1,140.0,1,139.99,1,139.98,1,139.96,1,139.94,1,139.93,2,140.17,1,140.23,1,140.24,2,140.27,3,140.28,1,140.29,1,140.3,1,140.37,1,,,,
2020-10-29 09:33:18,140.1,140.05,1,140.04,2,140.16,1,140.16,140.04,140.04,2,140.03,1,140.02,1,140.01,1,140.0,1,139.99,1,139.98,1,139.96,1,139.94,1,139.93,2,140.16,1,140.17,1,140.23,1,140.24,2,140.27,3,140.28,1,140.29,1,140.3,1,140.37,1,,
2020-10-29 09:33:18,140.095,140.05,1,140.04,2,140.15,1,140.15,140.04,140.04,2,140.03,1,140.02,1,140.01,1,140.0,1,139.99,1,139.98,1,139.96,1,139.94,1,139.93,2,140.15,1,140.16,1,140.17,1,140.23,1,140.24,2,140.27,3,140.28,1,140.29,1,140.3,1,140.37,1
2020-10-29 09:33:20,140.1,140.05,1,140.05,1,140.15,1,140.15,140.05,140.05,1,140.04,1,140.03,1,140.02,1,140.01,1,140.0,1,139.99,1,139.98,1,139.96,1,139.94,1,140.15,1,140.16,1,140.17,1,140.23,1,140.24,2,140.27,3,140.28,1,140.29,1,140.3,1,140.37,1
2020-10-29 09:33:21,140.11,140.05,1,140.07,3,140.15,1,140.15,140.07,140.07,3,140.05,1,140.04,1,140.03,1,140.02,1,140.01,1,140.0,1,139.99,1,139.98,1,139.96,1,140.15,1,140.16,1,140.17,1,140.23,1,140.24,2,140.27,3,140.28,1,140.29,1,140.3,1,140.37,1
2020-10-29 09:33:22,140.175,140.05,1,140.12,1,140.23,1,140.23,140.12,140.12,1,140.11,2,140.08,1,140.07,4,140.05,1,140.04,1,140.03,1,140.02,1,140.01,1,140.0,1,140.23,1,140.28,1,140.29,2,140.3,1,140.37,1,,,,,,,,,,
2020-10-29 09:33:23,140.215,140.05,1,140.17,4,140.26,1,140.26,140.17,140.17,4,140.16,1,140.15,1,140.12,1,140.11,2,140.08,1,140.07,4,140.05,1,140.04,1,140.03,1,140.26,1,140.43,2,,,,,,,,,,,,,,,,
2020-10-29 09:33:24,140.205,140.05,1,140.17,4,140.24,2,140.24,140.17,140.17,4,140.16,1,140.15,1,140.12,1,140.11,2,140.08,1,140.07,4,140.05,1,140.04,1,140.03,1,140.24,2,140.27,2,140.29,1,140.43,2,,,,,,,,,,,,
2020-10-29 09:33:25,140.22,140.05,1,140.17,5,140.27,2,140.27,140.17,140.17,5,140.16,1,140.15,1,140.12,1,140.11,2,140.08,1,140.07,4,140.05,1,140.04,1,140.03,1,140.27,2,140.29,1,140.43,2,,,,,,,,,,,,,,
2020-10-29 09:33:26,140.23,140.05,1,140.17,5,140.29,1,140.29,140.17,140.17,5,140.16,1,140.15,1,140.12,1,140.11,2,140.08,1,140.07,4,140.05,1,140.04,1,140.03,1,140.29,1,140.43,2,,,,,,,,,,,,,,,,
2020-10-29 09:33:27,140.24,140.05,1,140.18,2,140.3,1,140.3,140.18,140.18,2,140.17,3,140.16,1,140.15,1,140.12,1,140.11,2,140.08,1,140.07,4,140.05,1,140.04,1,140.3,1,140.43,2,,,,,,,,,,,,,,,,
2020-10-29 09:33:28,140.235,140.05,1,140.18,2,140.29,1,140.29,140.18,140.18,2,140.17,3,140.16,1,140.15,1,140.12,1,140.11,2,140.08,1,140.07,4,140.05,1,140.04,1,140.29,1,140.3,1,140.43,2,,,,,,,,,,,,,,
2020-10-29 09:33:29,140.25,140.05,1,140.19,1,140.31,1,140.31,140.19,140.19,1,140.18,3,140.17,3,140.16,1,140.15,1,140.12,1,140.11,2,140.08,1,140.07,4,140.05,1,140.31,1,140.43,2,,,,,,,,,,,,,,,,
2020-10-29 09:33:30,140.285,140.32,1,140.23,1,140.34,2,140.34,140.23,140.23,1,140.22,1,140.19,1,140.18,3,140.17,3,140.16,1,140.15,1,140.12,1,140.11,2,140.08,1,140.34,2,140.36,2,140.43,2,,,,,,,,,,,,,,
2020-10-29 09:33:31,140.265,140.32,1,140.22,1,140.31,4,140.31,140.22,140.22,1,140.21,1,140.2,1,140.19,1,140.18,3,140.17,3,140.16,1,140.15,1,140.12,1,140.11,2,140.31,4,140.34,2,140.36,2,140.43,2,,,,,,,,,,,,
2020-10-29 09:33:32,140.275,140.32,1,140.22,1,140.33,1,140.33,140.22,140.22,1,140.21,2,140.2,1,140.19,1,140.18,3,140.17,3,140.16,1,140.15,1,140.12,1,140.11,2,140.33,1,140.34,2,140.36,2,140.43,2,,,,,,,,,,,,
2020-10-29 09:33:33,140.27,140.32,1,140.21,2,140.33,1,140.33,140.21,140.21,2,140.2,1,140.19,1,140.18,3,140.17,3,140.16,1,140.15,1,140.12,1,140.11,2,140.08,1,140.33,1,140.34,2,140.36,2,140.43,2,,,,,,,,,,,,
2020-10-29 09:33:34,140.12,140.17,1,140.06,2,140.18,1,140.18,140.06,140.06,2,140.04,2,139.98,1,139.96,1,139.94,1,139.93,2,139.92,1,139.9,1,139.89,1,139.88,1,140.18,1,140.19,1,140.24,1,140.3,4,140.33,1,140.34,2,140.36,2,140.43,2,,,,
2020-10-29 09:33:35,140.105,140.17,1,140.05,3,140.16,1,140.16,140.05,140.05,3,140.04,2,139.98,1,139.96,1,139.94,1,139.93,2,139.92,1,139.9,1,139.89,1,139.88,1,140.16,1,140.18,1,140.19,1,140.24,1,140.3,4,140.33,1,140.34,2,140.36,2,140.43,2,,
2020-10-29 09:33:36,140.105,140.17,1,140.05,2,140.16,1,140.16,140.05,140.05,2,140.04,2,139.98,1,139.96,1,139.94,1,139.93,2,139.92,1,139.9,1,139.89,1,139.88,1,140.16,1,140.18,1,140.19,1,140.24,1,140.3,4,140.33,1,140.34,2,140.36,2,140.43,2,,
2020-10-29 09:33:37,140.085,140.05,2,140.01,3,140.16,1,140.16,140.01,140.01,3,139.98,1,139.96,1,139.94,1,139.93,2,139.92,1,139.9,1,139.89,1,139.88,1,139.87,3,140.16,1,140.17,1,140.18,1,140.19,1,140.24,1,140.3,4,140.33,1,140.34,2,140.36,2,140.43,2
2020-10-29 09:33:38,140.03,140.01,1,139.98,1,140.08,1,140.08,139.98,139.98,1,139.96,1,139.94,1,139.93,2,139.92,1,139.9,1,139.89,1,139.88,1,139.87,3,139.86,1,140.08,1,140.14,1,140.15,1,140.16,1,140.17,1,140.18,1,140.19,1,140.24,1,140.3,4,140.33,1
2020-10-29 09:33:39,140.02,140.01,1,139.96,2,140.08,2,140.08,139.96,139.96,2,139.94,1,139.93,1,139.92,1,139.9,1,139.89,1,139.88,1,139.87,3,139.86,1,139.85,1,140.08,2,140.14,1,140.15,1,140.16,1,140.17,1,140.18,1,140.19,1,140.24,1,140.3,4,140.33,1
2020-10-29 09:33:40,140.05,140.01,1,139.99,1,140.11,1,140.11,139.99,139.99,1,139.97,2,139.96,2,139.94,1,139.93,1,139.92,1,139.9,1,139.89,1,139.88,1,139.87,3,140.11,1,140.14,1,140.15,1,140.16,1,140.17,1,140.18,1,140.19,1,140.24,1,140.3,4,140.33,1
2020-10-29 09:33:41,140.055,140.01,1,140.01,1,140.1,1,140.1,140.01,140.01,1,140.0,1,139.99,1,139.97,2,139.96,2,139.94,1,139.93,1,139.92,1,139.9,1,139.89,1,140.1,1,140.11,1,140.14,1,140.15,1,140.16,1,140.17,1,140.18,1,140.19,1,140.24,1,140.3,4
2020-10-29 09:33:42,140.06,140.01,1,140.01,2,140.11,1,140.11,140.01,140.01,2,140.0,1,139.99,1,139.97,2,139.96,2,139.94,1,139.93,1,139.92,1,139.9,1,139.89,1,140.11,1,140.14,1,140.15,1,140.16,1,140.17,1,140.18,1,140.19,1,140.24,1,140.3,4,140.33,1
2020-10-29 09:33:43,140.065,140.01,1,140.01,2,140.12,1,140.12,140.01,140.01,2,140.0,1,139.99,1,139.97,2,139.96,2,139.94,1,139.93,1,139.92,1,139.9,1,139.89,1,140.12,1,140.14,1,140.15,1,140.16,1,140.17,1,140.18,1,140.19,1,140.24,1,140.3,4,140.33,1
2020-10-29 09:33:44,140.06,140.01,1,140.01,2,140.11,1,140.11,140.01,140.01,2,140.0,1,139.99,1,139.97,2,139.96,2,139.94,1,139.93,1,139.92,1,139.9,1,139.89,1,140.11,1,140.12,1,140.14,1,140.15,1,140.16,1,140.17,1,140.18,1,140.19,1,140.24,1,140.3,4
2020-10-29 09:33:45,140.06,140.01,1,140.01,2,140.11,1,140.11,140.01,140.01,2,140.0,1,139.99,1,139.97,2,139.96,2,139.94,1,139.93,1,139.92,1,139.9,1,139.89,1,140.11,1,140.12,1,140.14,1,140.15,1,140.16,1,140.17,1,140.18,1,140.19,1,140.24,1,140.3,4
2020-10-29 09:33:46,140.045,140.01,1,140.01,2,140.08,1,140.08,140.01,140.01,2,140.0,1,139.99,1,139.97,2,139.96,2,139.94,1,139.93,1,139.92,1,139.9,1,139.89,1,140.08,1,140.1,1,140.11,1,140.12,1,140.14,1,140.15,1,140.16,1,140.17,1,140.18,1,140.19,1
2020-10-29 09:33:48,140.075,140.01,1,140.03,1,140.12,1,140.12,140.03,140.03,1,140.01,2,140.0,1,139.99,1,139.97,2,139.96,2,139.94,1,139.93,1,139.92,1,139.9,1,140.12,1,140.14,1,140.15,1,140.16,1,140.17,1,140.18,1,140.19,1,140.24,1,140.3,4,140.33,1
2020-10-29 09:33:48,140.075,140.01,1,140.03,1,140.12,1,140.12,140.03,140.03,1,140.01,2,140.0,1,139.99,1,139.97,2,139.96,2,139.94,1,139.93,1,139.92,1,139.9,1,140.12,1,140.14,1,140.15,1,140.16,1,140.17,1,140.18,1,140.19,1,140.24,1,140.3,4,140.33,1
2020-10-29 09:33:49,140.045,140.04,1,140.02,1,140.07,1,140.07,140.02,140.02,1,140.01,1,140.0,1,139.99,1,139.97,2,139.96,2,139.94,1,139.93,1,139.92,1,139.9,1,140.07,1,140.11,1,140.12,1,140.14,1,140.15,1,140.16,1,140.17,1,140.18,1,140.19,1,140.24,1
2020-10-29 09:33:50,140.07,140.04,1,140.02,2,140.12,1,140.12,140.02,140.02,2,140.01,1,140.0,1,139.99,1,139.97,2,139.96,2,139.94,1,139.93,1,139.92,1,139.9,1,140.12,1,140.14,1,140.15,1,140.16,1,140.17,1,140.18,1,140.19,1,140.24,1,140.3,4,140.33,1
2020-10-29 09:33:51,140.07,140.04,1,140.02,1,140.12,1,140.12,140.02,140.02,1,140.01,1,140.0,1,139.99,1,139.97,2,139.96,2,139.94,1,139.93,1,139.92,1,139.9,1,140.12,1,140.14,1,140.15,1,140.16,1,140.17,1,140.18,1,140.19,1,140.24,1,140.3,4,140.33,1
2020-10-29 09:33:52,140.07,140.04,1,140.02,1,140.12,1,140.12,140.02,140.02,1,140.01,1,140.0,1,139.99,1,139.97,2,139.96,2,139.94,1,139.93,1,139.92,1,139.9,1,140.12,1,140.14,1,140.15,1,140.16,1,140.17,1,140.18,1,140.19,1,140.24,1,140.3,4,140.33,1
2020-10-29 09:33:53,140.07,140.04,1,140.02,1,140.12,1,140.12,140.02,140.02,1,140.01,1,140.0,1,139.99,1,139.97,2,139.96,2,139.94,1,139.93,1,139.92,1,139.9,1,140.12,1,140.14,1,140.15,1,140.16,1,140.17,1,140.18,1,140.19,1,140.24,1,140.3,4,140.33,1
2020-10-29 09:33:54,140.075,140.04,1,140.02,2,140.13,1,140.13,140.02,140.02,2,140.01,1,140.0,1,139.99,1,139.97,2,139.96,2,139.94,1,139.93,1,139.92,1,139.9,1,140.13,1,140.14,1,140.15,1,140.16,1,140.17,1,140.18,1,140.19,1,140.24,1,140.3,4,140.33,1
2020-10-29 09:33:55,140.1,140.04,1,140.03,3,140.17,1,140.17,140.03,140.03,3,140.02,2,140.01,1,140.0,1,139.99,1,139.97,2,139.96,2,139.94,1,139.93,1,139.92,1,140.17,1,140.26,2,140.3,4,140.33,1,140.34,2,140.36,2,140.43,2,,,,,,
2020-10-29 09:33:56,140.11,140.04,1,140.05,2,140.17,1,140.17,140.05,140.05,2,140.04,1,140.03,3,140.02,2,140.01,1,140.0,1,139.99,1,139.97,2,139.96,2,139.94,1,140.17,1,140.26,2,140.3,4,140.33,1,140.34,2,140.36,2,140.43,2,,,,,,
2020-10-29 09:33:57,140.11,140.04,1,140.05,3,140.17,1,140.17,140.05,140.05,3,140.04,1,140.03,3,140.02,2,140.01,1,140.0,1,139.99,1,139.97,2,139.96,2,139.94,1,140.17,1,140.26,2,140.3,4,140.33,1,140.34,2,140.36,2,140.43,2,,,,,,
2020-10-29 09:33:58,140.11,140.04,1,140.05,2,140.17,1,140.17,140.05,140.05,2,140.04,1,140.03,3,140.02,2,140.01,1,140.0,1,139.99,1,139.97,2,139.96,2,139.94,1,140.17,1,140.26,2,140.3,4,140.33,1,140.34,2,140.36,2,140.43,2,,,,,,
2020-10-29 09:33:59,140.11,140.04,1,140.05,2,140.17,2,140.17,140.05,140.05,2,140.04,1,140.03,3,140.02,2,140.01,1,140.0,1,139.99,1,139.97,2,139.96,2,139.94,1,140.17,2,140.18,1,140.19,1,140.26,2,140.3,4,140.33,1,140.34,2,140.36,2,140.43,2,,
2020-10-29 09:34:00,140.12,140.04,1,140.07,1,140.17,1,140.17,140.07,140.07,1,140.05,2,140.04,1,140.03,3,140.02,2,140.01,1,140.0,1,139.99,1,139.97,2,139.96,2,140.17,1,140.18,1,140.19,1,140.26,2,140.3,4,140.33,1,140.34,2,140.36,2,140.43,2,,
2020-10-29 09:34:01,140.075,140.05,1,140.03,3,140.12,1,140.12,140.03,140.03,3,140.02,2,140.01,1,140.0,1,139.99,1,139.97,2,139.96,2,139.94,1,139.93,1,139.92,1,140.12,1,140.15,1,140.16,1,140.18,2,140.2,1,140.26,2,140.3,4,140.33,1,140.34,2,140.36,2
2020-10-29 09:34:02,140.085,140.05,1,140.03,2,140.14,3,140.14,140.03,140.03,2,140.02,2,140.01,1,140.0,1,139.99,1,139.97,2,139.96,2,139.94,1,139.93,1,139.92,1,140.14,3,140.15,1,140.16,1,140.17,4,140.18,5,140.2,1,140.26,2,140.3,4,140.33,1,140.34,2
2020-10-29 09:34:03,140.09,140.05,1,140.03,2,140.15,1,140.15,140.03,140.03,2,140.02,2,140.01,1,140.0,1,139.99,1,139.97,2,139.96,2,139.94,1,139.93,1,139.92,1,140.15,1,140.16,2,140.17,4,140.18,5,140.2,1,140.26,2,140.3,4,140.33,1,140.34,2,140.36,2
2020-10-29 09:34:05,140.1,140.05,1,140.04,2,140.16,1,140.16,140.04,140.04,2,140.03,2,140.02,2,140.01,1,140.0,1,139.99,1,139.97,2,139.96,2,139.94,1,139.93,1,140.16,1,140.17,3,140.18,5,140.2,1,140.26,2,140.3,4,140.33,1,140.34,2,140.36,2,140.43,2
2020-10-29 09:34:05,140.1,140.05,1,140.03,2,140.17,1,140.17,140.03,140.03,2,140.02,2,140.01,1,140.0,1,139.99,1,139.97,2,139.96,2,139.94,1,139.93,1,139.92,1,140.17,1,140.18,5,140.2,1,140.26,2,140.3,4,140.33,1,140.34,2,140.36,2,140.43,2,,
2020-10-29 09:34:06,140.085,140.05,1,140.03,2,140.14,1,140.14,140.03,140.03,2,140.02,2,140.01,1,140.0,1,139.99,1,139.97,2,139.96,2,139.94,1,139.93,1,139.92,1,140.14,1,140.16,2,140.17,1,140.18,5,140.2,1,140.26,2,140.3,4,140.33,1,140.34,2,140.36,2
2020-10-29 09:34:07,140.085,140.05,1,140.03,1,140.14,1,140.14,140.03,140.03,1,140.02,2,140.01,1,140.0,1,139.99,1,139.97,2,139.96,2,139.94,1,139.93,1,139.92,1,140.14,1,140.16,2,140.17,1,140.18,5,140.2,1,140.26,2,140.3,4,140.33,1,140.34,2,140.36,2
2020-10-29 09:34:08,140.08,140.05,1,140.03,1,140.13,1,140.13,140.03,140.03,1,140.02,2,140.01,1,140.0,1,139.99,1,139.97,2,139.96,2,139.94,1,139.93,1,139.92,1,140.13,1,140.14,1,140.16,2,140.17,1,140.18,5,140.2,1,140.26,2,140.3,4,140.33,1,140.34,2
2020-10-29 09:34:09,140.07,140.05,1,140.03,2,140.11,1,140.11,140.03,140.03,2,140.02,2,140.01,1,140.0,1,139.99,1,139.97,2,139.96,2,139.94,1,139.93,1,139.92,1,140.11,1,140.13,1,140.14,1,140.16,2,140.17,1,140.18,5,140.2,1,140.26,2,140.3,4,140.33,1
2020-10-29 09:34:10,140.085,140.05,1,140.03,1,140.14,2,140.14,140.03,140.03,1,140.02,2,140.01,1,140.0,1,139.99,1,139.97,2,139.96,2,139.94,1,139.93,1,139.92,1,140.14,2,140.15,2,140.16,2,140.17,1,140.18,5,140.2,1,140.26,2,140.3,4,140.33,1,140.34,2
2020-10-29 09:34:11,140.1,140.05,1,140.06,2,140.14,2,140.14,140.06,140.06,2,140.03,1,140.02,2,140.01,1,140.0,1,139.99,1,139.97,2,139.96,2,139.94,1,139.93,1,140.14,2,140.15,2,140.16,2,140.17,1,140.18,5,140.2,1,140.26,2,140.3,4,140.33,1,140.34,2
2020-10-29 09:34:12,140.105,140.05,1,140.06,3,140.15,1,140.15,140.06,140.06,3,140.03,1,140.02,2,140.01,1,140.0,1,139.99,1,139.97,2,139.96,2,139.94,1,139.93,1,140.15,1,140.16,2,140.17,1,140.18,5,140.2,1,140.26,2,140.3,4,140.33,1,140.34,2,140.36,2
2020-10-29 09:34:13,140.075,140.04,1,140.01,1,140.14,1,140.14,140.01,140.01,1,140.0,1,139.99,1,139.97,2,139.96,2,139.94,1,139.93,1,139.92,1,139.9,1,139.89,1,140.14,1,140.15,1,140.16,2,140.17,1,140.18,5,140.2,1,140.26,2,140.3,4,140.33,1,140.34,2
2020-10-29 09:34:14,140.05,140.04,1,139.99,1,140.11,1,140.11,139.99,139.99,1,139.97,2,139.96,2,139.94,1,139.93,1,139.92,1,139.9,1,139.89,1,139.88,1,139.87,3,140.11,1,140.12,1,140.13,1,140.14,1,140.15,1,140.16,2,140.17,1,140.18,5,140.2,1,140.26,2
2020-10-29 09:34:15,140.08,140.04,1,140.03,1,140.13,1,140.13,140.03,140.03,1,139.99,1,139.97,2,139.96,2,139.94,1,139.93,1,139.92,1,139.9,1,139.89,1,139.88,1,140.13,1,140.14,1,140.15,1,140.16,2,140.17,1,140.18,5,140.2,1,140.26,2,140.3,4,140.33,1
2020-10-29 09:34:16,140.045,140.03,1,139.98,1,140.11,1,140.11,139.98,139.98,1,139.97,2,139.96,2,139.94,1,139.93,1,139.92,1,139.9,1,139.89,1,139.88,1,139.87,3,140.11,1,140.13,1,140.14,1,140.15,1,140.16,2,140.17,1,140.18,5,140.2,1,140.26,2,140.3,4
2020-10-29 09:34:17,140.045,140.03,1,139.98,1,140.11,1,140.11,139.98,139.98,1,139.97,2,139.96,2,139.94,1,139.93,1,139.92,1,139.9,1,139.89,1,139.88,1,139.87,3,140.11,1,140.13,1,140.14,1,140.15,1,140.16,2,140.17,1,140.18,5,140.2,1,140.26,2,140.3,4
2020-10-29 09:34:18,140.045,140.03,1,139.98,1,140.11,1,140.11,139.98,139.98,1,139.97,2,139.96,2,139.94,1,139.93,1,139.92,1,139.9,1,139.89,1,139.88,1,139.87,3,140.11,1,140.13,1,140.14,1,140.15,1,140.16,2,140.17,1,140.18,5,140.2,1,140.26,2,140.3,4
2020-10-29 09:34:19,140.045,140.03,1,139.98,1,140.11,1,140.11,139.98,139.98,1,139.97,2,139.96,2,139.94,1,139.93,1,139.92,1,139.9,1,139.89,1,139.88,1,139.87,3,140.11,1,140.13,1,140.14,1,140.15,1,140.16,2,140.17,1,140.18,5,140.2,1,140.26,2,140.3,4
2020-10-29 09:34:20,140.06,140.03,1,140.01,1,140.11,1,140.11,140.01,140.01,1,139.97,2,139.96,2,139.94,1,139.93,1,139.92,1,139.9,1,139.89,1,139.88,1,139.87,3,140.11,1,140.13,1,140.14,1,140.15,1,140.16,2,140.17,1,140.18,5,140.2,1,140.26,2,140.3,4
2020-10-29 09:34:21,140.065,140.03,1,140.01,1,140.12,1,140.12,140.01,140.01,1,139.97,2,139.96,2,139.94,1,139.93,1,139.92,1,139.9,1,139.89,1,139.88,1,139.87,3,140.12,1,140.13,1,140.14,1,140.15,1,140.16,2,140.17,1,140.18,5,140.2,1,140.26,2,140.3,4
2020-10-29 09:34:22,140.065,140.03,1,140.01,1,140.12,1,140.12,140.01,140.01,1,139.97,2,139.96,2,139.94,1,139.93,1,139.92,1,139.9,1,139.89,1,139.88,1,139.87,3,140.12,1,140.13,1,140.14,1,140.15,1,140.16,2,140.17,1,140.18,5,140.2,1,140.26,2,140.3,4
2020-10-29 09:34:23,140.07,140.01,1,140.01,1,140.13,1,140.13,140.01,140.01,1,139.97,2,139.96,2,139.94,1,139.93,1,139.92,1,139.9,1,139.89,1,139.88,1,139.87,3,140.13,1,140.14,1,140.15,1,140.16,2,140.17,1,140.18,5,140.2,1,140.26,2,140.3,4,140.33,1
2020-10-29 09:34:24,140.07,140.01,1,140.01,1,140.13,1,140.13,140.01,140.01,1,139.97,2,139.96,2,139.94,1,139.93,1,139.92,1,139.9,1,139.89,1,139.88,1,139.87,3,140.13,1,140.14,1,140.15,1,140.16,2,140.17,1,140.18,5,140.2,1,140.26,2,140.3,4,140.33,1
2020-10-29 09:34:25,140.055,140.02,1,140.01,1,140.1,1,140.1,140.01,140.01,1,139.97,2,139.96,2,139.94,1,139.93,1,139.92,1,139.9,1,139.89,1,139.88,1,139.87,3,140.1,1,140.11,1,140.12,1,140.13,1,140.14,1,140.15,1,140.16,2,140.17,1,140.18,5,140.2,1
2020-10-29 09:34:26,140.055,140.02,1,140.01,1,140.1,1,140.1,140.01,140.01,1,139.97,2,139.96,2,139.94,1,139.93,1,139.92,1,139.9,1,139.89,1,139.88,1,139.87,3,140.1,1,140.13,1,140.14,1,140.15,1,140.16,2,140.17,1,140.18,5,140.2,1,140.26,2,140.3,4
2020-10-29 09:34:27,140.055,140.02,1,140.01,1,140.1,1,140.1,140.01,140.01,1,139.97,2,139.96,2,139.94,1,139.93,1,139.92,1,139.9,1,139.89,1,139.88,1,139.87,3,140.1,1,140.13,1,140.14,1,140.15,1,140.16,2,140.17,1,140.18,5,140.2,1,140.26,2,140.3,4
2020-10-29 09:34:28,140.055,140.02,1,140.01,1,140.1,1,140.1,140.01,140.01,1,139.97,2,139.96,2,139.94,1,139.93,1,139.92,1,139.9,1,139.89,1,139.88,1,139.87,3,140.1,1,140.13,1,140.14,1,140.15,1,140.16,2,140.17,1,140.18,5,140.2,1,140.26,2,140.3,4
2020-10-29 09:34:29,140.07,140.02,1,140.02,2,140.12,1,140.12,140.02,140.02,2,140.01,2,139.97,2,139.96,2,139.94,1,139.93,1,139.92,1,139.9,1,139.89,1,139.88,1,140.12,1,140.13,1,140.14,1,140.15,1,140.16,2,140.17,1,140.18,5,140.2,1,140.26,2,140.3,4
2020-10-29 09:34:30,140.095,140.12,1,140.03,2,140.16,2,140.16,140.03,140.03,2,140.02,2,140.01,2,139.97,2,139.96,2,139.94,1,139.93,1,139.92,1,139.9,1,139.89,1,140.16,2,140.17,2,140.18,5,140.2,1,140.26,2,140.3,4,140.33,1,140.34,2,140.36,2,140.43,2
2020-10-29 09:34:31,140.095,140.12,1,140.05,1,140.14,1,140.14,140.05,140.05,1,140.03,2,140.02,2,140.01,2,139.97,2,139.96,2,139.94,1,139.93,1,139.92,1,139.9,1,140.14,1,140.15,1,140.17,2,140.18,1,140.2,1,140.26,2,140.3,4,140.33,1,140.34,2,140.36,2
2020-10-29 09:34:33,140.125,140.12,1,140.06,1,140.19,1,140.19,140.06,140.06,1,140.05,1,140.03,2,140.02,2,140.01,2,139.97,2,139.96,2,139.94,1,139.93,1,139.92,1,140.19,1,140.2,1,140.26,2,140.3,4,140.33,1,140.34,2,140.36,2,140.43,2,,,,
2020-10-29 09:34:33,140.105,140.12,1,140.04,1,140.17,1,140.17,140.04,140.04,1,140.03,2,140.02,2,140.01,2,139.97,2,139.96,2,139.94,1,139.93,1,139.92,1,139.9,1,140.17,1,140.19,1,140.2,1,140.26,2,140.3,4,140.33,1,140.34,2,140.36,2,140.43,2,,
2020-10-29 09:34:34,140.105,140.12,1,140.05,3,140.16,1,140.16,140.05,140.05,3,140.03,1,140.02,2,140.01,2,139.97,2,139.96,2,139.94,1,139.93,1,139.92,1,139.9,1,140.16,1,140.17,2,140.19,1,140.2,1,140.26,2,140.3,4,140.33,1,140.34,2,140.36,2,140.43,2
2020-10-29 09:34:35,140.105,140.12,1,140.05,1,140.16,2,140.16,140.05,140.05,1,140.03,1,140.02,2,140.01,2,139.97,2,139.96,2,139.94,1,139.93,1,139.92,1,139.9,1,140.16,2,140.18,1,140.19,1,140.2,1,140.26,2,140.3,4,140.33,1,140.34,2,140.36,2,140.43,2
2020-10-29 09:34:37,140.105,140.12,1,140.05,1,140.16,2,140.16,140.05,140.05,1,140.03,1,140.02,2,140.01,2,139.97,2,139.96,2,139.94,1,139.93,1,139.92,1,139.9,1,140.16,2,140.18,1,140.19,1,140.2,1,140.26,2,140.3,4,140.33,1,140.34,2,140.36,2,140.43,2
2020-10-29 09:34:37,140.115,140.12,1,140.05,1,140.18,1,140.18,140.05,140.05,1,140.03,1,140.02,2,140.01,2,139.97,2,139.96,2,139.94,1,139.93,1,139.92,1,139.9,1,140.18,1,140.19,1,140.2,1,140.26,2,140.3,4,140.33,1,140.34,2,140.36,2,140.43,2,,
2020-10-29 09:34:38,140.115,140.12,1,140.05,1,140.18,1,140.18,140.05,140.05,1,140.03,1,140.02,2,140.01,2,139.97,2,139.96,2,139.94,1,139.93,1,139.92,1,139.9,1,140.18,1,140.19,1,140.2,1,140.26,2,140.3,4,140.33,1,140.34,2,140.36,2,140.43,2,,
2020-10-29 09:34:39,140.115,140.12,1,140.05,1,140.18,1,140.18,140.05,140.05,1,140.03,1,140.02,2,140.01,2,139.97,2,139.96,2,139.94,1,139.93,1,139.92,1,139.9,1,140.18,1,140.19,1,140.2,1,140.26,2,140.3,4,140.33,1,140.34,2,140.36,2,140.43,2,,
2020-10-29 09:34:40,140.04,140.12,1,139.99,1,140.09,1,140.09,139.99,139.99,1,139.97,2,139.96,2,139.94,1,139.93,1,139.92,1,139.9,1,139.89,1,139.88,1,139.87,3,140.09,1,140.12,2,140.16,3,140.17,1,140.18,1,140.19,1,140.2,1,140.26,2,140.3,4,140.33,1
2020-10-29 09:34:42,140.055,140.12,1,140.01,2,140.1,1,140.1,140.01,140.01,2,139.98,1,139.97,2,139.96,2,139.94,1,139.93,1,139.92,1,139.9,1,139.89,1,139.88,1,140.1,1,140.13,1,140.16,3,140.17,1,140.18,1,140.19,1,140.2,1,140.26,2,140.3,4,140.33,1
2020-10-29 09:34:42,140.055,140.12,1,140.01,2,140.1,1,140.1,140.01,140.01,2,139.98,1,139.97,2,139.96,2,139.94,1,139.93,1,139.92,1,139.9,1,139.89,1,139.88,1,140.1,1,140.13,1,140.16,3,140.17,1,140.18,1,140.19,1,140.2,1,140.26,2,140.3,4,140.33,1
2020-10-29 09:34:43,140.075,140.12,1,140.04,2,140.11,1,140.11,140.04,140.04,2,140.01,2,139.98,1,139.97,2,139.96,2,139.94,1,139.93,1,139.92,1,139.9,1,139.89,1,140.11,1,140.13,1,140.16,3,140.17,1,140.18,1,140.19,1,140.2,1,140.26,2,140.3,4,140.33,1
2020-10-29 09:34:44,140.09,140.12,1,140.04,1,140.14,1,140.14,140.04,140.04,1,140.01,2,139.98,1,139.97,2,139.96,2,139.94,1,139.93,1,139.92,1,139.9,1,139.89,1,140.14,1,140.16,2,140.17,1,140.18,1,140.19,1,140.2,1,140.26,2,140.3,4,140.33,1,140.34,2
2020-10-29 09:34:45,140.09,140.12,1,140.04,1,140.14,1,140.14,140.04,140.04,1,140.01,2,139.98,1,139.97,2,139.96,2,139.94,1,139.93,1,139.92,1,139.9,1,139.89,1,140.14,1,140.16,2,140.17,1,140.18,1,140.19,1,140.2,1,140.26,2,140.3,4,140.33,1,140.34,2
2020-10-29 09:34:47,140.095,140.12,1,140.04,2,140.15,1,140.15,140.04,140.04,2,140.01,2,139.98,1,139.97,2,139.96,2,139.94,1,139.93,1,139.92,1,139.9,1,139.89,1,140.15,1,140.16,2,140.17,1,140.18,1,140.19,1,140.2,1,140.26,2,140.3,4,140.33,1,140.34,2
2020-10-29 09:34:48,140.105,140.12,1,140.06,1,140.15,1,140.15,140.06,140.06,1,140.04,2,140.01,2,139.98,1,139.97,2,139.96,2,139.94,1,139.93,1,139.92,1,139.9,1,140.15,1,140.16,2,140.17,1,140.18,1,140.19,1,140.2,1,140.26,2,140.3,4,140.33,1,140.34,2
2020-10-29 09:34:49,140.105,140.12,1,140.06,1,140.15,1,140.15,140.06,140.06,1,140.04,2,140.01,2,139.98,1,139.97,2,139.96,2,139.94,1,139.93,1,139.92,1,139.9,1,140.15,1,140.16,2,140.17,1,140.18,1,140.19,1,140.2,1,140.26,2,140.3,4,140.33,1,140.34,2
2020-10-29 09:34:50,140.1,140.12,1,140.06,1,140.14,1,140.14,140.06,140.06,1,140.04,2,140.01,2,139.98,1,139.97,2,139.96,2,139.94,1,139.93,1,139.92,1,139.9,1,140.14,1,140.15,1,140.16,2,140.17,1,140.18,1,140.19,1,140.2,1,140.26,2,140.3,4,140.33,1
2020-10-29 09:34:51,140.105,140.12,1,140.06,1,140.15,1,140.15,140.06,140.06,1,140.04,2,140.01,2,139.98,1,139.97,2,139.96,2,139.94,1,139.93,1,139.92,1,139.9,1,140.15,1,140.16,2,140.17,1,140.18,1,140.19,1,140.2,1,140.26,2,140.3,4,140.33,1,140.34,2
2020-10-29 09:34:52,140.11,140.12,1,140.06,2,140.16,6,140.16,140.06,140.06,2,140.04,2,140.01,2,139.98,1,139.97,2,139.96,2,139.94,1,139.93,1,139.92,1,139.9,1,140.16,6,140.17,1,140.18,1,140.19,1,140.2,1,140.26,2,140.3,4,140.33,1,140.34,2,140.36,2
2020-10-29 09:34:53,140.145,140.12,1,140.1,1,140.19,1,140.19,140.1,140.1,1,140.06,2,140.04,2,140.01,2,139.98,1,139.97,2,139.96,2,139.94,1,139.93,1,139.92,1,140.19,1,140.2,1,140.26,2,140.3,4,140.33,1,140.34,2,140.36,2,140.43,2,,,,
2020-10-29 09:34:54,140.145,140.12,1,140.1,2,140.19,1,140.19,140.1,140.1,2,140.06,2,140.04,2,140.01,2,139.98,1,139.97,2,139.96,2,139.94,1,139.93,1,139.92,1,140.19,1,140.2,1,140.26,2,140.3,4,140.33,1,140.34,2,140.36,2,140.43,2,,,,
2020-10-29 09:34:55,140.145,140.12,1,140.1,2,140.19,1,140.19,140.1,140.1,2,140.06,2,140.04,2,140.01,2,139.98,1,139.97,2,139.96,2,139.94,1,139.93,1,139.92,1,140.19,1,140.2,1,140.26,2,140.3,4,140.33,1,140.34,2,140.36,2,140.43,2,,,,
2020-10-29 09:34:55,140.145,140.12,1,140.1,2,140.19,1,140.19,140.1,140.1,2,140.06,2,140.04,2,140.01,2,139.98,1,139.97,2,139.96,2,139.94,1,139.93,1,139.92,1,140.19,1,140.2,1,140.26,2,140.3,4,140.33,1,140.34,2,140.36,2,140.43,2,,,,
2020-10-29 09:34:57,140.145,140.12,1,140.1,2,140.19,1,140.19,140.1,140.1,2,140.06,2,140.04,2,140.01,2,139.98,1,139.97,2,139.96,2,139.94,1,139.93,1,139.92,1,140.19,1,140.2,1,140.26,2,140.3,4,140.33,1,140.34,2,140.36,2,140.43,2,,,,
2020-10-29 09:34:58,140.14,140.12,1,140.1,3,140.18,1,140.18,140.1,140.1,3,140.06,2,140.04,2,140.01,2,139.98,1,139.97,2,139.96,2,139.94,1,139.93,1,139.92,1,140.18,1,140.19,1,140.2,1,140.26,2,140.3,4,140.33,1,140.34,2,140.36,2,140.43,2,,
2020-10-29 09:34:59,140.045,140.06,1,139.99,1,140.1,2,140.1,139.99,139.99,1,139.98,1,139.97,2,139.96,2,139.94,1,139.93,1,139.92,1,139.9,1,139.89,1,139.88,1,140.1,2,140.12,1,140.16,2,140.18,1,140.19,1,140.2,1,140.26,2,140.3,4,140.33,1,140.34,2
2020-10-29 09:35:00,140.035,140.06,1,139.98,1,140.09,1,140.09,139.98,139.98,1,139.97,2,139.96,2,139.94,1,139.93,1,139.92,1,139.9,1,139.89,1,139.88,1,139.87,3,140.09,1,140.1,1,140.12,1,140.16,2,140.18,1,140.19,1,140.2,1,140.26,2,140.3,4,140.33,1
2020-10-29 09:35:01,140.05,140.09,1,140.01,1,140.09,1,140.09,140.01,140.01,1,139.99,1,139.98,1,139.97,2,139.96,2,139.94,1,139.93,1,139.92,1,139.9,1,139.89,1,140.09,1,140.1,2,140.11,7,140.12,1,140.16,2,140.18,1,140.19,1,140.2,1,140.26,2,140.3,4
2020-10-29 09:35:02,140.065,140.09,1,140.03,1,140.1,2,140.1,140.03,140.03,1,140.02,1,140.01,1,139.99,1,139.98,1,139.97,2,139.96,2,139.94,1,139.93,1,139.92,1,140.1,2,140.11,7,140.12,1,140.16,2,140.18,1,140.19,1,140.2,1,140.26,2,140.3,4,140.33,1
2020-10-29 09:35:03,140.05,140.04,1,140.01,1,140.09,1,140.09,140.01,140.01,1,139.99,1,139.98,1,139.97,2,139.96,2,139.94,1,139.93,1,139.92,1,139.9,1,139.89,1,140.09,1,140.1,3,140.11,7,140.12,1,140.16,2,140.18,1,140.19,1,140.2,1,140.26,2,140.3,4
2020-10-29 09:35:04,140.05,140.04,1,140.01,1,140.09,1,140.09,140.01,140.01,1,139.99,1,139.98,1,139.97,2,139.96,2,139.94,1,139.93,1,139.92,1,139.9,1,139.89,1,140.09,1,140.1,3,140.11,7,140.12,1,140.16,2,140.18,1,140.19,1,140.2,1,140.26,2,140.3,4
2020-10-29 09:35:05,140.05,140.04,1,140.01,1,140.09,1,140.09,140.01,140.01,1,139.99,1,139.98,1,139.97,2,139.96,2,139.94,1,139.93,1,139.92,1,139.9,1,139.89,1,140.09,1,140.1,3,140.11,7,140.12,1,140.16,2,140.18,1,140.19,1,140.2,1,140.26,2,140.3,4
2020-10-29 09:35:06,140.065,140.04,1,140.03,1,140.1,2,140.1,140.03,140.03,1,140.01,1,139.99,1,139.98,1,139.97,2,139.96,2,139.94,1,139.93,1,139.92,1,139.9,1,140.1,2,140.11,7,140.12,1,140.16,2,140.18,1,140.19,1,140.2,1,140.26,2,140.3,4,140.33,1
2020-10-29 09:35:07,140.08,140.04,1,140.03,3,140.13,1,140.13,140.03,140.03,3,140.01,1,139.99,1,139.98,1,139.97,2,139.96,2,139.94,1,139.93,1,139.92,1,139.9,1,140.13,1,140.14,2,140.15,2,140.16,3,140.18,1,140.19,1,140.2,1,140.26,2,140.3,4,140.33,1
2020-10-29 09:35:08,140.085,140.12,1,140.03,2,140.14,1,140.14,140.03,140.03,2,140.01,1,139.99,1,139.98,1,139.97,2,139.96,2,139.94,1,139.93,1,139.92,1,139.9,1,140.14,1,140.15,2,140.16,3,140.18,1,140.19,1,140.2,1,140.26,2,140.3,4,140.33,1,140.34,2
2020-10-29 09:35:09,140.095,140.12,1,140.05,2,140.14,1,140.14,140.05,140.05,2,140.04,2,140.03,2,140.01,1,139.99,1,139.98,1,139.97,2,139.96,2,139.94,1,139.93,1,140.14,1,140.15,2,140.16,3,140.18,1,140.19,1,140.2,1,140.26,2,140.3,4,140.33,1,140.34,2
2020-10-29 09:35:10,140.12,140.12,1,140.06,1,140.18,1,140.18,140.06,140.06,1,140.05,3,140.04,2,140.03,2,140.01,1,139.99,1,139.98,1,139.97,2,139.96,2,139.94,1,140.18,1,140.19,1,140.2,1,140.26,2,140.3,4,140.33,1,140.34,2,140.36,2,140.43,2,,
2020-10-29 09:35:11,140.115,140.12,1,140.06,1,140.17,2,140.17,140.06,140.06,1,140.05,3,140.04,2,140.03,2,140.01,1,139.99,1,139.98,1,139.97,2,139.96,2,139.94,1,140.17,2,140.18,1,140.19,1,140.2,1,140.26,2,140.3,4,140.33,1,140.34,2,140.36,2,140.43,2
2020-10-29 09:35:12,140.14,140.12,1,140.1,1,140.18,1,140.18,140.1,140.1,1,140.06,1,140.05,3,140.04,2,140.03,2,140.01,1,139.99,1,139.98,1,139.97,2,139.96,2,140.18,1,140.19,1,140.2,1,140.26,2,140.3,4,140.33,1,140.34,2,140.36,2,140.43,2,,
2020-10-29 09:35:13,140.14,140.12,1,140.1,1,140.18,1,140.18,140.1,140.1,1,140.06,1,140.05,3,140.04,2,140.03,2,140.01,1,139.99,1,139.98,1,139.97,2,139.96,2,140.18,1,140.19,1,140.2,1,140.26,2,140.3,4,140.33,1,140.34,2,140.36,2,140.43,2,,
2020-10-29 09:35:14,140.14,140.12,1,140.1,1,140.18,1,140.18,140.1,140.1,1,140.06,1,140.05,3,140.04,2,140.03,2,140.01,1,139.99,1,139.98,1,139.97,2,139.96,2,140.18,1,140.19,1,140.2,1,140.26,2,140.3,4,140.33,1,140.34,2,140.36,2,140.43,2,,
2020-10-29 09:35:15,140.14,140.12,1,140.1,4,140.18,1,140.18,140.1,140.1,4,140.06,1,140.05,3,140.04,2,140.03,2,140.01,1,139.99,1,139.98,1,139.97,2,139.96,2,140.18,1,140.19,1,140.2,1,140.26,2,140.3,4,140.33,1,140.34,2,140.36,2,140.43,2,,
2020-10-29 09:35:16,140.145,140.12,1,140.1,3,140.19,1,140.19,140.1,140.1,3,140.06,1,140.05,3,140.04,2,140.03,2,140.01,1,139.99,1,139.98,1,139.97,2,139.96,2,140.19,1,140.2,1,140.26,2,140.3,4,140.33,1,140.34,2,140.36,2,140.43,2,,,,
2020-10-29 09:35:17,140.145,140.16,1,140.11,1,140.18,5,140.18,140.11,140.11,1,140.1,1,140.06,1,140.05,3,140.04,2,140.03,2,140.01,1,139.99,1,139.98,1,139.97,2,140.18,5,140.19,1,140.2,1,140.26,2,140.3,4,140.33,1,140.34,2,140.36,2,140.43,2,,
2020-10-29 09:35:18,140.15,140.16,1,140.11,4,140.19,1,140.19,140.11,140.11,4,140.1,1,140.06,1,140.05,3,140.04,2,140.03,2,140.01,1,139.99,1,139.98,1,139.97,2,140.19,1,140.2,1,140.26,2,140.3,4,140.33,1,140.34,2,140.36,2,140.43,2,,,,
2020-10-29 09:35:19,140.215,140.2,1,140.14,1,140.29,1,140.29,140.14,140.14,1,140.11,4,140.1,1,140.06,1,140.05,3,140.04,2,140.03,2,140.01,1,139.99,1,139.98,1,140.29,1,140.3,2,140.33,1,140.34,2,140.36,2,140.43,2,,,,,,,,
2020-10-29 09:35:20,140.205,140.2,1,140.14,1,140.27,1,140.27,140.14,140.14,1,140.11,4,140.1,1,140.06,1,140.05,3,140.04,2,140.03,2,140.01,1,139.99,1,139.98,1,140.27,1,140.29,1,140.3,2,140.33,1,140.34,2,140.36,2,140.43,2,,,,,,
2020-10-29 09:35:21,140.205,140.2,1,140.14,1,140.27,1,140.27,140.14,140.14,1,140.11,4,140.1,1,140.06,1,140.05,3,140.04,2,140.03,2,140.01,1,139.99,1,139.98,1,140.27,1,140.29,1,140.3,2,140.33,1,140.34,2,140.36,2,140.43,2,,,,,,
2020-10-29 09:35:22,140.225,140.2,1,140.17,1,140.28,1,140.28,140.17,140.17,1,140.14,1,140.11,4,140.1,1,140.06,1,140.05,3,140.04,2,140.03,2,140.01,1,139.99,1,140.28,1,140.29,1,140.3,2,140.33,1,140.34,2,140.36,2,140.43,2,,,,,,
2020-10-29 09:35:23,140.225,140.2,1,140.17,3,140.28,1,140.28,140.17,140.17,3,140.14,1,140.11,4,140.1,1,140.06,1,140.05,3,140.04,2,140.03,2,140.01,1,139.99,1,140.28,1,140.29,1,140.3,2,140.33,1,140.34,2,140.36,2,140.43,2,,,,,,
2020-10-29 09:35:24,140.15,140.17,3,140.1,2,140.2,1,140.2,140.1,140.1,2,140.09,1,140.06,1,140.05,3,140.04,2,140.03,2,140.01,1,139.99,1,139.98,1,139.97,2,140.2,1,140.21,2,140.22,1,140.25,3,140.27,1,140.28,1,140.29,1,140.3,2,140.33,1,140.34,2
2020-10-29 09:35:25,140.155,140.17,3,140.1,1,140.21,2,140.21,140.1,140.1,1,140.09,1,140.06,1,140.05,3,140.04,2,140.03,2,140.01,1,139.99,1,139.98,1,139.97,2,140.21,2,140.22,1,140.25,3,140.27,1,140.28,1,140.29,1,140.3,2,140.33,1,140.34,2,140.36,2
2020-10-29 09:35:26,140.15,140.17,3,140.1,1,140.2,2,140.2,140.1,140.1,1,140.09,1,140.06,1,140.05,3,140.04,2,140.03,2,140.01,1,139.99,1,139.98,1,139.97,2,140.2,2,140.21,2,140.22,1,140.25,3,140.27,1,140.28,1,140.29,1,140.3,2,140.33,1,140.34,2
2020-10-29 09:35:27,140.155,140.17,3,140.1,1,140.21,1,140.21,140.1,140.1,1,140.09,1,140.06,1,140.05,3,140.04,2,140.03,2,140.01,1,139.99,1,139.98,1,139.97,2,140.21,1,140.22,1,140.25,3,140.27,1,140.28,1,140.29,1,140.3,2,140.33,1,140.34,2,140.36,2
2020-10-29 09:35:28,140.165,140.17,3,140.1,1,140.23,1,140.23,140.1,140.1,1,140.09,1,140.06,1,140.05,3,140.04,2,140.03,2,140.01,1,139.99,1,139.98,1,139.97,2,140.23,1,140.25,3,140.27,1,140.28,1,140.29,1,140.3,2,140.33,1,140.34,2,140.36,2,140.43,2
2020-10-29 09:35:29,140.1,140.1,1,140.08,1,140.12,1,140.12,140.08,140.08,1,140.07,2,140.06,1,140.05,3,140.04,2,140.03,2,140.01,1,139.99,1,139.98,1,139.97,2,140.12,1,140.2,1,140.22,1,140.23,1,140.25,3,140.27,1,140.28,1,140.29,1,140.3,2,140.33,1
2020-10-29 09:35:30,140.045,140.07,2,139.98,1,140.11,1,140.11,139.98,139.98,1,139.97,2,139.96,2,139.94,1,139.93,1,139.92,1,139.9,1,139.89,1,139.88,1,139.87,3,140.11,1,140.13,1,140.17,2,140.2,3,140.22,1,140.23,1,140.25,3,140.27,1,140.28,1,140.29,1
2020-10-29 09:35:31,140.055,140.07,2,139.98,1,140.13,2,140.13,139.98,139.98,1,139.97,2,139.96,2,139.94,1,139.93,1,139.92,1,139.9,1,139.89,1,139.88,1,139.87,3,140.13,2,140.17,2,140.2,3,140.22,1,140.23,1,140.25,3,140.27,1,140.28,1,140.29,1,140.3,2
2020-10-29 09:35:32,140.045,140.07,2,139.99,1,140.1,1,140.1,139.99,139.99,1,139.98,1,139.97,2,139.96,2,139.94,1,139.93,1,139.92,1,139.9,1,139.89,1,139.88,1,140.1,1,140.11,1,140.13,2,140.17,2,140.2,3,140.22,1,140.23,1,140.25,3,140.27,1,140.28,1
2020-10-29 09:35:33,140.035,140.07,2,139.98,1,140.09,1,140.09,139.98,139.98,1,139.97,2,139.96,2,139.94,1,139.93,1,139.92,1,139.9,1,139.89,1,139.88,1,139.87,3,140.09,1,140.1,6,140.11,1,140.13,2,140.17,2,140.2,3,140.22,1,140.23,1,140.25,3,140.27,1
2020-10-29 09:35:34,140.035,140.07,2,139.98,1,140.09,1,140.09,139.98,139.98,1,139.97,2,139.96,2,139.94,1,139.93,1,139.92,1,139.9,1,139.89,1,139.88,1,139.87,3,140.09,1,140.1,6,140.11,1,140.13,2,140.17,2,140.2,3,140.22,1,140.23,1,140.25,3,140.27,1
2020-10-29 09:35:35,140.07,140.07,2,140.01,1,140.13,2,140.13,140.01,140.01,1,139.98,2,139.97,2,139.96,2,139.94,1,139.93,1,139.92,1,139.9,1,139.89,1,139.88,1,140.13,2,140.17,2,140.2,3,140.22,1,140.23,1,140.25,3,140.27,1,140.28,1,140.29,1,140.3,2
2020-10-29 09:35:36,140.06,140.07,2,140.0,1,140.12,2,140.12,140.0,140.0,1,139.98,2,139.97,2,139.96,2,139.94,1,139.93,1,139.92,1,139.9,1,139.89,1,139.88,1,140.12,2,140.13,4,140.17,2,140.2,3,140.22,1,140.23,1,140.25,3,140.27,1,140.28,1,140.29,1
2020-10-29 09:35:37,140.05,140.07,2,140.0,1,140.1,2,140.1,140.0,140.0,1,139.98,2,139.97,2,139.96,2,139.94,1,139.93,1,139.92,1,139.9,1,139.89,1,139.88,1,140.1,2,140.11,2,140.12,1,140.13,4,140.17,2,140.2,3,140.22,1,140.23,1,140.25,3,140.27,1
2020-10-29 09:35:38,140.045,140.07,2,139.99,1,140.1,2,140.1,139.99,139.99,1,139.98,2,139.97,2,139.96,2,139.94,1,139.93,1,139.92,1,139.9,1,139.89,1,139.88,1,140.1,2,140.11,2,140.12,1,140.13,4,140.17,2,140.2,3,140.22,1,140.23,1,140.25,3,140.27,1
2020-10-29 09:35:39,140.055,140.07,2,140.0,1,140.11,2,140.11,140.0,140.0,1,139.99,1,139.98,2,139.97,2,139.96,2,139.94,1,139.93,1,139.92,1,139.9,1,139.89,1,140.11,2,140.12,1,140.13,4,140.17,2,140.2,3,140.22,1,140.23,1,140.25,3,140.27,1,140.28,1
2020-10-29 09:35:40,140.025,140.07,2,139.98,2,140.07,1,140.07,139.98,139.98,2,139.97,2,139.96,2,139.94,1,139.93,1,139.92,1,139.9,1,139.89,1,139.88,1,139.87,3,140.07,1,140.08,3,140.1,2,140.11,2,140.12,1,140.13,4,140.17,2,140.2,3,140.22,1,140.23,1
2020-10-29 09:35:41,140.035,140.07,2,140.0,1,140.07,1,140.07,140.0,140.0,1,139.97,2,139.96,2,139.94,1,139.93,1,139.92,1,139.9,1,139.89,1,139.88,1,139.87,3,140.07,1,140.08,3,140.1,2,140.11,2,140.12,1,140.13,4,140.17,2,140.2,3,140.22,1,140.23,1
2020-10-29 09:35:42,140.02,140.07,2,139.97,1,140.07,1,140.07,139.97,139.97,1,139.96,2,139.94,1,139.93,1,139.92,1,139.9,1,139.89,1,139.88,1,139.87,3,139.86,1,140.07,1,140.08,2,140.1,2,140.11,2,140.12,1,140.13,4,140.17,2,140.2,3,140.22,1,140.23,1
2020-10-29 09:35:43,140.02,140.07,2,139.97,1,140.07,1,140.07,139.97,139.97,1,139.96,2,139.94,1,139.93,1,139.92,1,139.9,1,139.89,1,139.88,1,139.87,3,139.86,1,140.07,1,140.08,2,140.1,2,140.11,2,140.12,1,140.13,4,140.17,2,140.2,3,140.22,1,140.23,1
2020-10-29 09:35:44,139.955,139.97,1,139.9,3,140.01,2,140.01,139.9,139.9,3,139.89,1,139.88,1,139.87,3,139.86,1,139.85,1,139.83,1,139.81,1,139.8,3,,,140.01,2,140.02,2,140.03,2,140.04,2,140.06,2,140.07,2,140.08,2,140.1,2,140.11,2,140.12,1
2020-10-29 09:35:45,139.965,139.97,1,139.91,1,140.02,3,140.02,139.91,139.91,1,139.9,2,139.89,1,139.88,1,139.87,3,139.86,1,139.85,1,139.83,1,139.81,1,139.8,3,140.02,3,140.03,2,140.04,2,140.06,2,140.07,2,140.08,2,140.1,2,140.11,2,140.12,1,140.13,4
2020-10-29 09:35:46,139.96,139.97,1,139.9,2,140.02,2,140.02,139.9,139.9,2,139.89,1,139.88,1,139.87,3,139.86,1,139.85,1,139.83,1,139.81,1,139.8,3,,,140.02,2,140.03,2,140.04,2,140.06,2,140.07,2,140.08,2,140.1,2,140.11,2,140.12,1,140.13,4
2020-10-29 09:35:47,139.96,139.97,1,139.9,2,140.02,2,140.02,139.9,139.9,2,139.89,1,139.88,1,139.87,3,139.86,1,139.85,1,139.83,1,139.81,1,139.8,3,,,140.02,2,140.03,2,140.04,2,140.06,2,140.07,2,140.08,2,140.1,2,140.11,2,140.12,1,140.13,4
2020-10-29 09:35:48,139.96,139.97,1,139.9,2,140.02,2,140.02,139.9,139.9,2,139.89,1,139.88,1,139.87,3,139.86,1,139.85,1,139.83,1,139.81,1,139.8,3,,,140.02,2,140.03,2,140.04,2,140.06,2,140.07,2,140.08,2,140.1,2,140.11,2,140.12,1,140.13,4
2020-10-29 09:35:49,139.96,139.92,1,139.92,1,140.0,2,140.0,139.92,139.92,1,139.89,1,139.88,1,139.87,3,139.86,1,139.85,1,139.83,1,139.81,1,139.8,3,,,140.0,2,140.01,2,140.02,3,140.03,2,140.04,2,140.06,2,140.07,2,140.08,2,140.1,2,140.11,2
2020-10-29 09:35:50,139.95,139.92,1,139.9,1,140.0,2,140.0,139.9,139.9,1,139.89,2,139.88,1,139.87,3,139.86,1,139.85,1,139.83,1,139.81,1,139.8,3,,,140.0,2,140.01,2,140.02,3,140.03,2,140.04,2,140.06,2,140.07,2,140.08,2,140.1,2,140.11,2
2020-10-29 09:35:51,139.94,139.92,1,139.89,2,139.99,2,139.99,139.89,139.89,2,139.88,1,139.87,3,139.86,1,139.85,1,139.83,1,139.81,1,139.8,3,,,,,139.99,2,140.0,3,140.01,2,140.02,3,140.03,2,140.04,2,140.06,2,140.07,2,140.08,2,140.1,2
2020-10-29 09:35:52,139.945,139.92,1,139.9,1,139.99,1,139.99,139.9,139.9,1,139.89,1,139.88,1,139.87,3,139.86,1,139.85,1,139.83,1,139.81,1,139.8,3,,,139.99,1,140.0,3,140.01,2,140.02,3,140.03,2,140.04,2,140.06,2,140.07,2,140.08,2,140.1,2
2020-10-29 09:35:53,139.945,139.92,1,139.9,1,139.99,1,139.99,139.9,139.9,1,139.89,1,139.88,1,139.87,3,139.86,1,139.85,1,139.83,1,139.81,1,139.8,3,,,139.99,1,140.0,3,140.01,2,140.02,3,140.03,2,140.04,2,140.06,2,140.07,2,140.08,2,140.1,2
2020-10-29 09:35:54,139.945,139.91,1,139.9,1,139.99,2,139.99,139.9,139.9,1,139.89,1,139.88,1,139.87,3,139.86,1,139.85,1,139.83,1,139.81,1,139.8,3,,,139.99,2,140.0,3,140.01,2,140.02,3,140.03,2,140.04,2,140.06,2,140.07,2,140.08,2,140.1,2
2020-10-29 09:35:55,139.895,139.89,1,139.85,1,139.94,1,139.94,139.85,139.85,1,139.82,1,139.8,2,,,,,,,,,,,,,,,139.94,1,139.97,2,139.99,2,140.0,3,140.01,2,140.02,3,140.03,2,140.04,2,140.06,2,140.07,2
2020-10-29 09:35:56,139.88,139.89,1,139.82,1,139.94,2,139.94,139.82,139.82,1,139.8,2,,,,,,,,,,,,,,,,,139.94,2,139.97,2,139.99,2,140.0,3,140.01,2,140.02,3,140.03,2,140.04,2,140.06,2,140.07,2
2020-10-29 09:35:57,139.87,139.89,1,139.81,1,139.93,2,139.93,139.81,139.81,1,139.8,2,,,,,,,,,,,,,,,,,139.93,2,139.94,3,139.97,2,139.99,2,140.0,3,140.01,2,140.02,3,140.03,2,140.04,2,140.06,2
2020-10-29 09:35:58,139.85,139.89,1,139.8,3,139.9,2,139.9,139.8,139.8,3,,,,,,,,,,,,,,,,,,,139.9,2,139.91,1,139.92,3,139.93,2,139.94,3,139.97,2,139.99,2,140.0,3,140.01,2,140.02,3
2020-10-29 09:35:59,139.85,139.89,1,139.8,3,139.9,2,139.9,139.8,139.8,3,,,,,,,,,,,,,,,,,,,139.9,2,139.91,1,139.92,3,139.93,2,139.94,3,139.97,2,139.99,2,140.0,3,140.01,2,140.02,3
2020-10-29 09:36:00,139.855,139.89,1,139.81,1,139.9,1,139.9,139.81,139.81,1,139.8,3,,,,,,,,,,,,,,,,,139.9,1,139.91,1,139.92,3,139.93,2,139.94,3,139.97,2,139.99,2,140.0,3,140.01,2,140.02,3
2020-10-29 09:36:01,139.88,139.89,1,139.83,1,139.93,2,139.93,139.83,139.83,1,139.81,1,139.8,3,,,,,,,,,,,,,,,139.93,2,139.94,3,139.97,2,139.99,2,140.0,3,140.01,2,140.02,3,140.03,2,140.04,2,140.06,2
2020-10-29 09:36:02,139.88,139.89,1,139.83,1,139.93,1,139.93,139.83,139.83,1,139.81,1,139.8,3,,,,,,,,,,,,,,,139.93,1,139.94,3,139.97,2,139.99,2,140.0,3,140.01,2,140.02,3,140.03,2,140.04,2,140.06,2
2020-10-29 09:36:03,139.895,139.89,1,139.85,2,139.94,1,139.94,139.85,139.85,2,139.84,2,139.83,1,139.81,1,139.8,3,,,,,,,,,,,139.94,1,139.95,3,139.96,2,139.97,2,139.99,2,140.0,3,140.01,2,140.02,3,140.03,2,140.04,2
2020-10-29 09:36:04,139.9,139.89,1,139.85,2,139.95,1,139.95,139.85,139.85,2,139.84,2,139.83,1,139.81,1,139.8,3,,,,,,,,,,,139.95,1,139.96,2,139.97,2,139.99,2,140.0,3,140.01,2,140.02,3,140.03,2,140.04,2,140.06,2
2020-10-29 09:36:05,139.89,139.89,1,139.85,2,139.93,2,139.93,139.85,139.85,2,139.84,2,139.83,1,139.81,1,139.8,3,,,,,,,,,,,139.93,2,139.95,2,139.96,2,139.97,2,139.99,2,140.0,3,140.01,2,140.02,3,140.03,2,140.04,2
2020-10-29 09:36:06,139.89,139.89,1,139.85,1,139.93,2,139.93,139.85,139.85,1,139.84,2,139.83,1,139.81,1,139.8,3,,,,,,,,,,,139.93,2,139.95,2,139.96,2,139.97,2,139.99,2,140.0,3,140.01,2,140.02,3,140.03,2,140.04,2
2020-10-29 09:36:07,139.88,139.85,1,139.83,1,139.93,3,139.93,139.83,139.83,1,139.81,1,139.8,3,,,,,,,,,,,,,,,139.93,3,139.95,2,139.96,2,139.97,2,139.99,2,140.0,3,140.01,2,140.02,3,140.03,2,140.04,2
2020-10-29 09:36:08,139.9,139.85,1,139.85,1,139.95,2,139.95,139.85,139.85,1,139.84,2,139.83,1,139.81,1,139.8,3,,,,,,,,,,,139.95,2,139.96,2,139.97,2,139.99,2,140.0,3,140.01,2,140.02,3,140.03,2,140.04,2,140.06,2
2020-10-29 09:36:09,139.945,139.85,1,139.91,1,139.98,3,139.98,139.91,139.91,1,139.87,1,139.86,3,139.85,1,139.84,2,139.83,1,139.81,1,139.8,3,,,,,139.98,3,140.01,2,140.02,4,140.03,2,140.04,2,140.06,2,140.07,2,140.08,2,140.1,2,140.11,2
2020-10-29 09:36:10,139.96,139.85,1,139.91,2,140.01,2,140.01,139.91,139.91,2,139.87,1,139.86,3,139.85,1,139.84,2,139.83,1,139.81,1,139.8,3,,,,,140.01,2,140.02,4,140.03,2,140.04,2,140.06,2,140.07,2,140.08,2,140.1,2,140.11,2,140.12,1
2020-10-29 09:36:11,139.915,139.91,1,139.88,1,139.95,2,139.95,139.87,139.88,1,139.87,1,139.86,3,139.85,1,139.84,2,139.83,1,139.81,1,139.8,3,,,,,139.95,1,139.98,2,140.0,2,140.01,2,140.02,4,140.03,2,140.04,2,140.06,2,140.07,2,140.08,2
2020-10-29 09:36:12,139.925,139.91,1,139.89,1,139.96,2,139.96,139.89,139.89,1,139.88,1,139.87,1,139.86,3,139.85,1,139.84,2,139.83,1,139.81,1,139.8,3,,,139.96,2,139.97,2,139.98,2,140.0,2,140.01,2,140.02,4,140.03,2,140.04,2,140.06,2,140.07,2
2020-10-29 09:36:13,139.925,139.91,1,139.89,1,139.96,2,139.96,139.89,139.89,1,139.88,1,139.87,1,139.86,3,139.85,1,139.84,2,139.83,1,139.81,1,139.8,3,,,139.96,2,139.97,2,139.98,2,140.0,2,140.01,2,140.02,4,140.03,2,140.04,2,140.06,2,140.07,2
2020-10-29 09:36:14,139.935,139.91,1,139.89,1,139.98,2,139.98,139.89,139.89,1,139.88,1,139.87,1,139.86,3,139.85,1,139.84,2,139.83,1,139.81,1,139.8,3,,,139.98,2,139.99,3,140.0,1,140.01,2,140.02,4,140.03,2,140.04,2,140.06,2,140.07,2,140.08,2
2020-10-29 09:36:15,139.93,139.91,1,139.88,1,139.98,2,139.98,139.88,139.88,1,139.87,1,139.86,3,139.85,1,139.84,2,139.83,1,139.81,1,139.8,3,,,,,139.98,2,139.99,3,140.0,1,140.01,2,140.02,4,140.03,2,140.04,2,140.06,2,140.07,2,140.08,2
2020-10-29 09:36:16,139.925,139.91,1,139.87,1,139.98,3,139.98,139.87,139.87,1,139.86,3,139.85,1,139.84,2,139.83,1,139.81,1,139.8,3,,,,,,,139.98,3,139.99,3,140.0,1,140.01,2,140.02,4,140.03,2,140.04,2,140.06,2,140.07,2,140.08,2
2020-10-29 09:36:17,139.9,139.91,1,139.86,1,139.94,3,139.94,139.86,139.86,1,139.85,1,139.84,2,139.83,1,139.81,1,139.8,3,,,,,,,,,139.94,3,139.98,5,139.99,3,140.0,1,140.01,2,140.02,4,140.03,2,140.04,2,140.06,2,140.07,2
2020-10-29 09:36:18,139.9,139.91,1,139.86,1,139.94,2,139.94,139.86,139.86,1,139.85,1,139.84,2,139.83,1,139.81,1,139.8,3,,,,,,,,,139.94,2,139.98,5,139.99,3,140.0,1,140.01,2,140.02,4,140.03,2,140.04,2,140.06,2,140.07,2
2020-10-29 09:36:19,139.895,139.91,1,139.85,1,139.94,3,139.94,139.85,139.85,1,139.84,2,139.83,1,139.81,1,139.8,3,,,,,,,,,,,139.94,3,139.98,5,139.99,3,140.0,1,140.01,2,140.02,4,140.03,2,140.04,2,140.06,2,140.07,2
2020-10-29 09:36:20,139.89,139.91,1,139.84,1,139.94,3,139.94,139.84,139.84,1,139.83,1,139.81,1,139.8,3,,,,,,,,,,,,,139.94,3,139.98,5,139.99,3,140.0,1,140.01,2,140.02,4,140.03,2,140.04,2,140.06,2,140.07,2
2020-10-29 09:36:21,139.88,139.91,1,139.83,1,139.93,2,139.93,139.83,139.83,1,139.82,1,139.8,2,,,,,,,,,,,,,,,139.93,2,139.94,2,139.98,5,139.99,3,140.0,1,140.01,2,140.02,4,140.03,2,140.04,2,140.06,2
2020-10-29 09:36:22,139.88,139.91,1,139.83,1,139.93,2,139.93,139.83,139.83,1,139.82,1,139.8,2,,,,,,,,,,,,,,,139.93,2,139.94,2,139.98,5,139.99,3,140.0,1,140.01,2,140.02,4,140.03,2,140.04,2,140.06,2
2020-10-29 09:36:23,139.835,139.8,1,139.78,1,139.89,1,139.89,139.78,139.78,1,139.75,4,,,,,,,,,,,,,,,,,139.89,1,139.9,2,139.92,1,139.93,2,139.94,2,139.98,5,139.99,3,140.0,1,140.01,2,140.02,4
2020-10-29 09:36:24,139.825,139.8,1,139.78,2,139.87,1,139.87,139.78,139.78,2,139.75,4,,,,,,,,,,,,,,,,,139.87,1,139.88,3,139.9,2,139.92,1,139.93,2,139.94,2,139.98,5,139.99,3,140.0,1,140.01,2
2020-10-29 09:36:25,139.815,139.8,1,139.78,1,139.85,1,139.85,139.78,139.78,1,139.75,4,,,,,,,,,,,,,,,,,139.85,1,139.86,3,139.87,1,139.88,3,139.9,2,139.92,1,139.93,2,139.94,2,139.98,5,139.99,3
2020-10-29 09:36:26,139.835,139.8,1,139.79,1,139.88,2,139.88,139.79,139.79,1,139.77,1,139.76,2,139.75,6,,,,,,,,,,,,,139.88,2,139.9,2,139.92,1,139.93,2,139.94,2,139.98,5,139.99,3,140.0,1,140.01,2,140.02,4
2020-10-29 09:36:27,139.825,139.8,1,139.77,1,139.88,2,139.88,139.77,139.77,1,139.76,2,139.75,6,,,,,,,,,,,,,,,139.88,2,139.9,2,139.92,1,139.93,2,139.94,2,139.98,5,139.99,3,140.0,1,140.01,2,140.02,4
2020-10-29 09:36:28,139.805,139.84,2,139.76,1,139.85,2,139.85,139.76,139.76,1,139.75,5,,,,,,,,,,,,,,,,,139.85,2,139.86,3,139.87,3,139.88,2,139.9,2,139.92,1,139.93,2,139.94,2,139.98,5,139.99,3
2020-10-29 09:36:29,139.795,139.84,2,139.75,4,139.84,1,139.84,139.75,139.75,4,,,,,,,,,,,,,,,,,,,139.84,1,139.85,3,139.86,3,139.87,3,139.88,2,139.9,2,139.92,1,139.93,2,139.94,2,139.98,5
2020-10-29 09:36:30,139.795,139.84,2,139.75,5,139.84,1,139.84,139.75,139.75,5,,,,,,,,,,,,,,,,,,,139.84,1,139.85,3,139.86,3,139.87,3,139.88,2,139.9,2,139.92,1,139.93,2,139.94,2,139.98,5
2020-10-29 09:36:31,139.835,139.84,2,139.78,1,139.89,2,139.89,139.78,139.78,1,139.77,3,139.75,5,,,,,,,,,,,,,,,139.89,2,139.9,2,139.94,4,139.98,5,139.99,3,140.0,1,140.01,2,140.02,4,140.03,2,140.04,2
2020-10-29 09:36:32,139.84,139.84,2,139.78,1,139.9,2,139.9,139.78,139.78,1,139.77,3,139.75,5,,,,,,,,,,,,,,,139.9,2,139.92,2,139.94,2,139.98,5,139.99,3,140.0,1,140.01,2,140.02,4,140.03,2,140.04,2
2020-10-29 09:36:33,139.84,139.84,2,139.78,1,139.9,2,139.9,139.78,139.78,1,139.77,3,139.75,5,,,,,,,,,,,,,,,139.9,2,139.92,2,139.94,2,139.98,5,139.99,3,140.0,1,140.01,2,140.02,4,140.03,2,140.04,2
2020-10-29 09:36:34,139.835,139.84,2,139.78,1,139.89,2,139.89,139.78,139.78,1,139.77,3,139.75,5,,,,,,,,,,,,,,,139.89,2,139.9,2,139.92,2,139.94,2,139.98,5,139.99,3,140.0,1,140.01,2,140.02,4,140.03,2
2020-10-29 09:36:35,139.835,139.84,2,139.78,1,139.89,2,139.89,139.78,139.78,1,139.77,3,139.75,5,,,,,,,,,,,,,,,139.89,2,139.9,2,139.92,2,139.94,2,139.98,5,139.99,3,140.0,1,140.01,2,140.02,4,140.03,2
2020-10-29 09:36:36,139.8,139.77,1,139.75,4,139.85,2,139.85,139.75,139.75,4,,,,,,,,,,,,,,,,,,,139.85,2,139.86,2,139.87,3,139.88,3,139.89,2,139.9,2,139.92,2,139.94,2,139.98,5,139.99,3
2020-10-29 09:36:37,139.8,139.77,1,139.75,4,139.85,2,139.85,139.75,139.75,4,,,,,,,,,,,,,,,,,,,139.85,2,139.86,2,139.87,3,139.88,3,139.89,2,139.9,2,139.92,2,139.94,2,139.98,5,139.99,3
2020-10-29 09:36:38,139.795,139.77,1,139.75,4,139.84,1,139.84,139.75,139.75,4,,,,,,,,,,,,,,,,,,,139.84,1,139.85,3,139.86,2,139.87,3,139.88,3,139.89,2,139.9,2,139.92,2,139.94,2,139.98,5
2020-10-29 09:36:39,139.825,139.84,1,139.77,2,139.88,1,139.88,139.77,139.77,2,139.75,4,,,,,,,,,,,,,,,,,139.88,1,139.89,3,139.9,3,139.91,2,139.92,2,139.94,2,139.98,5,139.99,3,140.0,1,140.01,2
2020-10-29 09:36:40,139.815,139.84,1,139.75,4,139.88,2,139.88,139.75,139.75,4,,,,,,,,,,,,,,,,,,,139.88,2,139.89,2,139.9,3,139.91,2,139.92,2,139.94,2,139.98,5,139.99,3,140.0,1,140.01,2
2020-10-29 09:36:41,139.815,139.84,1,139.75,4,139.88,2,139.88,139.75,139.75,4,,,,,,,,,,,,,,,,,,,139.88,2,139.89,2,139.9,3,139.91,2,139.92,2,139.94,2,139.98,5,139.99,3,140.0,1,140.01,2
