sim_time,mid_price,last_price,last_size,best_bid_price,best_bid_size,best_ask_price,best_ask_size,close_price_buy,close_price_sell,bid1_price,bid1_size,bid2_price,bid2_size,bid3_price,bid3_size,bid4_price,bid4_size,bid5_price,bid5_size,bid6_price,bid6_size,bid7_price,bid7_size,bid8_price,bid8_size,bid9_price,bid9_size,bid10_price,bid10_size,ask1_price,ask1_size,ask2_price,ask2_size,ask3_price,ask3_size,ask4_price,ask4_size,ask5_price,ask5_size,ask6_price,ask6_size,ask7_price,ask7_size,ask8_price,ask8_size,ask9_price,ask9_size,ask10_price,ask10_size
2020-10-29 09:30:27,139.93,0.0,0,139.86,1,140.0,1,140.0,139.86,139.86,1,139.82,1,139.8,1,,,,,,,,,,,,,,,140.0,1,140.01,1,140.02,1,140.03,1,140.05,7,,,,,,,,,,
2020-10-29 09:30:28,139.915,0.0,0,139.83,1,140.0,1,140.0,139.83,139.83,1,139.82,1,139.8,1,,,,,,,,,,,,,,,140.0,1,140.01,1,140.02,1,140.03,1,140.05,7,,,,,,,,,,
2020-10-29 09:30:29,139.935,0.0,0,139.87,1,140.0,1,140.0,139.87,139.87,1,139.82,1,139.8,1,,,,,,,,,,,,,,,140.0,1,140.01,1,140.02,1,140.03,1,140.05,7,,,,,,,,,,
2020-10-29 09:30:30,139.9,0.0,0,139.8,3,140.0,1,140.0,139.8,139.8,3,,,,,,,,,,,,,,,,,,,140.0,1,140.01,1,140.02,1,140.03,1,140.05,7,,,,,,,,,,
2020-10-29 09:30:31,139.905,0.0,0,139.81,1,140.0,1,140.0,139.81,139.81,1,139.8,3,,,,,,,,,,,,,,,,,140.0,1,140.01,1,140.02,1,140.03,1,140.05,7,,,,,,,,,,
2020-10-29 09:30:32,139.98,0.0,0,139.91,1,140.05,6,140.05,139.91,139.91,1,139.83,1,139.81,1,139.8,3,,,,,,,,,,,,,140.05,6,,,,,,,,,,,,,,,,,,
2020-10-29 09:30:34,139.98,0.0,0,139.91,1,140.05,6,140.05,139.91,139.91,1,139.83,1,139.81,1,139.8,3,,,,,,,,,,,,,140.05,6,,,,,,,,,,,,,,,,,,
2020-10-29 09:30:34,139.955,0.0,0,139.87,1,140.04,1,140.04,139.87,139.87,1,139.86,1,139.83,1,139.81,1,139.8,3,,,,,,,,,,,140.04,1,140.05,6,,,,,,,,,,,,,,,,
2020-10-29 09:30:35,139.96,0.0,0,139.88,1,140.04,1,140.04,139.88,139.88,1,139.87,1,139.86,1,139.83,1,139.81,1,139.8,3,,,,,,,,,140.04,1,140.05,7,,,,,,,,,,,,,,,,
2020-10-29 09:30:36,139.975,0.0,0,139.9,1,140.05,6,140.05,139.9,139.9,1,139.89,1,139.88,1,139.87,1,139.86,1,139.83,1,139.81,1,139.8,3,,,,,140.05,6,,,,,,,,,,,,,,,,,,
2020-10-29 09:30:37,139.985,0.0,0,139.92,1,140.05,6,140.05,139.92,139.92,1,139.9,1,139.89,1,139.88,1,139.87,1,139.86,1,139.83,1,139.81,1,139.8,3,,,140.05,6,,,,,,,,,,,,,,,,,,
2020-10-29 09:30:38,140.07,140.05,5,139.99,1,140.15,2,140.15,139.99,139.99,1,139.94,1,139.92,1,139.9,1,139.89,1,139.88,1,139.87,1,139.86,1,139.83,1,139.81,1,140.15,2,,,,,,,,,,,,,,,,,,
2020-10-29 09:30:39,140.07,140.05,5,139.99,1,140.15,2,140.15,139.99,139.99,1,139.94,1,139.92,1,139.9,1,139.89,1,139.88,1,139.87,1,139.86,1,139.83,1,139.81,1,140.15,2,,,,,,,,,,,,,,,,,,
2020-10-29 09:30:40,140.07,140.05,5,139.99,1,140.15,2,140.15,139.99,139.99,1,139.94,1,139.92,1,139.9,1,139.89,1,139.88,1,139.87,1,139.86,1,139.83,1,139.81,1,140.15,2,,,,,,,,,,,,,,,,,,
2020-10-29 09:30:41,140.07,140.05,5,139.99,1,140.15,2,140.15,139.99,139.99,1,139.94,1,139.92,1,139.9,1,139.89,1,139.88,1,139.87,1,139.86,1,139.83,1,139.81,1,140.15,2,,,,,,,,,,,,,,,,,,
2020-10-29 09:30:42,140.075,140.05,5,140.0,1,140.15,1,140.15,140.0,140.0,1,139.99,1,139.94,1,139.92,1,139.9,1,139.89,1,139.88,1,139.87,1,139.86,1,139.83,1,140.15,1,,,,,,,,,,,,,,,,,,
2020-10-29 09:30:43,140.075,140.05,5,140.0,1,140.15,1,140.15,140.0,140.0,1,139.99,1,139.94,1,139.92,1,139.9,1,139.89,1,139.88,1,139.87,1,139.86,1,139.83,1,140.15,1,,,,,,,,,,,,,,,,,,
2020-10-29 09:30:44,140.065,140.05,5,139.98,1,140.15,1,140.15,139.98,139.98,1,139.94,1,139.92,1,139.9,1,139.89,1,139.88,1,139.87,1,139.86,1,139.83,1,139.81,1,140.15,1,,,,,,,,,,,,,,,,,,
2020-10-29 09:30:46,140.08,140.05,5,140.01,1,140.15,1,140.15,140.01,140.01,1,139.98,1,139.94,1,139.92,1,139.9,1,139.89,1,139.88,1,139.87,1,139.86,1,139.83,1,140.15,1,,,,,,,,,,,,,,,,,,
2020-10-29 09:30:46,140.075,140.05,5,140.01,1,140.14,1,140.14,140.01,140.01,1,139.98,1,139.94,1,139.92,1,139.9,1,139.89,1,139.88,1,139.87,1,139.86,1,139.83,1,140.14,1,140.25,3,,,,,,,,,,,,,,,,
2020-10-29 09:30:47,140.11,140.05,5,140.01,2,140.21,1,140.21,140.01,140.01,2,139.98,1,139.94,1,139.92,1,139.9,1,139.89,1,139.88,1,139.87,1,139.86,1,139.83,1,140.21,1,140.25,3,,,,,,,,,,,,,,,,
2020-10-29 09:30:49,140.11,140.05,5,140.03,1,140.19,1,140.19,140.03,140.03,1,140.01,3,139.98,1,139.94,1,139.92,1,139.9,1,139.89,1,139.88,1,139.87,1,139.86,1,140.19,1,140.2,1,140.21,1,140.25,3,,,,,,,,,,,,
2020-10-29 09:30:49,140.11,140.05,5,140.03,1,140.19,1,140.19,140.03,140.03,1,140.01,3,139.98,1,139.94,1,139.92,1,139.9,1,139.89,1,139.88,1,139.87,1,139.86,1,140.19,1,140.2,1,140.21,1,140.25,3,,,,,,,,,,,,
2020-10-29 09:30:50,140.105,140.05,5,140.03,1,140.18,1,140.18,140.03,140.03,1,140.01,3,139.98,1,139.94,1,139.92,1,139.9,1,139.89,1,139.88,1,139.87,1,139.86,1,140.18,1,140.19,1,140.2,1,140.21,1,140.25,3,,,,,,,,,,
2020-10-29 09:30:51,140.08,140.05,5,139.98,2,140.18,1,140.18,139.98,139.98,2,139.94,1,139.92,1,139.9,1,139.89,1,139.88,1,139.87,1,139.86,1,139.83,1,139.81,1,140.18,1,140.19,1,140.2,1,140.21,1,140.25,3,,,,,,,,,,
2020-10-29 09:30:52,140.11,140.05,5,140.03,1,140.19,1,140.19,140.03,140.03,1,139.99,1,139.98,2,139.94,1,139.92,1,139.9,1,139.89,1,139.88,1,139.87,1,139.86,1,140.19,1,140.2,1,140.21,1,140.25,3,,,,,,,,,,,,
2020-10-29 09:30:54,140.105,140.05,5,140.03,1,140.18,1,140.18,140.03,140.03,1,139.99,1,139.98,2,139.94,1,139.92,1,139.9,1,139.89,1,139.88,1,139.87,1,139.86,1,140.18,1,140.19,1,140.2,1,140.21,1,140.25,3,,,,,,,,,,
2020-10-29 09:30:55,140.12,140.05,5,140.03,1,140.21,1,140.21,140.03,140.03,1,139.99,1,139.98,2,139.94,1,139.92,1,139.9,1,139.89,1,139.88,1,139.87,1,139.86,1,140.21,1,140.25,3,,,,,,,,,,,,,,,,
2020-10-29 09:30:55,140.125,140.05,5,140.04,1,140.21,1,140.21,140.04,140.04,1,140.03,1,139.99,1,139.98,2,139.94,1,139.92,1,139.9,1,139.89,1,139.88,1,139.87,1,140.21,1,140.25,3,,,,,,,,,,,,,,,,
2020-10-29 09:30:57,140.115,140.05,5,140.03,1,140.2,1,140.2,140.03,140.03,1,139.99,1,139.98,2,139.94,1,139.92,1,139.9,1,139.89,1,139.88,1,139.87,1,139.86,1,140.2,1,140.21,1,140.25,3,,,,,,,,,,,,,,
2020-10-29 09:30:58,140.115,140.05,5,140.03,2,140.2,1,140.2,140.03,140.03,2,139.99,1,139.98,2,139.94,1,139.92,1,139.9,1,139.89,1,139.88,1,139.87,1,139.86,1,140.2,1,140.21,1,140.25,3,,,,,,,,,,,,,,
2020-10-29 09:30:59,140.145,140.05,5,140.09,1,140.2,1,140.2,140.09,140.09,1,140.03,1,139.99,1,139.98,2,139.94,1,139.92,1,139.9,1,139.89,1,139.88,1,139.87,1,140.2,1,140.21,1,140.25,3,,,,,,,,,,,,,,
2020-10-29 09:31:00,140.15,140.1,1,140.09,2,140.21,1,140.21,140.09,140.09,2,140.03,1,139.99,1,139.98,2,139.94,1,139.92,1,139.9,1,139.89,1,139.88,1,139.87,1,140.21,1,140.25,3,,,,,,,,,,,,,,,,
2020-10-29 09:31:01,140.15,140.1,1,140.09,2,140.21,1,140.21,140.09,140.09,2,140.03,1,139.99,1,139.98,2,139.94,1,139.92,1,139.9,1,139.89,1,139.88,1,139.87,1,140.21,1,140.25,3,,,,,,,,,,,,,,,,
2020-10-29 09:31:02,140.215,140.14,1,140.13,2,140.3,1,140.3,140.13,140.13,2,140.12,1,140.09,1,140.03,1,139.99,1,139.98,2,139.94,1,139.92,1,139.9,1,139.89,1,140.3,1,140.37,1,,,,,,,,,,,,,,,,
2020-10-29 09:31:02,140.175,140.14,1,140.1,1,140.25,1,140.25,140.1,140.1,1,140.09,1,140.03,1,139.99,1,139.98,2,139.94,1,139.92,1,139.9,1,139.89,1,139.88,1,140.25,1,140.26,1,140.3,1,140.37,1,,,,,,,,,,,,
2020-10-29 09:31:04,140.2,140.14,1,140.12,1,140.28,1,140.28,140.12,140.12,1,140.11,1,140.1,1,140.09,1,140.03,1,139.99,1,139.98,2,139.94,1,139.92,1,139.9,1,140.28,1,140.3,1,140.37,1,,,,,,,,,,,,,,
2020-10-29 09:31:05,140.2,140.14,1,140.12,1,140.28,1,140.28,140.12,140.12,1,140.11,1,140.1,1,140.09,1,140.03,1,139.99,1,139.98,2,139.94,1,139.92,1,139.9,1,140.28,1,140.3,1,140.37,1,,,,,,,,,,,,,,
2020-10-29 09:31:06,140.2,140.14,1,140.12,1,140.28,1,140.28,140.12,140.12,1,140.11,1,140.1,1,140.09,1,140.03,1,139.99,1,139.98,2,139.94,1,139.92,1,139.9,1,140.28,1,140.3,1,140.37,1,,,,,,,,,,,,,,
2020-10-29 09:31:07,140.215,140.14,1,140.13,1,140.3,1,140.3,140.13,140.13,1,140.12,1,140.11,1,140.1,1,140.09,1,140.03,1,139.99,1,139.98,2,139.94,1,139.92,1,140.3,1,140.37,1,,,,,,,,,,,,,,,,
2020-10-29 09:31:08,140.2,140.14,1,140.11,1,140.29,1,140.29,140.11,140.11,1,140.1,1,140.09,1,140.03,1,139.99,1,139.98,2,139.94,1,139.92,1,139.9,1,139.89,1,140.29,1,140.3,1,140.37,1,,,,,,,,,,,,,,
2020-10-29 09:31:09,140.21,140.14,1,140.12,1,140.3,1,140.3,140.12,140.12,1,140.11,1,140.1,1,140.09,1,140.03,1,139.99,1,139.98,2,139.94,1,139.92,1,139.9,1,140.3,1,140.37,1,,,,,,,,,,,,,,,,
2020-10-29 09:31:10,140.21,140.14,1,140.12,1,140.3,1,140.3,140.12,140.12,1,140.11,1,140.1,1,140.09,1,140.03,1,139.99,1,139.98,2,139.94,1,139.92,1,139.9,1,140.3,1,140.37,1,,,,,,,,,,,,,,,,
2020-10-29 09:31:11,140.21,140.14,1,140.12,1,140.3,1,140.3,140.12,140.12,1,140.11,1,140.1,1,140.09,1,140.03,1,139.99,1,139.98,2,139.94,1,139.92,1,139.9,1,140.3,1,140.37,1,,,,,,,,,,,,,,,,
2020-10-29 09:31:12,140.195,140.14,1,140.1,1,140.29,1,140.29,140.1,140.1,1,140.09,1,140.03,1,139.99,1,139.98,2,139.94,1,139.92,1,139.9,1,139.89,1,139.88,1,140.29,1,140.3,1,140.37,1,,,,,,,,,,,,,,
2020-10-29 09:31:13,140.205,140.14,1,140.11,1,140.3,1,140.3,140.11,140.11,1,140.1,1,140.09,1,140.03,1,139.99,1,139.98,2,139.94,1,139.92,1,139.9,1,139.89,1,140.3,1,140.37,1,,,,,,,,,,,,,,,,
2020-10-29 09:31:14,140.205,140.14,1,140.11,1,140.3,1,140.3,140.11,140.11,1,140.1,1,140.09,1,140.03,1,139.99,1,139.98,2,139.94,1,139.92,1,139.9,1,139.89,1,140.3,1,140.37,1,,,,,,,,,,,,,,,,
2020-10-29 09:31:15,140.19,140.14,1,140.1,1,140.28,1,140.28,140.1,140.1,1,140.09,1,140.03,1,139.99,1,139.98,2,139.94,1,139.92,1,139.9,1,139.89,1,139.88,1,140.28,1,140.29,1,140.3,1,140.37,1,,,,,,,,,,,,
2020-10-29 09:31:16,140.205,140.14,1,140.11,1,140.3,1,140.3,140.11,140.11,1,140.1,1,140.09,1,140.03,1,139.99,1,139.98,2,139.94,1,139.92,1,139.9,1,139.89,1,140.3,1,140.37,1,,,,,,,,,,,,,,,,
2020-10-29 09:31:17,140.195,140.14,1,140.1,1,140.29,1,140.29,140.1,140.1,1,140.09,1,140.03,1,139.99,1,139.98,2,139.94,1,139.92,1,139.9,1,139.89,1,139.88,1,140.29,1,140.3,1,140.37,1,,,,,,,,,,,,,,
2020-10-29 09:31:18,140.21,140.14,1,140.13,1,140.29,1,140.29,140.13,140.13,1,140.1,1,140.09,1,140.03,1,139.99,1,139.98,2,139.94,1,139.92,1,139.9,1,139.89,1,140.29,1,140.3,1,140.37,1,,,,,,,,,,,,,,
2020-10-29 09:31:19,140.205,140.14,1,140.13,1,140.28,1,140.28,140.13,140.13,1,140.1,1,140.09,1,140.03,1,139.99,1,139.98,2,139.94,1,139.92,1,139.9,1,139.89,1,140.28,1,140.29,1,140.3,1,140.37,1,,,,,,,,,,,,
2020-10-29 09:31:20,140.195,140.14,1,140.13,1,140.26,1,140.26,140.13,140.13,1,140.1,1,140.09,1,140.03,1,139.99,1,139.98,2,139.94,1,139.92,1,139.9,1,139.89,1,140.26,1,140.27,1,140.28,1,140.29,1,140.3,1,140.37,1,,,,,,,,
2020-10-29 09:31:21,140.195,140.14,1,140.13,1,140.26,1,140.26,140.13,140.13,1,140.1,1,140.09,1,140.03,1,139.99,1,139.98,2,139.94,1,139.92,1,139.9,1,139.89,1,140.26,1,140.27,1,140.28,1,140.29,1,140.3,1,140.37,1,,,,,,,,
2020-10-29 09:31:22,140.135,140.14,1,140.08,2,140.19,1,140.19,140.08,140.08,2,140.03,1,139.99,1,139.98,2,139.94,1,139.92,1,139.9,1,139.89,1,139.88,1,139.87,1,140.19,1,140.28,1,140.29,1,140.3,1,140.37,1,,,,,,,,,,
2020-10-29 09:31:23,140.135,140.14,1,140.08,2,140.19,1,140.19,140.08,140.08,2,140.03,1,139.99,1,139.98,2,139.94,1,139.92,1,139.9,1,139.89,1,139.88,1,139.87,1,140.19,1,140.28,1,140.29,1,140.3,1,140.37,1,,,,,,,,,,
2020-10-29 09:31:24,140.135,140.14,1,140.08,2,140.19,1,140.19,140.08,140.08,2,140.03,1,139.99,1,139.98,2,139.94,1,139.92,1,139.9,1,139.89,1,139.88,1,139.87,1,140.19,1,140.28,1,140.29,1,140.3,1,140.37,1,,,,,,,,,,
2020-10-29 09:31:25,140.2,140.19,1,140.14,1,140.26,1,140.26,140.14,140.14,1,140.08,2,140.03,1,139.99,1,139.98,2,139.94,1,139.92,1,139.9,1,139.89,1,139.88,1,140.26,1,140.27,1,140.28,1,140.29,1,140.3,1,140.37,1,,,,,,,,
2020-10-29 09:31:26,140.21,140.19,1,140.14,1,140.28,1,140.28,140.14,140.14,1,140.08,2,140.03,1,139.99,1,139.98,2,139.94,1,139.92,1,139.9,1,139.89,1,139.88,1,140.28,1,140.29,1,140.3,1,140.37,1,,,,,,,,,,,,
2020-10-29 09:31:27,140.205,140.19,1,140.14,2,140.27,1,140.27,140.14,140.14,2,140.08,2,140.03,1,139.99,1,139.98,2,139.94,1,139.92,1,139.9,1,139.89,1,139.88,1,140.27,1,140.28,1,140.29,1,140.3,1,140.37,1,,,,,,,,,,
2020-10-29 09:31:28,140.21,140.19,1,140.14,2,140.28,1,140.28,140.14,140.14,2,140.08,2,140.03,1,139.99,1,139.98,2,139.94,1,139.92,1,139.9,1,139.89,1,139.88,1,140.28,1,140.29,1,140.3,1,140.37,1,,,,,,,,,,,,
2020-10-29 09:31:29,140.21,140.19,1,140.15,1,140.27,1,140.27,140.15,140.15,1,140.14,2,140.08,2,140.03,1,139.99,1,139.98,2,139.94,1,139.92,1,139.9,1,139.89,1,140.27,1,140.28,1,140.29,1,140.3,1,140.37,1,,,,,,,,,,
2020-10-29 09:31:30,140.21,140.19,1,140.15,1,140.27,1,140.27,140.15,140.15,1,140.14,2,140.08,2,140.03,1,139.99,1,139.98,2,139.94,1,139.92,1,139.9,1,139.89,1,140.27,1,140.28,1,140.29,1,140.3,1,140.37,1,,,,,,,,,,
2020-10-29 09:31:31,140.24,140.19,1,140.19,1,140.29,1,140.29,140.19,140.19,1,140.15,1,140.14,2,140.08,2,140.03,1,139.99,1,139.98,2,139.94,1,139.92,1,139.9,1,140.29,1,140.3,1,140.37,1,,,,,,,,,,,,,,
2020-10-29 09:31:32,140.24,140.19,1,140.19,1,140.29,1,140.29,140.19,140.19,1,140.15,1,140.14,2,140.08,2,140.03,1,139.99,1,139.98,2,139.94,1,139.92,1,139.9,1,140.29,1,140.3,1,140.37,1,,,,,,,,,,,,,,
2020-10-29 09:31:33,140.24,140.19,1,140.19,1,140.29,1,140.29,140.19,140.19,1,140.15,1,140.14,2,140.08,2,140.03,1,139.99,1,139.98,2,139.94,1,139.92,1,139.9,1,140.29,1,140.3,1,140.37,1,,,,,,,,,,,,,,
2020-10-29 09:31:34,140.235,140.19,1,140.19,1,140.28,1,140.28,140.19,140.19,1,140.15,1,140.14,2,140.08,2,140.03,1,139.99,1,139.98,2,139.94,1,139.92,1,139.9,1,140.28,1,140.29,1,140.3,1,140.37,1,,,,,,,,,,,,
2020-10-29 09:31:35,140.205,140.19,1,140.15,1,140.26,1,140.26,140.15,140.15,1,140.14,2,140.08,2,140.03,1,139.99,1,139.98,2,139.94,1,139.92,1,139.9,1,139.89,1,140.26,1,140.27,1,140.28,1,140.29,1,140.3,1,140.37,1,,,,,,,,
2020-10-29 09:31:36,140.235,140.19,1,140.19,1,140.28,1,140.28,140.19,140.19,1,140.14,1,140.08,2,140.03,1,139.99,1,139.98,2,139.94,1,139.92,1,139.9,1,139.89,1,140.28,1,140.29,1,140.3,1,140.37,1,,,,,,,,,,,,
2020-10-29 09:31:37,140.235,140.19,1,140.19,1,140.28,1,140.28,140.19,140.19,1,140.14,1,140.08,2,140.03,1,139.99,1,139.98,2,139.94,1,139.92,1,139.9,1,139.89,1,140.28,1,140.29,1,140.3,1,140.37,1,,,,,,,,,,,,
2020-10-29 09:31:38,140.235,140.19,1,140.19,1,140.28,1,140.28,140.19,140.19,1,140.14,1,140.08,2,140.03,1,139.99,1,139.98,2,139.94,1,139.92,1,139.9,1,139.89,1,140.28,1,140.29,1,140.3,1,140.37,1,,,,,,,,,,,,
2020-10-29 09:31:39,140.16,140.14,2,140.11,1,140.21,1,140.21,140.11,140.11,1,140.1,1,140.02,1,139.99,2,139.98,2,139.94,1,139.92,1,139.9,1,139.89,1,139.88,1,140.21,1,140.22,1,140.27,1,140.28,1,140.29,1,140.3,1,140.37,1,,,,,,
2020-10-29 09:31:40,140.155,140.14,2,140.1,1,140.21,1,140.21,140.1,140.1,1,140.02,1,139.99,2,139.98,2,139.94,1,139.92,1,139.9,1,139.89,1,139.88,1,139.87,1,140.21,1,140.22,1,140.27,1,140.28,1,140.29,1,140.3,1,140.37,1,,,,,,
2020-10-29 09:31:41,140.15,140.14,2,140.1,1,140.2,1,140.2,140.1,140.1,1,140.02,1,139.99,2,139.98,2,139.94,1,139.92,1,139.9,1,139.89,1,139.88,1,139.87,1,140.2,1,140.21,1,140.22,1,140.27,1,140.28,1,140.29,1,140.3,1,140.37,1,,,,
2020-10-29 09:31:42,140.15,140.14,2,140.1,1,140.2,1,140.2,140.1,140.1,1,140.02,1,139.99,2,139.98,2,139.94,1,139.92,1,139.9,1,139.89,1,139.88,1,139.87,1,140.2,1,140.21,1,140.22,1,140.27,1,140.28,1,140.29,1,140.3,1,140.37,1,,,,
2020-10-29 09:31:43,140.15,140.14,2,140.1,1,140.2,1,140.2,140.1,140.1,1,140.02,1,139.99,2,139.98,2,139.94,1,139.92,1,139.9,1,139.89,1,139.88,1,139.87,1,140.2,1,140.21,1,140.22,1,140.27,1,140.28,1,140.29,1,140.3,1,140.37,1,,,,
2020-10-29 09:31:44,140.15,140.14,2,140.1,1,140.2,1,140.2,140.1,140.1,1,140.02,1,139.99,2,139.98,2,139.94,1,139.92,1,139.9,1,139.89,1,139.88,1,139.87,1,140.2,1,140.21,1,140.22,1,140.27,1,140.28,1,140.29,1,140.3,1,140.37,1,,,,
2020-10-29 09:31:45,140.15,140.11,1,140.1,1,140.2,1,140.2,140.1,140.1,1,140.02,1,139.99,2,139.98,2,139.94,1,139.92,1,139.9,1,139.89,1,139.88,1,139.87,1,140.2,1,140.21,1,140.22,1,140.27,1,140.28,1,140.29,1,140.3,1,140.37,1,,,,
2020-10-29 09:31:46,140.145,140.11,1,140.11,1,140.18,1,140.18,140.11,140.11,1,140.1,1,140.02,1,139.99,2,139.98,2,139.94,1,139.92,1,139.9,1,139.89,1,139.88,1,140.18,1,140.2,1,140.22,1,140.27,1,140.28,1,140.29,1,140.3,1,140.37,1,,,,
2020-10-29 09:31:47,140.13,140.18,1,140.1,1,140.16,1,140.16,140.1,140.1,1,140.02,1,139.99,2,139.98,2,139.94,1,139.92,1,139.9,1,139.89,1,139.88,1,139.87,1,140.16,1,140.21,1,140.22,1,140.27,1,140.28,1,140.29,1,140.3,1,140.37,1,,,,
2020-10-29 09:31:48,140.13,140.18,1,140.1,1,140.16,1,140.16,140.1,140.1,1,140.02,1,139.99,2,139.98,2,139.94,1,139.92,1,139.9,1,139.89,1,139.88,1,139.87,1,140.16,1,140.21,1,140.22,1,140.27,1,140.28,1,140.29,1,140.3,1,140.37,1,,,,
2020-10-29 09:31:49,140.16,140.16,1,140.1,1,140.22,1,140.22,140.1,140.1,1,140.02,1,139.99,2,139.98,2,139.94,1,139.92,1,139.9,1,139.89,1,139.88,1,139.87,1,140.22,1,140.27,1,140.28,1,140.29,1,140.3,1,140.37,1,,,,,,,,
2020-10-29 09:31:50,140.165,140.16,1,140.1,1,140.23,1,140.23,140.1,140.1,1,140.02,1,139.99,2,139.98,2,139.94,1,139.92,1,139.9,1,139.89,1,139.88,1,139.87,1,140.23,1,140.27,1,140.28,1,140.29,1,140.3,1,140.37,1,,,,,,,,
2020-10-29 09:31:51,140.165,140.16,1,140.1,1,140.23,1,140.23,140.1,140.1,1,140.02,1,139.99,2,139.98,2,139.94,1,139.92,1,139.9,1,139.89,1,139.88,1,139.87,1,140.23,1,140.27,1,140.28,1,140.29,1,140.3,1,140.37,1,,,,,,,,
2020-10-29 09:31:52,140.18,140.16,1,140.12,1,140.24,1,140.24,140.12,140.12,1,140.11,1,140.1,1,140.02,1,139.99,2,139.98,2,139.94,1,139.92,1,139.9,1,139.89,1,140.24,1,140.25,1,140.27,1,140.28,1,140.29,1,140.3,1,140.37,1,,,,,,
2020-10-29 09:31:53,140.21,140.16,1,140.17,1,140.25,1,140.25,140.17,140.17,1,140.12,1,140.11,1,140.1,1,140.02,1,139.99,2,139.98,2,139.94,1,139.92,1,139.9,1,140.25,1,140.26,1,140.27,1,140.28,1,140.29,1,140.3,1,140.37,1,,,,,,
2020-10-29 09:31:54,140.16,140.17,1,140.09,2,140.23,1,140.23,140.09,140.09,2,140.07,1,140.02,1,139.99,2,139.98,2,139.94,1,139.92,1,139.9,1,139.89,1,139.88,1,140.23,1,140.25,1,140.26,1,140.27,1,140.28,1,140.29,1,140.3,1,140.37,1,,,,
2020-10-29 09:31:55,140.075,140.17,1,139.96,2,140.19,1,140.19,139.96,139.96,2,139.94,1,139.92,1,139.9,1,139.89,1,139.88,1,139.87,1,139.86,1,139.83,1,139.81,1,140.19,1,140.23,1,140.25,1,140.26,1,140.27,1,140.28,1,140.29,1,140.3,1,140.37,1,,
2020-10-29 09:31:56,140.14,140.17,1,140.09,1,140.19,1,140.19,140.09,140.09,1,140.05,1,139.96,2,139.94,1,139.92,1,139.9,1,139.89,1,139.88,1,139.87,1,139.86,1,140.19,1,140.2,1,140.23,1,140.25,1,140.26,1,140.27,1,140.28,1,140.29,1,140.3,1,140.37,1
2020-10-29 09:31:57,140.12,140.17,1,140.05,2,140.19,1,140.19,140.05,140.05,2,140.04,1,139.96,2,139.94,1,139.92,1,139.9,1,139.89,1,139.88,1,139.87,1,139.86,1,140.19,1,140.2,1,140.23,1,140.25,1,140.26,1,140.27,1,140.28,1,140.29,1,140.3,1,140.37,1
2020-10-29 09:31:58,140.08,140.17,1,140.0,1,140.16,1,140.16,140.0,140.0,1,139.93,2,139.92,1,139.9,1,139.89,1,139.88,1,139.87,1,139.86,1,139.83,1,139.81,1,140.16,1,140.17,1,140.18,1,140.19,1,140.2,1,140.23,1,140.25,1,140.26,1,140.27,1,140.28,1
2020-10-29 09:31:59,140.09,140.17,1,140.03,1,140.15,1,140.15,140.03,140.03,1,140.02,1,139.93,2,139.92,1,139.9,1,139.89,1,139.88,1,139.87,1,139.86,1,139.83,1,140.15,1,140.16,1,140.17,1,140.18,1,140.19,1,140.2,1,140.23,1,140.25,1,140.26,1,140.27,1
2020-10-29 09:32:00,140.08,140.17,1,140.02,2,140.14,1,140.14,140.02,140.02,2,139.93,2,139.92,1,139.9,1,139.89,1,139.88,1,139.87,1,139.86,1,139.83,1,139.81,1,140.14,1,140.15,1,140.16,1,140.17,1,140.18,1,140.19,1,140.2,1,140.23,1,140.25,1,140.26,1
2020-10-29 09:32:01,140.07,140.17,1,140.02,1,140.12,1,140.12,140.02,140.02,1,139.99,1,139.93,2,139.92,1,139.9,1,139.89,1,139.88,1,139.87,1,139.86,1,139.83,1,140.12,1,140.13,1,140.14,1,140.16,1,140.17,1,140.18,1,140.19,1,140.2,1,140.23,1,140.25,1
2020-10-29 09:32:02,140.045,140.17,1,139.98,1,140.11,1,140.11,139.98,139.98,1,139.93,2,139.92,1,139.9,1,139.89,1,139.88,1,139.87,1,139.86,1,139.83,1,139.81,1,140.11,1,140.12,1,140.13,1,140.14,1,140.16,1,140.17,1,140.18,1,140.19,1,140.2,1,140.23,1
2020-10-29 09:32:03,140.085,140.17,1,140.03,1,140.14,1,140.14,140.03,140.03,1,139.99,1,139.98,1,139.93,2,139.92,1,139.9,1,139.89,1,139.88,1,139.87,1,139.86,1,140.14,1,140.16,1,140.17,1,140.18,1,140.19,1,140.2,1,140.23,1,140.25,1,140.26,1,140.27,1
2020-10-29 09:32:04,140.09,140.17,1,140.03,2,140.15,1,140.15,140.03,140.03,2,139.99,1,139.98,1,139.93,2,139.92,1,139.9,1,139.89,1,139.88,1,139.87,1,139.86,1,140.15,1,140.16,1,140.17,1,140.18,1,140.19,1,140.2,1,140.23,1,140.25,1,140.26,1,140.27,1
2020-10-29 09:32:05,140.115,140.17,1,140.07,1,140.16,1,140.16,140.07,140.07,1,140.04,1,140.03,2,139.99,1,139.98,1,139.93,2,139.92,1,139.9,1,139.89,1,139.88,1,140.16,1,140.17,1,140.18,1,140.19,1,140.2,1,140.23,1,140.25,1,140.26,1,140.27,1,140.28,1
2020-10-29 09:32:06,140.12,140.17,1,140.06,1,140.18,1,140.18,140.06,140.06,1,140.05,1,140.04,1,140.03,2,139.99,1,139.98,1,139.93,2,139.92,1,139.9,1,139.89,1,140.18,1,140.19,1,140.2,1,140.23,1,140.25,1,140.26,1,140.27,1,140.28,1,140.29,1,140.3,1
2020-10-29 09:32:07,140.1,140.17,1,140.03,2,140.17,1,140.17,140.03,140.03,2,139.99,1,139.98,1,139.93,2,139.92,1,139.9,1,139.89,1,139.88,1,139.87,1,139.86,1,140.17,1,140.18,1,140.19,1,140.2,1,140.23,1,140.25,1,140.26,1,140.27,1,140.28,1,140.29,1
2020-10-29 09:32:08,140.09,140.17,1,140.03,2,140.15,1,140.15,140.03,140.03,2,139.99,1,139.98,1,139.93,2,139.92,1,139.9,1,139.89,1,139.88,1,139.87,1,139.86,1,140.15,1,140.17,1,140.18,1,140.19,1,140.2,1,140.23,1,140.25,1,140.26,1,140.27,1,140.28,1
2020-10-29 09:32:09,140.09,140.17,1,140.03,1,140.15,1,140.15,140.03,140.03,1,139.99,1,139.98,1,139.93,2,139.92,1,139.9,1,139.89,1,139.88,1,139.87,1,139.86,1,140.15,1,140.17,1,140.18,1,140.19,1,140.2,1,140.23,1,140.25,1,140.26,1,140.27,1,140.28,1
2020-10-29 09:32:10,140.09,140.17,1,140.03,1,140.15,1,140.15,140.03,140.03,1,139.99,1,139.98,1,139.93,2,139.92,1,139.9,1,139.89,1,139.88,1,139.87,1,139.86,1,140.15,1,140.17,1,140.18,1,140.19,1,140.2,1,140.23,1,140.25,1,140.26,1,140.27,1,140.28,1
2020-10-29 09:32:11,140.095,140.17,1,140.03,1,140.16,1,140.16,140.03,140.03,1,139.99,1,139.98,1,139.93,2,139.92,1,139.9,1,139.89,1,139.88,1,139.87,1,139.86,1,140.16,1,140.17,1,140.18,1,140.19,1,140.2,1,140.23,1,140.25,1,140.26,1,140.27,1,140.28,1
2020-10-29 09:32:12,140.07,140.17,1,140.03,1,140.11,1,140.11,140.03,140.03,1,139.99,1,139.98,1,139.93,2,139.92,1,139.9,1,139.89,1,139.88,1,139.87,1,139.86,1,140.11,1,140.12,1,140.15,1,140.16,1,140.17,1,140.18,1,140.19,1,140.2,1,140.23,1,140.25,1
2020-10-29 09:32:13,140.095,140.17,1,140.03,1,140.16,1,140.16,140.03,140.03,1,139.99,1,139.98,1,139.93,2,139.92,1,139.9,1,139.89,1,139.88,1,139.87,1,139.86,1,140.16,1,140.17,1,140.18,1,140.19,1,140.2,1,140.23,1,140.25,1,140.26,1,140.27,1,140.28,1
2020-10-29 09:32:14,140.1,140.17,1,140.03,1,140.17,1,140.17,140.03,140.03,1,139.99,1,139.98,1,139.93,2,139.92,1,139.9,1,139.89,1,139.88,1,139.87,1,139.86,1,140.17,1,140.18,1,140.19,1,140.2,1,140.23,1,140.25,1,140.26,1,140.27,1,140.28,1,140.29,1
2020-10-29 09:32:15,140.095,140.17,1,140.03,1,140.16,1,140.16,140.03,140.03,1,139.99,1,139.98,1,139.93,2,139.92,1,139.9,1,139.89,1,139.88,1,139.87,1,139.86,1,140.16,1,140.17,1,140.18,1,140.19,1,140.2,1,140.23,1,140.25,1,140.26,1,140.27,1,140.28,1
2020-10-29 09:32:16,140.085,140.02,1,140.02,1,140.15,1,140.15,140.02,140.02,1,140.01,1,139.9,2,139.89,1,139.88,1,139.87,1,139.86,1,139.83,1,139.81,1,139.8,3,140.15,1,140.16,1,140.17,1,140.18,1,140.19,1,140.2,1,140.23,1,140.25,1,140.26,1,140.27,1
2020-10-29 09:32:17,140.085,140.02,1,140.02,1,140.15,1,140.15,140.02,140.02,1,140.01,2,140.0,1,139.9,2,139.89,1,139.88,1,139.87,1,139.86,1,139.83,1,139.81,1,140.15,1,140.16,1,140.17,1,140.18,1,140.19,1,140.2,1,140.23,1,140.25,1,140.26,1,140.27,1
2020-10-29 09:32:18,139.94,140.03,1,139.83,1,140.05,2,140.05,139.83,139.83,1,139.81,1,139.8,3,,,,,,,,,,,,,,,140.05,2,140.11,1,140.15,1,140.16,1,140.17,1,140.18,1,140.19,1,140.2,1,140.23,1,140.25,1
2020-10-29 09:32:19,139.97,140.03,1,139.93,1,140.01,1,140.01,139.93,139.93,1,139.85,1,139.83,1,139.81,1,139.8,3,,,,,,,,,,,140.01,1,140.02,1,140.03,1,140.04,1,140.05,2,140.11,1,140.15,1,140.16,1,140.17,1,140.18,1
2020-10-29 09:32:20,139.925,140.03,1,139.87,1,139.98,1,139.98,139.87,139.87,1,139.86,1,139.85,1,139.83,1,139.81,1,139.8,3,,,,,,,,,139.98,1,140.0,1,140.01,1,140.02,1,140.03,1,140.04,1,140.05,2,140.11,1,140.15,1,140.16,1
2020-10-29 09:32:21,139.94,140.03,1,139.88,1,140.0,1,140.0,139.88,139.88,1,139.87,2,139.86,1,139.85,1,139.83,1,139.81,1,139.8,3,,,,,,,140.0,1,140.01,1,140.02,1,140.03,1,140.04,1,140.05,2,140.11,1,140.15,1,140.16,1,140.17,1
2020-10-29 09:32:22,139.935,140.03,1,139.87,2,140.0,1,140.0,139.87,139.87,2,139.86,1,139.85,1,139.83,1,139.81,1,139.8,3,,,,,,,,,140.0,1,140.01,1,140.02,1,140.03,1,140.04,1,140.05,2,140.11,1,140.15,1,140.16,1,140.17,1
2020-10-29 09:32:23,139.935,140.03,1,139.87,2,140.0,1,140.0,139.87,139.87,2,139.86,1,139.85,1,139.83,1,139.81,1,139.8,3,,,,,,,,,140.0,1,140.01,1,140.02,1,140.03,1,140.04,1,140.05,2,140.11,1,140.15,1,140.16,1,140.17,1
2020-10-29 09:32:24,139.94,140.03,1,139.87,2,140.01,1,140.01,139.87,139.87,2,139.86,1,139.85,1,139.83,1,139.81,1,139.8,3,,,,,,,,,140.01,1,140.02,1,140.03,1,140.04,1,140.05,2,140.11,1,140.15,1,140.16,1,140.17,1,140.18,1
2020-10-29 09:32:25,139.945,140.03,1,139.89,2,140.0,1,140.0,139.89,139.89,2,139.87,2,139.86,1,139.85,1,139.83,1,139.81,1,139.8,3,,,,,,,140.0,1,140.01,1,140.02,1,140.03,1,140.04,1,140.05,2,140.11,1,140.15,1,140.16,1,140.17,1
2020-10-29 09:32:26,139.965,140.03,1,139.92,1,140.01,1,140.01,139.92,139.92,1,139.9,1,139.87,1,139.86,1,139.85,1,139.83,1,139.81,1,139.8,3,,,,,140.01,1,140.02,1,140.03,1,140.04,1,140.05,2,140.11,1,140.15,1,140.16,1,140.17,1,140.18,1
2020-10-29 09:32:27,139.975,140.03,1,139.92,1,140.03,1,140.03,139.92,139.92,1,139.9,1,139.87,1,139.86,1,139.85,1,139.83,1,139.81,1,139.8,3,,,,,140.03,1,140.04,1,140.05,2,140.11,1,140.15,1,140.16,1,140.17,1,140.18,1,140.19,1,140.2,1
2020-10-29 09:32:28,139.97,140.03,1,139.91,1,140.03,1,140.03,139.91,139.91,1,139.9,2,139.89,1,139.87,1,139.86,1,139.85,1,139.83,1,139.81,1,139.8,3,,,140.03,1,140.04,1,140.05,2,140.11,1,140.15,1,140.16,1,140.17,1,140.18,1,140.19,1,140.2,1
2020-10-29 09:32:29,139.985,140.03,1,139.91,2,140.06,1,140.06,139.91,139.91,2,139.9,2,139.89,1,139.87,1,139.86,1,139.85,1,139.83,1,139.81,1,139.8,3,,,140.06,1,140.11,1,140.15,1,140.16,1,140.17,1,140.18,1,140.19,1,140.2,1,140.23,1,140.25,1
2020-10-29 09:32:30,139.995,140.03,1,139.94,3,140.05,1,140.05,139.94,139.94,3,139.91,1,139.9,2,139.89,1,139.87,1,139.86,1,139.85,1,139.83,1,139.81,1,139.8,3,140.05,1,140.06,1,140.11,1,140.15,1,140.16,1,140.17,1,140.18,1,140.19,1,140.2,1,140.23,1
2020-10-29 09:32:31,140.0,140.03,1,139.94,3,140.06,1,140.06,139.94,139.94,3,139.91,1,139.9,2,139.89,1,139.87,1,139.86,1,139.85,1,139.83,1,139.81,1,139.8,3,140.06,1,140.11,1,140.15,1,140.16,1,140.17,1,140.18,1,140.19,1,140.2,1,140.23,1,140.25,1
2020-10-29 09:32:32,139.975,140.03,1,139.91,1,140.04,1,140.04,139.91,139.91,1,139.9,2,139.89,1,139.87,1,139.86,1,139.85,1,139.83,1,139.81,1,139.8,3,,,140.04,1,140.06,1,140.11,1,140.15,1,140.16,1,140.17,1,140.18,1,140.19,1,140.2,1,140.23,1
2020-10-29 09:32:33,139.975,140.03,1,139.91,1,140.04,1,140.04,139.91,139.91,1,139.9,2,139.89,1,139.87,1,139.86,1,139.85,1,139.83,1,139.81,1,139.8,3,,,140.04,1,140.06,1,140.11,1,140.15,1,140.16,1,140.17,1,140.18,1,140.19,1,140.2,1,140.23,1
2020-10-29 09:32:34,139.945,140.03,1,139.9,2,139.99,1,139.99,139.9,139.9,2,139.89,1,139.87,1,139.86,1,139.85,1,139.83,1,139.81,1,139.8,3,,,,,139.99,1,140.03,1,140.04,1,140.06,1,140.11,1,140.15,1,140.16,1,140.17,1,140.18,1,140.19,1
2020-10-29 09:32:35,139.95,140.03,1,139.91,1,139.99,1,139.99,139.91,139.91,1,139.9,1,139.89,1,139.87,1,139.86,1,139.85,1,139.83,1,139.81,1,139.8,3,,,139.99,1,140.03,1,140.04,1,140.06,1,140.11,1,140.15,1,140.16,1,140.17,1,140.18,1,140.19,1
2020-10-29 09:32:36,139.96,140.03,1,139.93,1,139.99,1,139.99,139.93,139.93,1,139.9,1,139.89,1,139.87,1,139.86,1,139.85,1,139.83,1,139.81,1,139.8,3,,,139.99,1,140.03,1,140.04,1,140.06,1,140.11,1,140.15,1,140.16,1,140.17,1,140.18,1,140.19,1
2020-10-29 09:32:37,139.985,140.03,1,139.93,2,140.04,1,140.04,139.93,139.93,2,139.9,1,139.89,1,139.87,1,139.86,1,139.85,1,139.83,1,139.81,1,139.8,3,,,140.04,1,140.06,1,140.11,1,140.15,1,140.16,1,140.17,1,140.18,1,140.19,1,140.2,1,140.23,1
2020-10-29 09:32:38,139.995,140.03,1,139.93,2,140.06,1,140.06,139.93,139.93,2,139.9,1,139.89,1,139.87,1,139.86,1,139.85,1,139.83,1,139.81,1,139.8,3,,,140.06,1,140.11,1,140.15,1,140.16,1,140.17,1,140.18,1,140.19,1,140.2,1,140.23,1,140.25,1
2020-10-29 09:32:39,139.995,140.03,1,139.93,2,140.06,1,140.06,139.93,139.93,2,139.9,1,139.89,1,139.87,1,139.86,1,139.85,1,139.83,1,139.81,1,139.8,3,,,140.06,1,140.11,1,140.15,1,140.16,1,140.17,1,140.18,1,140.19,1,140.2,1,140.23,1,140.25,1
2020-10-29 09:32:40,139.99,139.95,1,139.94,1,140.04,1,140.04,139.94,139.94,1,139.93,1,139.92,1,139.9,1,139.89,1,139.87,1,139.86,1,139.85,1,139.83,1,139.81,1,140.04,1,140.06,1,140.11,1,140.15,1,140.16,1,140.17,1,140.18,1,140.19,1,140.2,1,140.23,1
2020-10-29 09:32:41,139.965,139.96,1,139.9,3,140.03,1,140.03,139.9,139.9,3,139.89,1,139.87,1,139.86,1,139.85,1,139.83,1,139.81,1,139.8,3,,,,,140.03,1,140.04,1,140.06,1,140.11,1,140.15,1,140.16,1,140.17,1,140.18,1,140.19,1,140.2,1
2020-10-29 09:32:42,139.94,139.96,1,139.87,3,140.01,1,140.01,139.87,139.87,3,139.86,1,139.85,1,139.83,1,139.81,1,139.8,3,,,,,,,,,140.01,1,140.02,1,140.04,1,140.06,1,140.11,1,140.15,1,140.16,1,140.17,1,140.18,1,140.19,1
2020-10-29 09:32:43,139.93,139.96,1,139.89,1,139.97,1,139.97,139.89,139.89,1,139.88,1,139.87,3,139.86,1,139.85,1,139.83,1,139.81,1,139.8,3,,,,,139.97,1,140.01,1,140.02,1,140.04,1,140.06,1,140.11,1,140.15,1,140.16,1,140.17,1,140.18,1
2020-10-29 09:32:44,139.95,139.96,1,139.9,1,140.0,1,140.0,139.9,139.9,1,139.88,1,139.87,3,139.86,1,139.85,1,139.83,1,139.81,1,139.8,3,,,,,140.0,1,140.02,1,140.04,1,140.06,1,140.11,1,140.15,1,140.16,1,140.17,1,140.18,1,140.19,1
2020-10-29 09:32:45,139.955,139.96,1,139.9,2,140.01,1,140.01,139.9,139.9,2,139.88,1,139.87,3,139.86,1,139.85,1,139.83,1,139.81,1,139.8,3,,,,,140.01,1,140.02,1,140.04,1,140.06,1,140.11,1,140.15,1,140.16,1,140.17,1,140.18,1,140.19,1
2020-10-29 09:32:46,139.965,139.96,1,139.91,1,140.02,1,140.02,139.91,139.91,1,139.88,1,139.87,3,139.86,1,139.85,1,139.83,1,139.81,1,139.8,3,,,,,140.02,1,140.04,1,140.06,1,140.11,1,140.15,1,140.16,1,140.17,1,140.18,1,140.19,1,140.2,1
2020-10-29 09:32:47,139.96,139.96,1,139.9,1,140.02,1,140.02,139.9,139.9,1,139.89,1,139.88,1,139.87,3,139.86,1,139.85,1,139.83,1,139.81,1,139.8,3,,,140.02,1,140.03,1,140.04,1,140.06,1,140.11,1,140.15,1,140.16,1,140.17,1,140.18,1,140.19,1
2020-10-29 09:32:48,139.975,139.96,1,139.92,3,140.03,1,140.03,139.92,139.92,3,139.89,1,139.88,1,139.87,3,139.86,1,139.85,1,139.83,1,139.81,1,139.8,3,,,140.03,1,140.04,1,140.06,1,140.11,1,140.15,1,140.16,1,140.17,1,140.18,1,140.19,1,140.2,1
2020-10-29 09:32:49,139.99,139.96,1,139.93,1,140.05,1,140.05,139.93,139.93,1,139.92,2,139.89,1,139.88,1,139.87,3,139.86,1,139.85,1,139.83,1,139.81,1,139.8,3,140.05,1,140.06,1,140.11,1,140.15,1,140.16,1,140.17,1,140.18,1,140.19,1,140.2,1,140.23,1
2020-10-29 09:32:50,139.98,139.96,1,139.92,4,140.04,1,140.04,139.92,139.92,4,139.89,1,139.88,1,139.87,3,139.86,1,139.85,1,139.83,1,139.81,1,139.8,3,,,140.04,1,140.05,1,140.06,1,140.11,1,140.15,1,140.16,1,140.17,1,140.18,1,140.19,1,140.2,1
2020-10-29 09:32:51,140.005,139.96,1,139.97,1,140.04,1,140.04,139.97,139.97,1,139.93,1,139.92,4,139.89,1,139.88,1,139.87,3,139.86,1,139.85,1,139.83,1,139.81,1,140.04,1,140.05,1,140.06,1,140.11,1,140.15,1,140.16,1,140.17,1,140.18,1,140.19,1,140.2,1
2020-10-29 09:32:52,139.95,139.97,1,139.92,2,139.98,1,139.98,139.92,139.92,2,139.89,1,139.88,1,139.87,3,139.86,1,139.85,1,139.83,1,139.81,1,139.8,3,,,139.98,1,139.99,1,140.03,1,140.04,1,140.05,1,140.06,1,140.11,1,140.15,1,140.16,1,140.17,1
2020-10-29 09:32:53,139.975,139.98,1,139.92,3,140.03,1,140.03,139.92,139.92,3,139.89,1,139.88,1,139.87,3,139.86,1,139.85,1,139.83,1,139.81,1,139.8,3,,,140.03,1,140.04,1,140.05,1,140.06,1,140.11,1,140.15,1,140.16,1,140.17,1,140.18,1,140.19,1
2020-10-29 09:32:54,139.96,139.98,1,139.9,1,140.02,1,140.02,139.9,139.9,1,139.89,1,139.88,1,139.87,3,139.86,1,139.85,1,139.83,1,139.81,1,139.8,3,,,140.02,1,140.04,1,140.05,1,140.06,1,140.11,1,140.15,1,140.16,1,140.17,1,140.18,1,140.19,1
2020-10-29 09:32:55,139.97,139.98,1,139.92,1,140.02,1,140.02,139.92,139.92,1,139.9,1,139.89,1,139.88,1,139.87,3,139.86,1,139.85,1,139.83,1,139.81,1,139.8,3,140.02,1,140.04,1,140.05,1,140.06,1,140.11,1,140.15,1,140.16,1,140.17,1,140.18,1,140.19,1
2020-10-29 09:32:56,139.995,139.98,1,139.93,1,140.06,1,140.06,139.93,139.93,1,139.92,1,139.9,1,139.89,1,139.88,1,139.87,3,139.86,1,139.85,1,139.83,1,139.81,1,140.06,1,140.11,1,140.15,1,140.16,1,140.17,1,140.18,1,140.19,1,140.2,1,140.23,1,140.25,1
2020-10-29 09:32:57,139.995,139.98,1,139.93,1,140.06,1,140.06,139.93,139.93,1,139.92,1,139.9,1,139.89,1,139.88,1,139.87,3,139.86,1,139.85,1,139.83,1,139.81,1,140.06,1,140.11,1,140.15,1,140.16,1,140.17,1,140.18,1,140.19,1,140.2,1,140.23,1,140.25,1
2020-10-29 09:32:58,140.0,139.98,1,139.93,2,140.07,1,140.07,139.93,139.93,2,139.92,1,139.9,1,139.89,1,139.88,1,139.87,3,139.86,1,139.85,1,139.83,1,139.81,1,140.07,1,140.11,1,140.15,1,140.16,1,140.17,1,140.18,1,140.19,1,140.2,1,140.23,1,140.25,1
2020-10-29 09:32:59,140.0,139.98,1,139.94,1,140.06,1,140.06,139.94,139.94,1,139.93,2,139.92,1,139.9,1,139.89,1,139.88,1,139.87,3,139.86,1,139.85,1,139.83,1,140.06,1,140.07,1,140.11,1,140.15,1,140.16,1,140.17,1,140.18,1,140.19,1,140.2,1,140.23,1
2020-10-29 09:33:00,140.03,139.97,1,139.97,2,140.09,1,140.09,139.97,139.97,2,139.96,1,139.94,1,139.93,2,139.92,1,139.9,1,139.89,1,139.88,1,139.87,3,139.86,1,140.09,1,140.26,1,140.27,1,140.28,1,140.29,1,140.3,1,140.37,1,,,,,,
2020-10-29 09:33:01,140.075,140.06,1,140.02,2,140.13,2,140.13,140.02,140.02,2,140.01,1,140.0,1,139.98,1,139.96,1,139.94,1,139.93,2,139.92,1,139.9,1,139.89,1,140.13,2,140.27,3,140.28,1,140.29,1,140.3,1,140.37,1,,,,,,,,
2020-10-29 09:33:02,140.07,140.06,1,140.01,1,140.13,2,140.13,140.01,140.01,1,139.99,1,139.98,1,139.96,1,139.94,1,139.93,2,139.92,1,139.9,1,139.89,1,139.88,1,140.13,2,140.27,3,140.28,1,140.29,1,140.3,1,140.37,1,,,,,,,,
2020-10-29 09:33:03,140.07,140.06,1,140.02,1,140.12,1,140.12,140.02,140.02,1,140.01,1,140.0,1,139.99,1,139.98,1,139.96,1,139.94,1,139.93,2,139.92,1,139.9,1,140.12,1,140.15,1,140.23,1,140.24,2,140.27,3,140.28,1,140.29,1,140.3,1,140.37,1,,
2020-10-29 09:33:04,140.09,140.06,1,140.04,1,140.14,2,140.14,140.04,140.04,1,140.03,3,140.02,1,140.01,1,140.0,1,139.99,1,139.98,1,139.96,1,139.94,1,139.93,2,140.14,2,140.15,2,140.16,1,140.23,1,140.24,2,140.27,3,140.28,1,140.29,1,140.3,1,140.37,1
2020-10-29 09:33:05,140.085,140.06,1,140.04,1,140.13,1,140.13,140.04,140.04,1,140.03,4,140.02,1,140.01,1,140.0,1,139.99,1,139.98,1,139.96,1,139.94,1,139.93,2,140.13,1,140.16,1,140.23,1,140.24,2,140.27,3,140.28,1,140.29,1,140.3,1,140.37,1,,
2020-10-29 09:33:06,140.075,140.06,1,140.03,3,140.12,1,140.12,140.03,140.03,3,140.02,1,140.01,1,140.0,1,139.99,1,139.98,1,139.96,1,139.94,1,139.93,2,139.92,1,140.12,1,140.15,1,140.16,1,140.23,1,140.24,2,140.27,3,140.28,1,140.29,1,140.3,1,140.37,1
2020-10-29 09:33:07,140.08,140.06,1,140.02,1,140.14,2,140.14,140.02,140.02,1,140.01,1,140.0,1,139.99,1,139.98,1,139.96,1,139.94,1,139.93,2,139.92,1,139.9,1,140.14,2,140.15,2,140.16,1,140.23,1,140.24,2,140.27,3,140.28,1,140.29,1,140.3,1,140.37,1
2020-10-29 09:33:08,140.085,140.06,1,140.03,1,140.14,2,140.14,140.03,140.03,1,140.02,1,140.01,1,140.0,1,139.99,1,139.98,1,139.96,1,139.94,1,139.93,2,139.92,1,140.14,2,140.16,1,140.17,1,140.23,1,140.24,2,140.27,3,140.28,1,140.29,1,140.3,1,140.37,1
2020-10-29 09:33:09,140.06,140.06,1,139.99,1,140.13,1,140.13,139.99,139.99,1,139.98,1,139.96,1,139.94,1,139.93,2,139.92,1,139.9,1,139.89,1,139.88,1,139.87,3,140.13,1,140.14,2,140.16,1,140.17,1,140.23,1,140.24,2,140.27,3,140.28,1,140.29,1,140.3,1
2020-10-29 09:33:10,140.085,140.06,1,140.04,1,140.13,1,140.13,140.04,140.04,1,140.01,1,140.0,1,139.99,1,139.98,1,139.96,1,139.94,1,139.93,2,139.92,1,139.9,1,140.13,1,140.14,2,140.16,1,140.17,1,140.23,1,140.24,2,140.27,3,140.28,1,140.29,1,140.3,1
2020-10-29 09:33:11,140.09,140.06,1,140.03,1,140.15,3,140.15,140.03,140.03,1,140.02,1,140.01,1,140.0,1,139.99,1,139.98,1,139.96,1,139.94,1,139.93,2,139.92,1,140.15,3,140.16,1,140.17,1,140.23,1,140.24,2,140.27,3,140.28,1,140.29,1,140.3,1,140.37,1
2020-10-29 09:33:12,140.09,140.06,1,140.03,1,140.15,1,140.15,140.03,140.03,1,140.02,1,140.01,1,140.0,1,139.99,1,139.98,1,139.96,1,139.94,1,139.93,2,139.92,1,140.15,1,140.16,1,140.17,1,140.23,1,140.24,2,140.27,3,140.28,1,140.29,1,140.3,1,140.37,1
2020-10-29 09:33:13,140.095,140.06,1,140.04,1,140.15,1,140.15,140.04,140.04,1,140.03,1,140.02,1,140.01,1,140.0,1,139.99,1,139.98,1,139.96,1,139.94,1,139.93,2,140.15,1,140.16,1,140.17,1,140.23,1,140.24,2,140.27,3,140.28,1,140.29,1,140.3,1,140.37,1
2020-10-29 09:33:14,140.095,140.05,1,140.04,1,140.15,1,140.15,140.04,140.04,1,140.03,1,140.02,1,140.01,1,140.0,1,139.99,1,139.98,1,139.96,1,139.94,1,139.93,2,140.15,1,140.16,1,140.17,1,140.23,1,140.24,2,140.27,3,140.28,1,140.29,1,140.3,1,140.37,1
2020-10-29 09:33:15,140.095,140.05,1,140.04,1,140.15,1,140.15,140.04,140.04,1,140.03,1,140.02,1,140.01,1,140.0,1,139.99,1,139.98,1,139.96,1,139.94,1,139.93,2,140.15,1,140.16,1,140.17,1,140.23,1,140.24,2,140.27,3,140.28,1,140.29,1,140.3,1,140.37,1
2020-10-29 09:33:16,140.095,140.05,1,140.04,1,140.15,2,140.15,140.04,140.04,1,140.03,1,140.02,1,140.01,1,140.0,1,139.99,1,139.98,1,139.96,1,139.94,1,139.93,2,140.15,2,140.16,1,140.17,1,140.23,1,140.24,2,140.27,3,140.28,1,140.29,1,140.3,1,140.37,1
2020-10-29 09:33:17,140.105,140.05,1,140.05,1,140.16,1,140.16,140.05,140.05,1,140.04,1,140.03,1,140.02,1,140.01,1,140.0,1,139.99,1,139.98,1,139.96,1,139.94,1,140.16,1,140.17,1,140.23,1,140.24,2,140.27,3,140.28,1,140.29,1,140.3,1,140.37,1,,
2020-10-29 09:33:18,140.1,140.05,1,140.05,1,140.15,1,140.15,140.05,140.05,1,140.04,2,140.03,1,140.02,1,140.01,1,140.0,1,139.99,1,139.98,1,139.96,1,139.94,1,140.15,1,140.16,1,140.17,1,140.23,1,140.24,2,140.27,3,140.28,1,140.29,1,140.3,1,140.37,1
2020-10-29 09:33:19,140.095,140.05,1,140.04,1,140.15,1,140.15,140.04,140.04,1,140.03,1,140.02,1,140.01,1,140.0,1,139.99,1,139.98,1,139.96,1,139.94,1,139.93,2,140.15,1,140.16,1,140.17,1,140.23,1,140.24,2,140.27,3,140.28,1,140.29,1,140.3,1,140.37,1
2020-10-29 09:33:20,140.1,140.05,1,140.05,1,140.15,1,140.15,140.05,140.05,1,140.04,1,140.03,1,140.02,1,140.01,1,140.0,1,139.99,1,139.98,1,139.96,1,139.94,1,140.15,1,140.16,1,140.17,1,140.23,1,140.24,2,140.27,3,140.28,1,140.29,1,140.3,1,140.37,1
2020-10-29 09:33:21,140.15,140.05,1,140.08,1,140.22,1,140.22,140.08,140.08,1,140.07,4,140.05,1,140.04,1,140.03,1,140.02,1,140.01,1,140.0,1,139.99,1,139.98,1,140.22,1,140.28,1,140.29,2,140.3,1,140.37,1,,,,,,,,,,
2020-10-29 09:33:22,140.175,140.05,1,140.12,1,140.23,1,140.23,140.12,140.12,1,140.11,2,140.08,1,140.07,4,140.05,1,140.04,1,140.03,1,140.02,1,140.01,1,140.0,1,140.23,1,140.28,1,140.29,2,140.3,1,140.37,1,,,,,,,,,,
2020-10-29 09:33:23,140.22,140.05,1,140.17,4,140.27,1,140.27,140.17,140.17,4,140.16,1,140.15,1,140.12,1,140.11,2,140.08,1,140.07,4,140.05,1,140.04,1,140.03,1,140.27,1,140.29,1,140.43,2,,,,,,,,,,,,,,
2020-10-29 09:33:24,140.205,140.05,1,140.17,4,140.24,2,140.24,140.17,140.17,4,140.16,1,140.15,1,140.12,1,140.11,2,140.08,1,140.07,4,140.05,1,140.04,1,140.03,1,140.24,2,140.27,2,140.29,1,140.43,2,,,,,,,,,,,,
2020-10-29 09:33:25,140.22,140.05,1,140.17,5,140.27,2,140.27,140.17,140.17,5,140.16,1,140.15,1,140.12,1,140.11,2,140.08,1,140.07,4,140.05,1,140.04,1,140.03,1,140.27,2,140.29,1,140.43,2,,,,,,,,,,,,,,
2020-10-29 09:33:26,140.23,140.05,1,140.17,4,140.29,1,140.29,140.17,140.17,4,140.16,1,140.15,1,140.12,1,140.11,2,140.08,1,140.07,4,140.05,1,140.04,1,140.03,1,140.29,1,140.43,2,,,,,,,,,,,,,,,,
2020-10-29 09:33:27,140.24,140.05,1,140.18,2,140.3,1,140.3,140.18,140.18,2,140.17,3,140.16,1,140.15,1,140.12,1,140.11,2,140.08,1,140.07,4,140.05,1,140.04,1,140.3,1,140.43,2,,,,,,,,,,,,,,,,
2020-10-29 09:33:28,140.235,140.05,1,140.18,2,140.29,1,140.29,140.18,140.18,2,140.17,3,140.16,1,140.15,1,140.12,1,140.11,2,140.08,1,140.07,4,140.05,1,140.04,1,140.29,1,140.3,1,140.43,2,,,,,,,,,,,,,,
2020-10-29 09:33:29,140.235,140.05,1,140.18,2,140.29,1,140.29,140.18,140.18,2,140.17,3,140.16,1,140.15,1,140.12,1,140.11,2,140.08,1,140.07,4,140.05,1,140.04,1,140.29,1,140.3,1,140.43,2,,,,,,,,,,,,,,
2020-10-29 09:33:30,140.27,140.05,1,140.22,1,140.32,2,140.32,140.22,140.22,1,140.19,1,140.18,3,140.17,3,140.16,1,140.15,1,140.12,1,140.11,2,140.08,1,140.07,4,140.32,2,140.36,2,140.43,2,,,,,,,,,,,,,,
2020-10-29 09:33:31,140.26,140.32,1,140.21,1,140.31,2,140.31,140.21,140.21,1,140.19,1,140.18,3,140.17,3,140.16,1,140.15,1,140.12,1,140.11,2,140.08,1,140.07,4,140.31,2,140.34,2,140.36,2,140.43,2,,,,,,,,,,,,
2020-10-29 09:33:32,140.27,140.32,1,140.21,2,140.33,2,140.33,140.21,140.21,2,140.2,1,140.19,1,140.18,3,140.17,3,140.16,1,140.15,1,140.12,1,140.11,2,140.08,1,140.33,2,140.34,2,140.36,2,140.43,2,,,,,,,,,,,,
2020-10-29 09:33:33,140.27,140.32,1,140.21,2,140.33,1,140.33,140.21,140.21,2,140.2,1,140.19,1,140.18,3,140.17,3,140.16,1,140.15,1,140.12,1,140.11,2,140.08,1,140.33,1,140.34,2,140.36,2,140.43,2,,,,,,,,,,,,
2020-10-29 09:33:34,140.11,140.17,1,139.98,1,140.24,1,140.24,139.98,139.98,1,139.96,1,139.94,1,139.93,2,139.92,1,139.9,1,139.89,1,139.88,1,139.87,3,139.86,1,140.24,1,140.3,4,140.33,1,140.34,2,140.36,2,140.43,2,,,,,,,,
2020-10-29 09:33:35,140.12,140.17,1,140.06,2,140.18,1,140.18,140.06,140.06,2,140.04,2,139.98,1,139.96,1,139.94,1,139.93,2,139.92,1,139.9,1,139.89,1,139.88,1,140.18,1,140.19,1,140.24,1,140.3,4,140.33,1,140.34,2,140.36,2,140.43,2,,,,
2020-10-29 09:33:36,140.1,140.17,1,140.05,2,140.15,1,140.15,140.05,140.05,2,140.04,2,139.98,1,139.96,1,139.94,1,139.93,2,139.92,1,139.9,1,139.89,1,139.88,1,140.15,1,140.16,1,140.18,1,140.19,1,140.24,1,140.3,4,140.33,1,140.34,2,140.36,2,140.43,2
2020-10-29 09:33:37,140.08,140.05,2,140.01,3,140.15,1,140.15,140.01,140.01,3,139.98,1,139.96,1,139.94,1,139.93,2,139.92,1,139.9,1,139.89,1,139.88,1,139.87,3,140.15,1,140.16,1,140.18,1,140.19,1,140.24,1,140.3,4,140.33,1,140.34,2,140.36,2,140.43,2
2020-10-29 09:33:38,140.075,140.05,2,140.01,3,140.14,1,140.14,140.01,140.01,3,139.98,1,139.96,1,139.94,1,139.93,2,139.92,1,139.9,1,139.89,1,139.88,1,139.87,3,140.14,1,140.15,1,140.16,1,140.17,1,140.18,1,140.19,1,140.24,1,140.3,4,140.33,1,140.34,2
2020-10-29 09:33:39,140.01,140.01,1,139.96,1,140.06,1,140.06,139.96,139.96,1,139.94,1,139.93,1,139.92,1,139.9,1,139.89,1,139.88,1,139.87,3,139.86,1,139.85,1,140.06,1,140.08,1,140.14,1,140.15,1,140.16,1,140.17,1,140.18,1,140.19,1,140.24,1,140.3,4
2020-10-29 09:33:40,140.05,140.01,1,139.99,1,140.11,1,140.11,139.99,139.99,1,139.97,2,139.96,2,139.94,1,139.93,1,139.92,1,139.9,1,139.89,1,139.88,1,139.87,3,140.11,1,140.14,1,140.15,1,140.16,1,140.17,1,140.18,1,140.19,1,140.24,1,140.3,4,140.33,1
2020-10-29 09:33:41,140.055,140.01,1,140.01,1,140.1,1,140.1,140.01,140.01,1,140.0,1,139.99,1,139.97,2,139.96,2,139.94,1,139.93,1,139.92,1,139.9,1,139.89,1,140.1,1,140.11,1,140.14,1,140.15,1,140.16,1,140.17,1,140.18,1,140.19,1,140.24,1,140.3,4
2020-10-29 09:33:42,140.06,140.01,1,140.01,2,140.11,1,140.11,140.01,140.01,2,140.0,1,139.99,1,139.97,2,139.96,2,139.94,1,139.93,1,139.92,1,139.9,1,139.89,1,140.11,1,140.14,1,140.15,1,140.16,1,140.17,1,140.18,1,140.19,1,140.24,1,140.3,4,140.33,1
2020-10-29 09:33:43,140.06,140.01,1,140.01,2,140.11,1,140.11,140.01,140.01,2,140.0,1,139.99,1,139.97,2,139.96,2,139.94,1,139.93,1,139.92,1,139.9,1,139.89,1,140.11,1,140.14,1,140.15,1,140.16,1,140.17,1,140.18,1,140.19,1,140.24,1,140.3,4,140.33,1
2020-10-29 09:33:45,140.06,140.01,1,140.01,2,140.11,1,140.11,140.01,140.01,2,140.0,1,139.99,1,139.97,2,139.96,2,139.94,1,139.93,1,139.92,1,139.9,1,139.89,1,140.11,1,140.12,1,140.14,1,140.15,1,140.16,1,140.17,1,140.18,1,140.19,1,140.24,1,140.3,4
2020-10-29 09:33:45,140.06,140.01,1,140.01,2,140.11,1,140.11,140.01,140.01,2,140.0,1,139.99,1,139.97,2,139.96,2,139.94,1,139.93,1,139.92,1,139.9,1,139.89,1,140.11,1,140.12,1,140.14,1,140.15,1,140.16,1,140.17,1,140.18,1,140.19,1,140.24,1,140.3,4
2020-10-29 09:33:46,140.06,140.01,1,140.01,2,140.11,1,140.11,140.01,140.01,2,140.0,1,139.99,1,139.97,2,139.96,2,139.94,1,139.93,1,139.92,1,139.9,1,139.89,1,140.11,1,140.12,1,140.14,1,140.15,1,140.16,1,140.17,1,140.18,1,140.19,1,140.24,1,140.3,4
2020-10-29 09:33:47,140.07,140.01,1,140.03,1,140.11,1,140.11,140.03,140.03,1,140.01,2,140.0,1,139.99,1,139.97,2,139.96,2,139.94,1,139.93,1,139.92,1,139.9,1,140.11,1,140.12,1,140.14,1,140.15,1,140.16,1,140.17,1,140.18,1,140.19,1,140.24,1,140.3,4
2020-10-29 09:33:48,140.075,140.01,1,140.03,1,140.12,1,140.12,140.03,140.03,1,140.01,2,140.0,1,139.99,1,139.97,2,139.96,2,139.94,1,139.93,1,139.92,1,139.9,1,140.12,1,140.14,1,140.15,1,140.16,1,140.17,1,140.18,1,140.19,1,140.24,1,140.3,4,140.33,1
2020-10-29 09:33:49,140.07,140.04,1,140.02,1,140.12,1,140.12,140.02,140.02,1,140.01,1,140.0,1,139.99,1,139.97,2,139.96,2,139.94,1,139.93,1,139.92,1,139.9,1,140.12,1,140.14,1,140.15,1,140.16,1,140.17,1,140.18,1,140.19,1,140.24,1,140.3,4,140.33,1
2020-10-29 09:33:50,140.07,140.04,1,140.02,2,140.12,1,140.12,140.02,140.02,2,140.01,1,140.0,1,139.99,1,139.97,2,139.96,2,139.94,1,139.93,1,139.92,1,139.9,1,140.12,1,140.14,1,140.15,1,140.16,1,140.17,1,140.18,1,140.19,1,140.24,1,140.3,4,140.33,1
2020-10-29 09:33:51,140.07,140.04,1,140.02,1,140.12,1,140.12,140.02,140.02,1,140.01,1,140.0,1,139.99,1,139.97,2,139.96,2,139.94,1,139.93,1,139.92,1,139.9,1,140.12,1,140.14,1,140.15,1,140.16,1,140.17,1,140.18,1,140.19,1,140.24,1,140.3,4,140.33,1
2020-10-29 09:33:52,140.07,140.04,1,140.02,1,140.12,1,140.12,140.02,140.02,1,140.01,1,140.0,1,139.99,1,139.97,2,139.96,2,139.94,1,139.93,1,139.92,1,139.9,1,140.12,1,140.14,1,140.15,1,140.16,1,140.17,1,140.18,1,140.19,1,140.24,1,140.3,4,140.33,1
2020-10-29 09:33:53,140.07,140.04,1,140.02,1,140.12,1,140.12,140.02,140.02,1,140.01,1,140.0,1,139.99,1,139.97,2,139.96,2,139.94,1,139.93,1,139.92,1,139.9,1,140.12,1,140.14,1,140.15,1,140.16,1,140.17,1,140.18,1,140.19,1,140.24,1,140.3,4,140.33,1
2020-10-29 09:33:54,140.07,140.04,1,140.02,1,140.12,1,140.12,140.02,140.02,1,140.01,1,140.0,1,139.99,1,139.97,2,139.96,2,139.94,1,139.93,1,139.92,1,139.9,1,140.12,1,140.14,1,140.15,1,140.16,1,140.17,1,140.18,1,140.19,1,140.24,1,140.3,4,140.33,1
2020-10-29 09:33:55,140.075,140.04,1,140.02,2,140.13,1,140.13,140.02,140.02,2,140.01,1,140.0,1,139.99,1,139.97,2,139.96,2,139.94,1,139.93,1,139.92,1,139.9,1,140.13,1,140.14,1,140.15,1,140.16,1,140.17,1,140.18,1,140.19,1,140.24,1,140.3,4,140.33,1
2020-10-29 09:33:56,140.11,140.04,1,140.05,2,140.17,1,140.17,140.05,140.05,2,140.04,1,140.03,3,140.02,2,140.01,1,140.0,1,139.99,1,139.97,2,139.96,2,139.94,1,140.17,1,140.26,2,140.3,4,140.33,1,140.34,2,140.36,2,140.43,2,,,,,,
2020-10-29 09:33:57,140.11,140.04,1,140.05,3,140.17,1,140.17,140.05,140.05,3,140.04,1,140.03,3,140.02,2,140.01,1,140.0,1,139.99,1,139.97,2,139.96,2,139.94,1,140.17,1,140.26,2,140.3,4,140.33,1,140.34,2,140.36,2,140.43,2,,,,,,
2020-10-29 09:33:58,140.11,140.04,1,140.05,2,140.17,1,140.17,140.05,140.05,2,140.04,1,140.03,3,140.02,2,140.01,1,140.0,1,139.99,1,139.97,2,139.96,2,139.94,1,140.17,1,140.26,2,140.3,4,140.33,1,140.34,2,140.36,2,140.43,2,,,,,,
2020-10-29 09:33:59,140.11,140.04,1,140.05,1,140.17,2,140.17,140.05,140.05,1,140.04,1,140.03,3,140.02,2,140.01,1,140.0,1,139.99,1,139.97,2,139.96,2,139.94,1,140.17,2,140.18,1,140.19,1,140.26,2,140.3,4,140.33,1,140.34,2,140.36,2,140.43,2,,
2020-10-29 09:34:00,140.105,140.04,1,140.05,2,140.16,3,140.16,140.05,140.05,2,140.04,1,140.03,3,140.02,2,140.01,1,140.0,1,139.99,1,139.97,2,139.96,2,139.94,1,140.16,3,140.17,2,140.18,1,140.19,1,140.26,2,140.3,4,140.33,1,140.34,2,140.36,2,140.43,2
2020-10-29 09:34:01,140.125,140.04,1,140.07,2,140.18,2,140.18,140.07,140.07,2,140.05,2,140.04,1,140.03,3,140.02,2,140.01,1,140.0,1,139.99,1,139.97,2,139.96,2,140.18,2,140.2,1,140.26,2,140.3,4,140.33,1,140.34,2,140.36,2,140.43,2,,,,
2020-10-29 09:34:02,140.075,140.05,1,140.03,1,140.12,2,140.12,140.03,140.03,1,140.02,2,140.01,1,140.0,1,139.99,1,139.97,2,139.96,2,139.94,1,139.93,1,139.92,1,140.12,2,140.15,1,140.16,1,140.18,2,140.2,1,140.26,2,140.3,4,140.33,1,140.34,2,140.36,2
2020-10-29 09:34:03,140.09,140.05,1,140.03,2,140.15,1,140.15,140.03,140.03,2,140.02,2,140.01,1,140.0,1,139.99,1,139.97,2,139.96,2,139.94,1,139.93,1,139.92,1,140.15,1,140.16,2,140.17,4,140.18,5,140.2,1,140.26,2,140.3,4,140.33,1,140.34,2,140.36,2
2020-10-29 09:34:04,140.085,140.05,1,140.03,2,140.14,1,140.14,140.03,140.03,2,140.02,2,140.01,1,140.0,1,139.99,1,139.97,2,139.96,2,139.94,1,139.93,1,139.92,1,140.14,1,140.16,1,140.17,4,140.18,5,140.2,1,140.26,2,140.3,4,140.33,1,140.34,2,140.36,2
2020-10-29 09:34:05,140.095,140.05,1,140.03,2,140.16,1,140.16,140.03,140.03,2,140.02,2,140.01,1,140.0,1,139.99,1,139.97,2,139.96,2,139.94,1,139.93,1,139.92,1,140.16,1,140.17,3,140.18,5,140.2,1,140.26,2,140.3,4,140.33,1,140.34,2,140.36,2,140.43,2
2020-10-29 09:34:06,140.085,140.05,1,140.03,2,140.14,1,140.14,140.03,140.03,2,140.02,2,140.01,1,140.0,1,139.99,1,139.97,2,139.96,2,139.94,1,139.93,1,139.92,1,140.14,1,140.16,1,140.17,1,140.18,5,140.2,1,140.26,2,140.3,4,140.33,1,140.34,2,140.36,2
2020-10-29 09:34:07,140.085,140.05,1,140.03,1,140.14,1,140.14,140.03,140.03,1,140.02,2,140.01,1,140.0,1,139.99,1,139.97,2,139.96,2,139.94,1,139.93,1,139.92,1,140.14,1,140.16,2,140.17,1,140.18,5,140.2,1,140.26,2,140.3,4,140.33,1,140.34,2,140.36,2
2020-10-29 09:34:08,140.08,140.05,1,140.03,1,140.13,1,140.13,140.03,140.03,1,140.02,2,140.01,1,140.0,1,139.99,1,139.97,2,139.96,2,139.94,1,139.93,1,139.92,1,140.13,1,140.14,1,140.16,2,140.17,1,140.18,5,140.2,1,140.26,2,140.3,4,140.33,1,140.34,2
2020-10-29 09:34:09,140.07,140.05,1,140.03,2,140.11,1,140.11,140.03,140.03,2,140.02,2,140.01,1,140.0,1,139.99,1,139.97,2,139.96,2,139.94,1,139.93,1,139.92,1,140.11,1,140.13,1,140.14,1,140.16,2,140.17,1,140.18,5,140.2,1,140.26,2,140.3,4,140.33,1
2020-10-29 09:34:10,140.085,140.05,1,140.03,1,140.14,2,140.14,140.03,140.03,1,140.02,2,140.01,1,140.0,1,139.99,1,139.97,2,139.96,2,139.94,1,139.93,1,139.92,1,140.14,2,140.15,2,140.16,2,140.17,1,140.18,5,140.2,1,140.26,2,140.3,4,140.33,1,140.34,2
2020-10-29 09:34:11,140.08,140.05,1,140.03,1,140.13,1,140.13,140.03,140.03,1,140.02,2,140.01,1,140.0,1,139.99,1,139.97,2,139.96,2,139.94,1,139.93,1,139.92,1,140.13,1,140.14,2,140.15,2,140.16,2,140.17,1,140.18,5,140.2,1,140.26,2,140.3,4,140.33,1
2020-10-29 09:34:12,140.105,140.05,1,140.06,3,140.15,1,140.15,140.06,140.06,3,140.03,1,140.02,2,140.01,1,140.0,1,139.99,1,139.97,2,139.96,2,139.94,1,139.93,1,140.15,1,140.16,2,140.17,1,140.18,5,140.2,1,140.26,2,140.3,4,140.33,1,140.34,2,140.36,2
2020-10-29 09:34:13,140.07,140.04,1,140.02,1,140.12,2,140.12,140.02,140.02,1,140.0,1,139.99,1,139.97,2,139.96,2,139.94,1,139.93,1,139.92,1,139.9,1,139.89,1,140.12,2,140.13,1,140.15,1,140.16,2,140.17,1,140.18,5,140.2,1,140.26,2,140.3,4,140.33,1
2020-10-29 09:34:14,140.055,140.04,1,140.0,1,140.11,1,140.11,140.0,140.0,1,139.99,1,139.97,2,139.96,2,139.94,1,139.93,1,139.92,1,139.9,1,139.89,1,139.88,1,140.11,1,140.12,1,140.13,1,140.14,1,140.15,1,140.16,2,140.17,1,140.18,5,140.2,1,140.26,2
2020-10-29 09:34:15,140.08,140.04,1,140.03,1,140.13,1,140.13,140.03,140.03,1,139.99,1,139.97,2,139.96,2,139.94,1,139.93,1,139.92,1,139.9,1,139.89,1,139.88,1,140.13,1,140.14,1,140.15,1,140.16,2,140.17,1,140.18,5,140.2,1,140.26,2,140.3,4,140.33,1
2020-10-29 09:34:16,140.05,140.03,1,139.99,1,140.11,1,140.11,139.99,139.99,1,139.97,2,139.96,2,139.94,1,139.93,1,139.92,1,139.9,1,139.89,1,139.88,1,139.87,3,140.11,1,140.13,1,140.14,1,140.15,1,140.16,2,140.17,1,140.18,5,140.2,1,140.26,2,140.3,4
2020-10-29 09:34:17,140.045,140.03,1,139.98,1,140.11,1,140.11,139.98,139.98,1,139.97,2,139.96,2,139.94,1,139.93,1,139.92,1,139.9,1,139.89,1,139.88,1,139.87,3,140.11,1,140.13,1,140.14,1,140.15,1,140.16,2,140.17,1,140.18,5,140.2,1,140.26,2,140.3,4
2020-10-29 09:34:18,140.045,140.03,1,139.98,1,140.11,1,140.11,139.98,139.98,1,139.97,2,139.96,2,139.94,1,139.93,1,139.92,1,139.9,1,139.89,1,139.88,1,139.87,3,140.11,1,140.13,1,140.14,1,140.15,1,140.16,2,140.17,1,140.18,5,140.2,1,140.26,2,140.3,4
2020-10-29 09:34:19,140.045,140.03,1,139.98,1,140.11,1,140.11,139.98,139.98,1,139.97,2,139.96,2,139.94,1,139.93,1,139.92,1,139.9,1,139.89,1,139.88,1,139.87,3,140.11,1,140.13,1,140.14,1,140.15,1,140.16,2,140.17,1,140.18,5,140.2,1,140.26,2,140.3,4
2020-10-29 09:34:20,140.04,140.03,1,139.97,2,140.11,1,140.11,139.97,139.97,2,139.96,2,139.94,1,139.93,1,139.92,1,139.9,1,139.89,1,139.88,1,139.87,3,139.86,1,140.11,1,140.13,1,140.14,1,140.15,1,140.16,2,140.17,1,140.18,5,140.2,1,140.26,2,140.3,4
2020-10-29 09:34:21,140.06,140.03,1,140.01,1,140.11,1,140.11,140.01,140.01,1,139.97,2,139.96,2,139.94,1,139.93,1,139.92,1,139.9,1,139.89,1,139.88,1,139.87,3,140.11,1,140.13,1,140.14,1,140.15,1,140.16,2,140.17,1,140.18,5,140.2,1,140.26,2,140.3,4
2020-10-29 09:34:22,140.065,140.03,1,140.01,1,140.12,1,140.12,140.01,140.01,1,139.97,2,139.96,2,139.94,1,139.93,1,139.92,1,139.9,1,139.89,1,139.88,1,139.87,3,140.12,1,140.13,1,140.14,1,140.15,1,140.16,2,140.17,1,140.18,5,140.2,1,140.26,2,140.3,4
2020-10-29 09:34:23,140.07,140.01,1,140.01,1,140.13,1,140.13,140.01,140.01,1,139.97,2,139.96,2,139.94,1,139.93,1,139.92,1,139.9,1,139.89,1,139.88,1,139.87,3,140.13,1,140.14,1,140.15,1,140.16,2,140.17,1,140.18,5,140.2,1,140.26,2,140.3,4,140.33,1
2020-10-29 09:34:24,140.07,140.01,1,140.01,1,140.13,1,140.13,140.01,140.01,1,139.97,2,139.96,2,139.94,1,139.93,1,139.92,1,139.9,1,139.89,1,139.88,1,139.87,3,140.13,1,140.14,1,140.15,1,140.16,2,140.17,1,140.18,5,140.2,1,140.26,2,140.3,4,140.33,1
2020-10-29 09:34:25,140.06,140.02,1,140.01,1,140.11,1,140.11,140.01,140.01,1,139.97,2,139.96,2,139.94,1,139.93,1,139.92,1,139.9,1,139.89,1,139.88,1,139.87,3,140.11,1,140.12,1,140.13,1,140.14,1,140.15,1,140.16,2,140.17,1,140.18,5,140.2,1,140.26,2
2020-10-29 09:34:26,140.055,140.02,1,140.01,1,140.1,1,140.1,140.01,140.01,1,139.97,2,139.96,2,139.94,1,139.93,1,139.92,1,139.9,1,139.89,1,139.88,1,139.87,3,140.1,1,140.13,1,140.14,1,140.15,1,140.16,2,140.17,1,140.18,5,140.2,1,140.26,2,140.3,4
2020-10-29 09:34:27,140.055,140.02,1,140.01,1,140.1,1,140.1,140.01,140.01,1,139.97,2,139.96,2,139.94,1,139.93,1,139.92,1,139.9,1,139.89,1,139.88,1,139.87,3,140.1,1,140.13,1,140.14,1,140.15,1,140.16,2,140.17,1,140.18,5,140.2,1,140.26,2,140.3,4
2020-10-29 09:34:28,140.055,140.02,1,140.01,1,140.1,1,140.1,140.01,140.01,1,139.97,2,139.96,2,139.94,1,139.93,1,139.92,1,139.9,1,139.89,1,139.88,1,139.87,3,140.1,1,140.13,1,140.14,1,140.15,1,140.16,2,140.17,1,140.18,5,140.2,1,140.26,2,140.3,4
2020-10-29 09:34:29,140.065,140.02,1,140.01,2,140.12,1,140.12,140.01,140.01,2,139.97,2,139.96,2,139.94,1,139.93,1,139.92,1,139.9,1,139.89,1,139.88,1,139.87,3,140.12,1,140.13,1,140.14,1,140.15,1,140.16,2,140.17,1,140.18,5,140.2,1,140.26,2,140.3,4
2020-10-29 09:34:30,140.07,140.02,1,140.02,2,140.12,1,140.12,140.02,140.02,2,140.01,2,139.97,2,139.96,2,139.94,1,139.93,1,139.92,1,139.9,1,139.89,1,139.88,1,140.12,1,140.13,1,140.14,1,140.15,1,140.16,2,140.17,1,140.18,5,140.2,1,140.26,2,140.3,4
2020-10-29 09:34:31,140.115,140.12,1,140.06,2,140.17,2,140.17,140.06,140.06,2,140.03,2,140.02,2,140.01,2,139.97,2,139.96,2,139.94,1,139.93,1,139.92,1,139.9,1,140.17,2,140.18,1,140.2,1,140.26,2,140.3,4,140.33,1,140.34,2,140.36,2,140.43,2,,
2020-10-29 09:34:32,140.125,140.12,1,140.07,1,140.18,1,140.18,140.07,140.07,1,140.05,1,140.03,2,140.02,2,140.01,2,139.97,2,139.96,2,139.94,1,139.93,1,139.92,1,140.18,1,140.2,1,140.26,2,140.3,4,140.33,1,140.34,2,140.36,2,140.43,2,,,,
2020-10-29 09:34:33,140.125,140.12,1,140.06,1,140.19,1,140.19,140.06,140.06,1,140.05,1,140.03,2,140.02,2,140.01,2,139.97,2,139.96,2,139.94,1,139.93,1,139.92,1,140.19,1,140.2,1,140.26,2,140.3,4,140.33,1,140.34,2,140.36,2,140.43,2,,,,
2020-10-29 09:34:34,140.095,140.12,1,140.03,1,140.16,1,140.16,140.03,140.03,1,140.02,2,140.01,2,139.97,2,139.96,2,139.94,1,139.93,1,139.92,1,139.9,1,139.89,1,140.16,1,140.17,1,140.19,1,140.2,1,140.26,2,140.3,4,140.33,1,140.34,2,140.36,2,140.43,2
2020-10-29 09:34:35,140.11,140.12,1,140.05,2,140.17,1,140.17,140.05,140.05,2,140.03,1,140.02,2,140.01,2,139.97,2,139.96,2,139.94,1,139.93,1,139.92,1,139.9,1,140.17,1,140.18,1,140.19,1,140.2,1,140.26,2,140.3,4,140.33,1,140.34,2,140.36,2,140.43,2
2020-10-29 09:34:36,140.105,140.12,1,140.05,1,140.16,2,140.16,140.05,140.05,1,140.03,1,140.02,2,140.01,2,139.97,2,139.96,2,139.94,1,139.93,1,139.92,1,139.9,1,140.16,2,140.18,1,140.19,1,140.2,1,140.26,2,140.3,4,140.33,1,140.34,2,140.36,2,140.43,2
2020-10-29 09:34:37,140.115,140.12,1,140.05,1,140.18,1,140.18,140.05,140.05,1,140.03,1,140.02,2,140.01,2,139.97,2,139.96,2,139.94,1,139.93,1,139.92,1,139.9,1,140.18,1,140.19,1,140.2,1,140.26,2,140.3,4,140.33,1,140.34,2,140.36,2,140.43,2,,
2020-10-29 09:34:38,140.115,140.12,1,140.05,1,140.18,1,140.18,140.05,140.05,1,140.03,1,140.02,2,140.01,2,139.97,2,139.96,2,139.94,1,139.93,1,139.92,1,139.9,1,140.18,1,140.19,1,140.2,1,140.26,2,140.3,4,140.33,1,140.34,2,140.36,2,140.43,2,,
2020-10-29 09:34:39,140.115,140.12,1,140.05,1,140.18,1,140.18,140.05,140.05,1,140.03,1,140.02,2,140.01,2,139.97,2,139.96,2,139.94,1,139.93,1,139.92,1,139.9,1,140.18,1,140.19,1,140.2,1,140.26,2,140.3,4,140.33,1,140.34,2,140.36,2,140.43,2,,
2020-10-29 09:34:40,140.06,140.12,1,140.01,1,140.11,1,140.11,140.01,140.01,1,139.97,2,139.96,2,139.94,1,139.93,1,139.92,1,139.9,1,139.89,1,139.88,1,139.87,3,140.11,1,140.12,1,140.16,3,140.17,1,140.18,1,140.19,1,140.2,1,140.26,2,140.3,4,140.33,1
2020-10-29 09:34:41,140.05,140.12,1,140.01,2,140.09,1,140.09,140.01,140.01,2,139.98,1,139.97,2,139.96,2,139.94,1,139.93,1,139.92,1,139.9,1,139.89,1,139.88,1,140.09,1,140.1,1,140.13,1,140.16,3,140.17,1,140.18,1,140.19,1,140.2,1,140.26,2,140.3,4
2020-10-29 09:34:42,140.055,140.12,1,140.01,2,140.1,1,140.1,140.01,140.01,2,139.98,1,139.97,2,139.96,2,139.94,1,139.93,1,139.92,1,139.9,1,139.89,1,139.88,1,140.1,1,140.13,1,140.16,3,140.17,1,140.18,1,140.19,1,140.2,1,140.26,2,140.3,4,140.33,1
2020-10-29 09:34:43,140.075,140.12,1,140.04,2,140.11,1,140.11,140.04,140.04,2,140.01,2,139.98,1,139.97,2,139.96,2,139.94,1,139.93,1,139.92,1,139.9,1,139.89,1,140.11,1,140.13,1,140.16,3,140.17,1,140.18,1,140.19,1,140.2,1,140.26,2,140.3,4,140.33,1
2020-10-29 09:34:44,140.075,140.12,1,140.04,1,140.11,1,140.11,140.04,140.04,1,140.01,2,139.98,1,139.97,2,139.96,2,139.94,1,139.93,1,139.92,1,139.9,1,139.89,1,140.11,1,140.13,1,140.16,3,140.17,1,140.18,1,140.19,1,140.2,1,140.26,2,140.3,4,140.33,1
2020-10-29 09:34:45,140.09,140.12,1,140.04,1,140.14,1,140.14,140.04,140.04,1,140.01,2,139.98,1,139.97,2,139.96,2,139.94,1,139.93,1,139.92,1,139.9,1,139.89,1,140.14,1,140.16,2,140.17,1,140.18,1,140.19,1,140.2,1,140.26,2,140.3,4,140.33,1,140.34,2
2020-10-29 09:34:46,140.095,140.12,1,140.04,2,140.15,1,140.15,140.04,140.04,2,140.01,2,139.98,1,139.97,2,139.96,2,139.94,1,139.93,1,139.92,1,139.9,1,139.89,1,140.15,1,140.16,2,140.17,1,140.18,1,140.19,1,140.2,1,140.26,2,140.3,4,140.33,1,140.34,2
2020-10-29 09:34:47,140.105,140.12,1,140.06,1,140.15,1,140.15,140.06,140.06,1,140.04,2,140.01,2,139.98,1,139.97,2,139.96,2,139.94,1,139.93,1,139.92,1,139.9,1,140.15,1,140.16,2,140.17,1,140.18,1,140.19,1,140.2,1,140.26,2,140.3,4,140.33,1,140.34,2
2020-10-29 09:34:48,140.105,140.12,1,140.06,1,140.15,1,140.15,140.06,140.06,1,140.04,2,140.01,2,139.98,1,139.97,2,139.96,2,139.94,1,139.93,1,139.92,1,139.9,1,140.15,1,140.16,2,140.17,1,140.18,1,140.19,1,140.2,1,140.26,2,140.3,4,140.33,1,140.34,2
2020-10-29 09:34:49,140.095,140.12,1,140.06,1,140.13,2,140.13,140.06,140.06,1,140.04,2,140.01,2,139.98,1,139.97,2,139.96,2,139.94,1,139.93,1,139.92,1,139.9,1,140.13,2,140.15,1,140.16,2,140.17,1,140.18,1,140.19,1,140.2,1,140.26,2,140.3,4,140.33,1
2020-10-29 09:34:50,140.105,140.12,1,140.06,1,140.15,1,140.15,140.06,140.06,1,140.04,2,140.01,2,139.98,1,139.97,2,139.96,2,139.94,1,139.93,1,139.92,1,139.9,1,140.15,1,140.16,2,140.17,1,140.18,1,140.19,1,140.2,1,140.26,2,140.3,4,140.33,1,140.34,2
2020-10-29 09:34:51,140.11,140.12,1,140.06,2,140.16,6,140.16,140.06,140.06,2,140.04,2,140.01,2,139.98,1,139.97,2,139.96,2,139.94,1,139.93,1,139.92,1,139.9,1,140.16,6,140.17,1,140.18,1,140.19,1,140.2,1,140.26,2,140.3,4,140.33,1,140.34,2,140.36,2
2020-10-29 09:34:52,140.145,140.12,1,140.1,1,140.19,1,140.19,140.1,140.1,1,140.06,2,140.04,2,140.01,2,139.98,1,139.97,2,139.96,2,139.94,1,139.93,1,139.92,1,140.19,1,140.2,1,140.26,2,140.3,4,140.33,1,140.34,2,140.36,2,140.43,2,,,,
2020-10-29 09:34:53,140.145,140.12,1,140.1,2,140.19,1,140.19,140.1,140.1,2,140.06,2,140.04,2,140.01,2,139.98,1,139.97,2,139.96,2,139.94,1,139.93,1,139.92,1,140.19,1,140.2,1,140.26,2,140.3,4,140.33,1,140.34,2,140.36,2,140.43,2,,,,
2020-10-29 09:34:54,140.145,140.12,1,140.1,2,140.19,1,140.19,140.1,140.1,2,140.06,2,140.04,2,140.01,2,139.98,1,139.97,2,139.96,2,139.94,1,139.93,1,139.92,1,140.19,1,140.2,1,140.26,2,140.3,4,140.33,1,140.34,2,140.36,2,140.43,2,,,,
2020-10-29 09:34:55,140.145,140.12,1,140.1,2,140.19,1,140.19,140.1,140.1,2,140.06,2,140.04,2,140.01,2,139.98,1,139.97,2,139.96,2,139.94,1,139.93,1,139.92,1,140.19,1,140.2,1,140.26,2,140.3,4,140.33,1,140.34,2,140.36,2,140.43,2,,,,
2020-10-29 09:34:56,140.145,140.12,1,140.1,2,140.19,1,140.19,140.1,140.1,2,140.06,2,140.04,2,140.01,2,139.98,1,139.97,2,139.96,2,139.94,1,139.93,1,139.92,1,140.19,1,140.2,1,140.26,2,140.3,4,140.33,1,140.34,2,140.36,2,140.43,2,,,,
2020-10-29 09:34:57,140.14,140.12,1,140.1,3,140.18,1,140.18,140.1,140.1,3,140.06,2,140.04,2,140.01,2,139.98,1,139.97,2,139.96,2,139.94,1,139.93,1,139.92,1,140.18,1,140.19,1,140.2,1,140.26,2,140.3,4,140.33,1,140.34,2,140.36,2,140.43,2,,
2020-10-29 09:34:58,140.04,140.1,3,140.02,1,140.06,1,140.06,140.02,140.02,1,139.99,1,139.98,1,139.97,2,139.96,2,139.94,1,139.93,1,139.92,1,139.9,1,139.89,1,140.06,1,140.07,1,140.08,1,140.09,2,140.16,1,140.18,1,140.19,1,140.2,1,140.26,2,140.3,4
2020-10-29 09:34:59,140.065,140.06,1,140.01,2,140.12,1,140.12,140.01,140.01,2,139.99,1,139.98,1,139.97,2,139.96,2,139.94,1,139.93,1,139.92,1,139.9,1,139.89,1,140.12,1,140.16,2,140.18,1,140.19,1,140.2,1,140.26,2,140.3,4,140.33,1,140.34,2,140.36,2
2020-10-29 09:35:00,140.055,140.06,1,140.01,1,140.1,2,140.1,140.01,140.01,1,139.99,1,139.98,1,139.97,2,139.96,2,139.94,1,139.93,1,139.92,1,139.9,1,139.89,1,140.1,2,140.11,7,140.12,1,140.16,2,140.18,1,140.19,1,140.2,1,140.26,2,140.3,4,140.33,1
2020-10-29 09:35:01,140.055,140.09,1,140.03,1,140.08,2,140.08,140.03,140.03,1,140.02,1,140.01,1,139.99,1,139.98,1,139.97,2,139.96,2,139.94,1,139.93,1,139.92,1,140.08,2,140.09,2,140.1,2,140.11,7,140.12,1,140.16,2,140.18,1,140.19,1,140.2,1,140.26,2
2020-10-29 09:35:02,140.05,140.04,1,140.01,1,140.09,1,140.09,140.01,140.01,1,139.99,1,139.98,1,139.97,2,139.96,2,139.94,1,139.93,1,139.92,1,139.9,1,139.89,1,140.09,1,140.1,3,140.11,7,140.12,1,140.16,2,140.18,1,140.19,1,140.2,1,140.26,2,140.3,4
2020-10-29 09:35:03,140.05,140.04,1,140.01,1,140.09,1,140.09,140.01,140.01,1,139.99,1,139.98,1,139.97,2,139.96,2,139.94,1,139.93,1,139.92,1,139.9,1,139.89,1,140.09,1,140.1,3,140.11,7,140.12,1,140.16,2,140.18,1,140.19,1,140.2,1,140.26,2,140.3,4
2020-10-29 09:35:04,140.05,140.04,1,140.01,1,140.09,1,140.09,140.01,140.01,1,139.99,1,139.98,1,139.97,2,139.96,2,139.94,1,139.93,1,139.92,1,139.9,1,139.89,1,140.09,1,140.1,3,140.11,7,140.12,1,140.16,2,140.18,1,140.19,1,140.2,1,140.26,2,140.3,4
2020-10-29 09:35:05,140.055,140.04,1,140.01,1,140.1,2,140.1,140.01,140.01,1,139.99,1,139.98,1,139.97,2,139.96,2,139.94,1,139.93,1,139.92,1,139.9,1,139.89,1,140.1,2,140.11,7,140.12,1,140.16,2,140.18,1,140.19,1,140.2,1,140.26,2,140.3,4,140.33,1
2020-10-29 09:35:06,140.08,140.04,1,140.03,2,140.13,1,140.13,140.03,140.03,2,140.01,1,139.99,1,139.98,1,139.97,2,139.96,2,139.94,1,139.93,1,139.92,1,139.9,1,140.13,1,140.14,2,140.15,2,140.16,3,140.18,1,140.19,1,140.2,1,140.26,2,140.3,4,140.33,1
2020-10-29 09:35:07,140.08,140.04,1,140.03,2,140.13,1,140.13,140.03,140.03,2,140.01,1,139.99,1,139.98,1,139.97,2,139.96,2,139.94,1,139.93,1,139.92,1,139.9,1,140.13,1,140.14,2,140.15,2,140.16,3,140.18,1,140.19,1,140.2,1,140.26,2,140.3,4,140.33,1
2020-10-29 09:35:08,140.095,140.12,1,140.05,2,140.14,1,140.14,140.05,140.05,2,140.04,2,140.03,2,140.01,1,139.99,1,139.98,1,139.97,2,139.96,2,139.94,1,139.93,1,140.14,1,140.15,2,140.16,3,140.18,1,140.19,1,140.2,1,140.26,2,140.3,4,140.33,1,140.34,2
2020-10-29 09:35:09,140.1,140.12,1,140.05,2,140.15,1,140.15,140.05,140.05,2,140.04,2,140.03,2,140.01,1,139.99,1,139.98,1,139.97,2,139.96,2,139.94,1,139.93,1,140.15,1,140.16,3,140.18,1,140.19,1,140.2,1,140.26,2,140.3,4,140.33,1,140.34,2,140.36,2
2020-10-29 09:35:10,140.115,140.12,1,140.06,1,140.17,2,140.17,140.06,140.06,1,140.05,3,140.04,2,140.03,2,140.01,1,139.99,1,139.98,1,139.97,2,139.96,2,139.94,1,140.17,2,140.18,1,140.19,1,140.2,1,140.26,2,140.3,4,140.33,1,140.34,2,140.36,2,140.43,2
2020-10-29 09:35:11,140.14,140.12,1,140.1,1,140.18,2,140.18,140.1,140.1,1,140.06,1,140.05,3,140.04,2,140.03,2,140.01,1,139.99,1,139.98,1,139.97,2,139.96,2,140.18,2,140.19,1,140.2,1,140.26,2,140.3,4,140.33,1,140.34,2,140.36,2,140.43,2,,
2020-10-29 09:35:12,140.14,140.12,1,140.1,1,140.18,1,140.18,140.1,140.1,1,140.06,1,140.05,3,140.04,2,140.03,2,140.01,1,139.99,1,139.98,1,139.97,2,139.96,2,140.18,1,140.19,1,140.2,1,140.26,2,140.3,4,140.33,1,140.34,2,140.36,2,140.43,2,,
2020-10-29 09:35:13,140.14,140.12,1,140.1,1,140.18,1,140.18,140.1,140.1,1,140.06,1,140.05,3,140.04,2,140.03,2,140.01,1,139.99,1,139.98,1,139.97,2,139.96,2,140.18,1,140.19,1,140.2,1,140.26,2,140.3,4,140.33,1,140.34,2,140.36,2,140.43,2,,
2020-10-29 09:35:14,140.14,140.12,1,140.1,3,140.18,1,140.18,140.1,140.1,3,140.06,1,140.05,3,140.04,2,140.03,2,140.01,1,139.99,1,139.98,1,139.97,2,139.96,2,140.18,1,140.19,1,140.2,1,140.26,2,140.3,4,140.33,1,140.34,2,140.36,2,140.43,2,,
2020-10-29 09:35:15,140.14,140.12,1,140.1,4,140.18,1,140.18,140.1,140.1,4,140.06,1,140.05,3,140.04,2,140.03,2,140.01,1,139.99,1,139.98,1,139.97,2,139.96,2,140.18,1,140.19,1,140.2,1,140.26,2,140.3,4,140.33,1,140.34,2,140.36,2,140.43,2,,
2020-10-29 09:35:16,140.145,140.16,1,140.11,1,140.18,5,140.18,140.11,140.11,1,140.1,1,140.06,1,140.05,3,140.04,2,140.03,2,140.01,1,139.99,1,139.98,1,139.97,2,140.18,5,140.19,1,140.2,1,140.26,2,140.3,4,140.33,1,140.34,2,140.36,2,140.43,2,,
2020-10-29 09:35:17,140.15,140.16,1,140.11,4,140.19,1,140.19,140.11,140.11,4,140.1,1,140.06,1,140.05,3,140.04,2,140.03,2,140.01,1,139.99,1,139.98,1,139.97,2,140.19,1,140.2,1,140.26,2,140.3,4,140.33,1,140.34,2,140.36,2,140.43,2,,,,
2020-10-29 09:35:18,140.215,140.2,1,140.14,1,140.29,1,140.29,140.14,140.14,1,140.11,4,140.1,1,140.06,1,140.05,3,140.04,2,140.03,2,140.01,1,139.99,1,139.98,1,140.29,1,140.3,2,140.33,1,140.34,2,140.36,2,140.43,2,,,,,,,,
2020-10-29 09:35:19,140.205,140.2,1,140.14,1,140.27,1,140.27,140.14,140.14,1,140.11,4,140.1,1,140.06,1,140.05,3,140.04,2,140.03,2,140.01,1,139.99,1,139.98,1,140.27,1,140.29,1,140.3,2,140.33,1,140.34,2,140.36,2,140.43,2,,,,,,
2020-10-29 09:35:20,140.205,140.2,1,140.14,1,140.27,1,140.27,140.14,140.14,1,140.11,4,140.1,1,140.06,1,140.05,3,140.04,2,140.03,2,140.01,1,139.99,1,139.98,1,140.27,1,140.29,1,140.3,2,140.33,1,140.34,2,140.36,2,140.43,2,,,,,,
2020-10-29 09:35:21,140.225,140.2,1,140.17,1,140.28,1,140.28,140.17,140.17,1,140.14,1,140.11,4,140.1,1,140.06,1,140.05,3,140.04,2,140.03,2,140.01,1,139.99,1,140.28,1,140.29,1,140.3,2,140.33,1,140.34,2,140.36,2,140.43,2,,,,,,
2020-10-29 09:35:22,140.225,140.2,1,140.17,3,140.28,1,140.28,140.17,140.17,3,140.14,1,140.11,4,140.1,1,140.06,1,140.05,3,140.04,2,140.03,2,140.01,1,139.99,1,140.28,1,140.29,1,140.3,2,140.33,1,140.34,2,140.36,2,140.43,2,,,,,,
2020-10-29 09:35:23,140.16,140.17,3,140.1,3,140.22,2,140.22,140.1,140.1,3,140.09,1,140.06,1,140.05,3,140.04,2,140.03,2,140.01,1,139.99,1,139.98,1,139.97,2,140.22,2,140.25,3,140.27,1,140.28,1,140.29,1,140.3,2,140.33,1,140.34,2,140.36,2,140.43,2
2020-10-29 09:35:24,140.155,140.17,3,140.1,1,140.21,2,140.21,140.1,140.1,1,140.09,1,140.06,1,140.05,3,140.04,2,140.03,2,140.01,1,139.99,1,139.98,1,139.97,2,140.21,2,140.22,1,140.25,3,140.27,1,140.28,1,140.29,1,140.3,2,140.33,1,140.34,2,140.36,2
2020-10-29 09:35:25,140.15,140.17,3,140.1,1,140.2,2,140.2,140.1,140.1,1,140.09,1,140.06,1,140.05,3,140.04,2,140.03,2,140.01,1,139.99,1,139.98,1,139.97,2,140.2,2,140.21,2,140.22,1,140.25,3,140.27,1,140.28,1,140.29,1,140.3,2,140.33,1,140.34,2
2020-10-29 09:35:26,140.155,140.17,3,140.1,1,140.21,1,140.21,140.1,140.1,1,140.09,1,140.06,1,140.05,3,140.04,2,140.03,2,140.01,1,139.99,1,139.98,1,139.97,2,140.21,1,140.22,1,140.25,3,140.27,1,140.28,1,140.29,1,140.3,2,140.33,1,140.34,2,140.36,2
2020-10-29 09:35:27,140.165,140.17,3,140.1,1,140.23,2,140.23,140.1,140.1,1,140.09,1,140.06,1,140.05,3,140.04,2,140.03,2,140.01,1,139.99,1,139.98,1,139.97,2,140.23,2,140.25,3,140.27,1,140.28,1,140.29,1,140.3,2,140.33,1,140.34,2,140.36,2,140.43,2
2020-10-29 09:35:28,140.16,140.17,3,140.1,1,140.22,1,140.22,140.1,140.1,1,140.09,1,140.06,1,140.05,3,140.04,2,140.03,2,140.01,1,139.99,1,139.98,1,139.97,2,140.22,1,140.23,1,140.25,3,140.27,1,140.28,1,140.29,1,140.3,2,140.33,1,140.34,2,140.36,2
2020-10-29 09:35:29,140.135,140.12,1,140.07,3,140.2,3,140.2,140.07,140.07,3,140.04,1,140.03,2,140.01,1,139.99,1,139.98,1,139.97,2,139.96,2,139.94,1,139.93,1,140.2,3,140.22,1,140.23,1,140.25,3,140.27,1,140.28,1,140.29,1,140.3,2,140.33,1,140.34,2
2020-10-29 09:35:30,140.055,140.07,2,139.98,1,140.13,2,140.13,139.98,139.98,1,139.97,2,139.96,2,139.94,1,139.93,1,139.92,1,139.9,1,139.89,1,139.88,1,139.87,3,140.13,2,140.17,2,140.2,3,140.22,1,140.23,1,140.25,3,140.27,1,140.28,1,140.29,1,140.3,2
2020-10-29 09:35:31,140.045,140.07,2,140.0,1,140.09,1,140.09,140.0,140.0,1,139.98,1,139.97,2,139.96,2,139.94,1,139.93,1,139.92,1,139.9,1,139.89,1,139.88,1,140.09,1,140.11,1,140.13,2,140.17,2,140.2,3,140.22,1,140.23,1,140.25,3,140.27,1,140.28,1
2020-10-29 09:35:32,140.035,140.07,2,139.98,2,140.09,1,140.09,139.98,139.98,2,139.97,2,139.96,2,139.94,1,139.93,1,139.92,1,139.9,1,139.89,1,139.88,1,139.87,3,140.09,1,140.1,6,140.11,1,140.13,2,140.17,2,140.2,3,140.22,1,140.23,1,140.25,3,140.27,1
2020-10-29 09:35:33,140.035,140.07,2,139.98,1,140.09,1,140.09,139.98,139.98,1,139.97,2,139.96,2,139.94,1,139.93,1,139.92,1,139.9,1,139.89,1,139.88,1,139.87,3,140.09,1,140.1,6,140.11,1,140.13,2,140.17,2,140.2,3,140.22,1,140.23,1,140.25,3,140.27,1
2020-10-29 09:35:34,140.06,140.07,2,140.01,1,140.11,2,140.11,140.01,140.01,1,139.98,2,139.97,2,139.96,2,139.94,1,139.93,1,139.92,1,139.9,1,139.89,1,139.88,1,140.11,2,140.13,2,140.17,2,140.2,3,140.22,1,140.23,1,140.25,3,140.27,1,140.28,1,140.29,1
2020-10-29 09:35:35,140.065,140.07,2,140.01,1,140.12,1,140.12,140.01,140.01,1,139.98,2,139.97,2,139.96,2,139.94,1,139.93,1,139.92,1,139.9,1,139.89,1,139.88,1,140.12,1,140.13,4,140.17,2,140.2,3,140.22,1,140.23,1,140.25,3,140.27,1,140.28,1,140.29,1
2020-10-29 09:35:36,140.06,140.07,2,140.0,1,140.12,1,140.12,140.0,140.0,1,139.98,2,139.97,2,139.96,2,139.94,1,139.93,1,139.92,1,139.9,1,139.89,1,139.88,1,140.12,1,140.13,4,140.17,2,140.2,3,140.22,1,140.23,1,140.25,3,140.27,1,140.28,1,140.29,1
2020-10-29 09:35:37,140.05,140.07,2,140.0,1,140.1,2,140.1,140.0,140.0,1,139.99,1,139.98,2,139.97,2,139.96,2,139.94,1,139.93,1,139.92,1,139.9,1,139.89,1,140.1,2,140.11,2,140.12,1,140.13,4,140.17,2,140.2,3,140.22,1,140.23,1,140.25,3,140.27,1
2020-10-29 09:35:38,140.05,140.07,2,140.0,1,140.1,2,140.1,140.0,140.0,1,139.99,1,139.98,2,139.97,2,139.96,2,139.94,1,139.93,1,139.92,1,139.9,1,139.89,1,140.1,2,140.11,2,140.12,1,140.13,4,140.17,2,140.2,3,140.22,1,140.23,1,140.25,3,140.27,1
2020-10-29 09:35:39,140.045,140.07,2,140.0,1,140.09,2,140.09,140.0,140.0,1,139.99,1,139.98,2,139.97,2,139.96,2,139.94,1,139.93,1,139.92,1,139.9,1,139.89,1,140.09,2,140.1,2,140.11,2,140.12,1,140.13,4,140.17,2,140.2,3,140.22,1,140.23,1,140.25,3
2020-10-29 09:35:40,140.02,140.07,2,139.97,2,140.07,1,140.07,139.97,139.97,2,139.96,2,139.94,1,139.93,1,139.92,1,139.9,1,139.89,1,139.88,1,139.87,3,139.86,1,140.07,1,140.08,3,140.1,2,140.11,2,140.12,1,140.13,4,140.17,2,140.2,3,140.22,1,140.23,1
2020-10-29 09:35:41,140.02,140.07,2,139.97,1,140.07,1,140.07,139.97,139.97,1,139.96,2,139.94,1,139.93,1,139.92,1,139.9,1,139.89,1,139.88,1,139.87,3,139.86,1,140.07,1,140.08,2,140.1,2,140.11,2,140.12,1,140.13,4,140.17,2,140.2,3,140.22,1,140.23,1
2020-10-29 09:35:42,140.02,140.07,2,139.97,1,140.07,1,140.07,139.97,139.97,1,139.96,2,139.94,1,139.93,1,139.92,1,139.9,1,139.89,1,139.88,1,139.87,3,139.86,1,140.07,1,140.08,2,140.1,2,140.11,2,140.12,1,140.13,4,140.17,2,140.2,3,140.22,1,140.23,1
2020-10-29 09:35:43,139.975,139.97,1,139.91,1,140.04,2,140.04,139.91,139.91,1,139.9,2,139.89,1,139.88,1,139.87,3,139.86,1,139.85,1,139.83,1,139.81,1,139.8,3,140.04,2,140.06,2,140.07,2,140.08,2,140.1,2,140.11,2,140.12,1,140.13,4,140.17,2,140.2,3
2020-10-29 09:35:44,139.965,139.97,1,139.91,1,140.02,3,140.02,139.91,139.91,1,139.9,2,139.89,1,139.88,1,139.87,3,139.86,1,139.85,1,139.83,1,139.81,1,139.8,3,140.02,3,140.03,2,140.04,2,140.06,2,140.07,2,140.08,2,140.1,2,140.11,2,140.12,1,140.13,4
2020-10-29 09:35:45,139.96,139.97,1,139.9,2,140.02,2,140.02,139.9,139.9,2,139.89,1,139.88,1,139.87,3,139.86,1,139.85,1,139.83,1,139.81,1,139.8,3,,,140.02,2,140.03,2,140.04,2,140.06,2,140.07,2,140.08,2,140.1,2,140.11,2,140.12,1,140.13,4
2020-10-29 09:35:46,139.96,139.97,1,139.9,2,140.02,2,140.02,139.9,139.9,2,139.89,1,139.88,1,139.87,3,139.86,1,139.85,1,139.83,1,139.81,1,139.8,3,,,140.02,2,140.03,2,140.04,2,140.06,2,140.07,2,140.08,2,140.1,2,140.11,2,140.12,1,140.13,4
2020-10-29 09:35:47,139.96,139.97,1,139.9,2,140.02,2,140.02,139.9,139.9,2,139.89,1,139.88,1,139.87,3,139.86,1,139.85,1,139.83,1,139.81,1,139.8,3,,,140.02,2,140.03,2,140.04,2,140.06,2,140.07,2,140.08,2,140.1,2,140.11,2,140.12,1,140.13,4
2020-10-29 09:35:48,139.96,139.97,1,139.9,2,140.02,2,140.02,139.9,139.9,2,139.89,1,139.88,1,139.87,3,139.86,1,139.85,1,139.83,1,139.81,1,139.8,3,,,140.02,2,140.03,2,140.04,2,140.06,2,140.07,2,140.08,2,140.1,2,140.11,2,140.12,1,140.13,4
2020-10-29 09:35:49,139.95,139.92,1,139.9,1,140.0,2,140.0,139.9,139.9,1,139.89,2,139.88,1,139.87,3,139.86,1,139.85,1,139.83,1,139.81,1,139.8,3,,,140.0,2,140.01,2,140.02,3,140.03,2,140.04,2,140.06,2,140.07,2,140.08,2,140.1,2,140.11,2
2020-10-29 09:35:50,139.945,139.92,1,139.89,2,140.0,3,140.0,139.89,139.89,2,139.88,1,139.87,3,139.86,1,139.85,1,139.83,1,139.81,1,139.8,3,,,,,140.0,3,140.01,2,140.02,3,140.03,2,140.04,2,140.06,2,140.07,2,140.08,2,140.1,2,140.11,2
2020-10-29 09:35:51,139.94,139.92,1,139.89,1,139.99,2,139.99,139.89,139.89,1,139.88,1,139.87,3,139.86,1,139.85,1,139.83,1,139.81,1,139.8,3,,,,,139.99,2,140.0,3,140.01,2,140.02,3,140.03,2,140.04,2,140.06,2,140.07,2,140.08,2,140.1,2
2020-10-29 09:35:52,139.945,139.92,1,139.9,1,139.99,1,139.99,139.9,139.9,1,139.89,1,139.88,1,139.87,3,139.86,1,139.85,1,139.83,1,139.81,1,139.8,3,,,139.99,1,140.0,3,140.01,2,140.02,3,140.03,2,140.04,2,140.06,2,140.07,2,140.08,2,140.1,2
2020-10-29 09:35:53,139.945,139.91,1,139.9,1,139.99,2,139.99,139.9,139.9,1,139.89,1,139.88,1,139.87,3,139.86,1,139.85,1,139.83,1,139.81,1,139.8,3,,,139.99,2,140.0,3,140.01,2,140.02,3,140.03,2,140.04,2,140.06,2,140.07,2,140.08,2,140.1,2
2020-10-29 09:35:54,139.945,139.91,1,139.9,1,139.99,2,139.99,139.9,139.9,1,139.89,1,139.88,1,139.87,3,139.86,1,139.85,1,139.83,1,139.81,1,139.8,3,,,139.99,2,140.0,3,140.01,2,140.02,3,140.03,2,140.04,2,140.06,2,140.07,2,140.08,2,140.1,2
2020-10-29 09:35:55,139.89,139.89,1,139.84,1,139.94,1,139.94,139.84,139.84,1,139.82,1,139.8,2,,,,,,,,,,,,,,,139.94,1,139.97,2,139.99,2,140.0,3,140.01,2,140.02,3,140.03,2,140.04,2,140.06,2,140.07,2
2020-10-29 09:35:56,139.875,139.89,1,139.82,1,139.93,2,139.93,139.82,139.82,1,139.8,2,,,,,,,,,,,,,,,,,139.93,2,139.94,3,139.97,2,139.99,2,140.0,3,140.01,2,140.02,3,140.03,2,140.04,2,140.06,2
2020-10-29 09:35:57,139.85,139.89,1,139.8,2,139.9,2,139.9,139.8,139.8,2,,,,,,,,,,,,,,,,,,,139.9,2,139.91,1,139.92,3,139.93,2,139.94,3,139.97,2,139.99,2,140.0,3,140.01,2,140.02,3
2020-10-29 09:35:58,139.85,139.89,1,139.8,3,139.9,2,139.9,139.8,139.8,3,,,,,,,,,,,,,,,,,,,139.9,2,139.91,1,139.92,3,139.93,2,139.94,3,139.97,2,139.99,2,140.0,3,140.01,2,140.02,3
2020-10-29 09:35:59,139.85,139.89,1,139.8,3,139.9,2,139.9,139.8,139.8,3,,,,,,,,,,,,,,,,,,,139.9,2,139.91,1,139.92,3,139.93,2,139.94,3,139.97,2,139.99,2,140.0,3,140.01,2,140.02,3
2020-10-29 09:36:00,139.87,139.89,1,139.83,1,139.91,1,139.91,139.83,139.83,1,139.81,1,139.8,3,,,,,,,,,,,,,,,139.91,1,139.92,3,139.93,2,139.94,3,139.97,2,139.99,2,140.0,3,140.01,2,140.02,3,140.03,2
2020-10-29 09:36:01,139.88,139.89,1,139.83,1,139.93,2,139.93,139.83,139.83,1,139.81,1,139.8,3,,,,,,,,,,,,,,,139.93,2,139.94,3,139.97,2,139.99,2,140.0,3,140.01,2,140.02,3,140.03,2,140.04,2,140.06,2
2020-10-29 09:36:02,139.89,139.89,1,139.83,2,139.95,1,139.95,139.83,139.83,2,139.81,1,139.8,3,,,,,,,,,,,,,,,139.95,1,139.96,1,139.97,2,139.99,2,140.0,3,140.01,2,140.02,3,140.03,2,140.04,2,140.06,2
2020-10-29 09:36:03,139.9,139.89,1,139.85,2,139.95,2,139.95,139.85,139.85,2,139.84,2,139.83,1,139.81,1,139.8,3,,,,,,,,,,,139.95,2,139.96,2,139.97,2,139.99,2,140.0,3,140.01,2,140.02,3,140.03,2,140.04,2,140.06,2
2020-10-29 09:36:05,139.9,139.89,1,139.85,1,139.95,1,139.95,139.85,139.85,1,139.84,2,139.83,1,139.81,1,139.8,3,,,,,,,,,,,139.95,1,139.96,2,139.97,2,139.99,2,140.0,3,140.01,2,140.02,3,140.03,2,140.04,2,140.06,2
2020-10-29 09:36:05,139.89,139.89,1,139.85,1,139.93,2,139.93,139.85,139.85,1,139.84,2,139.83,1,139.81,1,139.8,3,,,,,,,,,,,139.93,2,139.95,2,139.96,2,139.97,2,139.99,2,140.0,3,140.01,2,140.02,3,140.03,2,140.04,2
2020-10-29 09:36:06,139.88,139.85,1,139.83,1,139.93,3,139.93,139.83,139.83,1,139.81,1,139.8,3,,,,,,,,,,,,,,,139.93,3,139.95,2,139.96,2,139.97,2,139.99,2,140.0,3,140.01,2,140.02,3,140.03,2,140.04,2
2020-10-29 09:36:08,139.885,139.85,1,139.84,2,139.93,1,139.93,139.84,139.84,2,139.83,1,139.81,1,139.8,3,,,,,,,,,,,,,139.93,1,139.95,2,139.96,2,139.97,2,139.99,2,140.0,3,140.01,2,140.02,3,140.03,2,140.04,2
2020-10-29 09:36:09,139.905,139.85,1,139.86,1,139.95,2,139.95,139.86,139.86,1,139.85,1,139.84,2,139.83,1,139.81,1,139.8,3,,,,,,,,,139.95,2,139.96,2,139.97,2,139.99,2,140.0,3,140.01,2,140.02,3,140.03,2,140.04,2,140.06,2
2020-10-29 09:36:10,139.96,139.85,1,139.91,2,140.01,1,140.01,139.91,139.91,2,139.87,1,139.86,3,139.85,1,139.84,2,139.83,1,139.81,1,139.8,3,,,,,140.01,1,140.02,4,140.03,2,140.04,2,140.06,2,140.07,2,140.08,2,140.1,2,140.11,2,140.12,1
2020-10-29 09:36:11,139.955,139.85,1,139.91,1,140.0,2,140.0,139.91,139.91,1,139.87,1,139.86,3,139.85,1,139.84,2,139.83,1,139.81,1,139.8,3,,,,,140.0,2,140.01,2,140.02,4,140.03,2,140.04,2,140.06,2,140.07,2,140.08,2,140.1,2,140.11,2
2020-10-29 09:36:12,139.925,139.91,1,139.87,1,139.98,1,139.98,139.87,139.87,1,139.86,3,139.85,1,139.84,2,139.83,1,139.81,1,139.8,3,,,,,,,139.98,1,140.0,2,140.01,2,140.02,4,140.03,2,140.04,2,140.06,2,140.07,2,140.08,2,140.1,2
2020-10-29 09:36:13,139.925,139.91,1,139.89,1,139.96,2,139.96,139.89,139.89,1,139.88,1,139.87,1,139.86,3,139.85,1,139.84,2,139.83,1,139.81,1,139.8,3,,,139.96,2,139.97,2,139.98,2,140.0,2,140.01,2,140.02,4,140.03,2,140.04,2,140.06,2,140.07,2
2020-10-29 09:36:14,139.92,139.91,1,139.88,1,139.96,2,139.96,139.88,139.88,1,139.87,1,139.86,3,139.85,1,139.84,2,139.83,1,139.81,1,139.8,3,,,,,139.96,2,139.97,2,139.98,2,140.0,2,140.01,2,140.02,4,140.03,2,140.04,2,140.06,2,140.07,2
2020-10-29 09:36:15,139.935,139.91,1,139.89,1,139.98,2,139.98,139.89,139.89,1,139.88,1,139.87,1,139.86,3,139.85,1,139.84,2,139.83,1,139.81,1,139.8,3,,,139.98,2,139.99,3,140.0,1,140.01,2,140.02,4,140.03,2,140.04,2,140.06,2,140.07,2,140.08,2
2020-10-29 09:36:16,139.93,139.91,1,139.88,1,139.98,3,139.98,139.88,139.88,1,139.87,1,139.86,3,139.85,1,139.84,2,139.83,1,139.81,1,139.8,3,,,,,139.98,3,139.99,3,140.0,1,140.01,2,140.02,4,140.03,2,140.04,2,140.06,2,140.07,2,140.08,2
2020-10-29 09:36:17,139.92,139.91,1,139.86,1,139.98,5,139.98,139.86,139.86,1,139.85,1,139.84,2,139.83,1,139.81,1,139.8,3,,,,,,,,,139.98,5,139.99,3,140.0,1,140.01,2,140.02,4,140.03,2,140.04,2,140.06,2,140.07,2,140.08,2
2020-10-29 09:36:18,139.9,139.91,1,139.86,1,139.94,3,139.94,139.86,139.86,1,139.85,1,139.84,2,139.83,1,139.81,1,139.8,3,,,,,,,,,139.94,3,139.98,5,139.99,3,140.0,1,140.01,2,140.02,4,140.03,2,140.04,2,140.06,2,140.07,2
2020-10-29 09:36:19,139.9,139.91,1,139.86,2,139.94,2,139.94,139.86,139.86,2,139.85,1,139.84,2,139.83,1,139.81,1,139.8,3,,,,,,,,,139.94,2,139.98,5,139.99,3,140.0,1,140.01,2,140.02,4,140.03,2,140.04,2,140.06,2,140.07,2
2020-10-29 09:36:20,139.9,139.91,1,139.86,1,139.94,3,139.94,139.86,139.86,1,139.85,1,139.84,1,139.83,1,139.81,1,139.8,3,,,,,,,,,139.94,3,139.98,5,139.99,3,140.0,1,140.01,2,140.02,4,140.03,2,140.04,2,140.06,2,140.07,2
2020-10-29 09:36:21,139.86,139.91,1,139.82,1,139.9,2,139.9,139.82,139.82,1,139.8,2,,,,,,,,,,,,,,,,,139.9,2,139.93,2,139.94,3,139.98,5,139.99,3,140.0,1,140.01,2,140.02,4,140.03,2,140.04,2
2020-10-29 09:36:22,139.88,139.91,1,139.83,1,139.93,2,139.93,139.83,139.83,1,139.82,1,139.8,2,,,,,,,,,,,,,,,139.93,2,139.94,2,139.98,5,139.99,3,140.0,1,140.01,2,140.02,4,140.03,2,140.04,2,140.06,2
2020-10-29 09:36:23,139.87,139.91,1,139.82,1,139.92,2,139.92,139.82,139.82,1,139.8,2,,,,,,,,,,,,,,,,,139.92,2,139.93,2,139.94,2,139.98,5,139.99,3,140.0,1,140.01,2,140.02,4,140.03,2,140.04,2
2020-10-29 09:36:24,139.825,139.8,1,139.78,1,139.87,1,139.87,139.78,139.78,1,139.75,4,,,,,,,,,,,,,,,,,139.87,1,139.88,3,139.9,2,139.92,1,139.93,2,139.94,2,139.98,5,139.99,3,140.0,1,140.01,2
2020-10-29 09:36:25,139.825,139.8,1,139.78,1,139.87,1,139.87,139.78,139.78,1,139.75,4,,,,,,,,,,,,,,,,,139.87,1,139.88,3,139.9,2,139.92,1,139.93,2,139.94,2,139.98,5,139.99,3,140.0,1,140.01,2
2020-10-29 09:36:26,139.805,139.8,1,139.76,1,139.85,1,139.85,139.76,139.76,1,139.75,4,,,,,,,,,,,,,,,,,139.85,1,139.86,3,139.87,1,139.88,3,139.9,2,139.92,1,139.93,2,139.94,2,139.98,5,139.99,3
2020-10-29 09:36:27,139.835,139.8,1,139.79,1,139.88,2,139.88,139.79,139.79,1,139.77,1,139.76,2,139.75,6,,,,,,,,,,,,,139.88,2,139.9,2,139.92,1,139.93,2,139.94,2,139.98,5,139.99,3,140.0,1,140.01,2,140.02,4
2020-10-29 09:36:28,139.81,139.8,1,139.76,1,139.86,1,139.86,139.76,139.76,1,139.75,6,,,,,,,,,,,,,,,,,139.86,1,139.87,3,139.88,2,139.9,2,139.92,1,139.93,2,139.94,2,139.98,5,139.99,3,140.0,1
2020-10-29 09:36:29,139.785,139.84,2,139.75,4,139.82,1,139.82,139.75,139.75,4,,,,,,,,,,,,,,,,,,,139.82,1,139.84,2,139.85,3,139.86,3,139.87,3,139.88,2,139.9,2,139.92,1,139.93,2,139.94,2
2020-10-29 09:36:30,139.795,139.84,2,139.75,5,139.84,1,139.84,139.75,139.75,5,,,,,,,,,,,,,,,,,,,139.84,1,139.85,3,139.86,3,139.87,3,139.88,2,139.9,2,139.92,1,139.93,2,139.94,2,139.98,5
2020-10-29 09:36:31,139.795,139.84,2,139.75,5,139.84,1,139.84,139.75,139.75,5,,,,,,,,,,,,,,,,,,,139.84,1,139.85,3,139.86,3,139.87,3,139.88,2,139.9,2,139.92,1,139.93,2,139.94,2,139.98,5
2020-10-29 09:36:32,139.855,139.84,2,139.79,1,139.92,1,139.92,139.79,139.79,1,139.78,1,139.77,3,139.75,5,,,,,,,,,,,,,139.92,1,139.94,2,139.98,5,139.99,3,140.0,1,140.01,2,140.02,4,140.03,2,140.04,2,140.06,2
2020-10-29 09:36:33,139.84,139.84,2,139.78,1,139.9,2,139.9,139.78,139.78,1,139.77,3,139.75,5,,,,,,,,,,,,,,,139.9,2,139.92,2,139.94,2,139.98,5,139.99,3,140.0,1,140.01,2,140.02,4,140.03,2,140.04,2
2020-10-29 09:36:34,139.835,139.84,2,139.78,1,139.89,2,139.89,139.78,139.78,1,139.77,3,139.75,5,,,,,,,,,,,,,,,139.89,2,139.9,2,139.92,2,139.94,2,139.98,5,139.99,3,140.0,1,140.01,2,140.02,4,140.03,2
2020-10-29 09:36:35,139.835,139.84,2,139.78,1,139.89,2,139.89,139.78,139.78,1,139.77,3,139.75,5,,,,,,,,,,,,,,,139.89,2,139.9,2,139.92,2,139.94,2,139.98,5,139.99,3,140.0,1,140.01,2,140.02,4,140.03,2
2020-10-29 09:36:36,139.795,139.77,1,139.75,4,139.84,3,139.84,139.75,139.75,4,,,,,,,,,,,,,,,,,,,139.84,3,139.87,1,139.88,3,139.89,2,139.9,2,139.92,2,139.94,2,139.98,5,139.99,3,140.0,1
2020-10-29 09:36:37,139.8,139.77,1,139.75,4,139.85,2,139.85,139.75,139.75,4,,,,,,,,,,,,,,,,,,,139.85,2,139.86,2,139.87,3,139.88,3,139.89,2,139.9,2,139.92,2,139.94,2,139.98,5,139.99,3
2020-10-29 09:36:38,139.8,139.77,1,139.75,4,139.85,3,139.85,139.75,139.75,4,,,,,,,,,,,,,,,,,,,139.85,3,139.86,2,139.87,3,139.88,3,139.89,2,139.9,2,139.92,2,139.94,2,139.98,5,139.99,3
2020-10-29 09:36:39,139.795,139.77,1,139.75,4,139.84,1,139.84,139.75,139.75,4,,,,,,,,,,,,,,,,,,,139.84,1,139.85,3,139.86,2,139.87,3,139.88,3,139.89,2,139.9,2,139.92,2,139.94,2,139.98,5
2020-10-29 09:36:40,139.825,139.84,1,139.77,2,139.88,2,139.88,139.77,139.77,2,139.75,4,,,,,,,,,,,,,,,,,139.88,2,139.89,2,139.9,3,139.91,2,139.92,2,139.94,2,139.98,5,139.99,3,140.0,1,140.01,2
2020-10-29 09:36:41,139.815,139.84,1,139.75,4,139.88,2,139.88,139.75,139.75,4,,,,,,,,,,,,,,,,,,,139.88,2,139.89,2,139.9,3,139.91,2,139.92,2,139.94,2,139.98,5,139.99,3,140.0,1,140.01,2
2020-10-29 09:36:42,139.815,139.84,1,139.75,4,139.88,2,139.88,139.75,139.75,4,,,,,,,,,,,,,,,,,,,139.88,2,139.89,2,139.9,3,139.91,2,139.92,2,139.94,2,139.98,5,139.99,3,140.0,1,140.01,2
2020-10-29 09:36:43,139.815,139.84,1,139.75,4,139.88,2,139.88,139.75,139.75,4,,,,,,,,,,,,,,,,,,,139.88,2,139.89,2,139.9,3,139.91,2,139.92,2,139.94,2,139.98,5,139.99,3,140.0,1,140.01,2
2020-10-29 09:36:44,139.81,139.84,1,139.75,4,139.87,2,139.87,139.75,139.75,4,,,,,,,,,,,,,,,,,,,139.87,2,139.88,2,139.89,2,139.9,3,139.91,2,139.92,2,139.94,2,139.98,5,139.99,3,140.0,1
2020-10-29 09:36:45,139.815,139.84,1,139.75,4,139.88,2,139.88,139.75,139.75,4,,,,,,,,,,,,,,,,,,,139.88,2,139.89,2,139.9,3,139.91,2,139.92,2,139.94,2,139.98,5,139.99,3,140.0,1,140.01,2
2020-10-29 09:36:46,139.815,139.84,1,139.75,4,139.88,1,139.88,139.75,139.75,4,,,,,,,,,,,,,,,,,,,139.88,1,139.89,2,139.9,3,139.91,2,139.92,2,139.94,2,139.98,5,139.99,3,140.0,1,140.01,2
2020-10-29 09:36:47,139.815,139.84,1,139.75,4,139.88,2,139.88,139.75,139.75,4,,,,,,,,,,,,,,,,,,,139.88,2,139.89,2,139.9,3,139.91,2,139.92,2,139.94,2,139.98,5,139.99,3,140.0,1,140.01,2
2020-10-29 09:36:48,139.815,139.84,1,139.75,4,139.88,2,139.88,139.75,139.75,4,,,,,,,,,,,,,,,,,,,139.88,2,139.89,2,139.9,3,139.91,2,139.92,2,139.94,2,139.98,5,139.99,3,140.0,1,140.01,2
2020-10-29 09:36:49,139.82,139.84,1,139.76,1,139.88,1,139.88,139.76,139.76,1,139.75,4,,,,,,,,,,,,,,,,,139.88,1,139.89,2,139.9,3,139.91,2,139.92,2,139.94,2,139.98,5,139.99,3,140.0,1,140.01,2
2020-10-29 09:36:50,139.82,139.84,1,139.76,1,139.88,3,139.88,139.76,139.76,1,139.75,4,,,,,,,,,,,,,,,,,139.88,3,139.89,2,139.9,3,139.91,2,139.92,2,139.94,2,139.98,5,139.99,3,140.0,1,140.01,2
2020-10-29 09:36:51,139.79,139.76,1,139.75,3,139.83,2,139.83,139.75,139.75,3,,,,,,,,,,,,,,,,,,,139.83,2,139.86,2,139.87,4,139.88,3,139.89,2,139.9,3,139.91,2,139.92,2,139.94,2,139.98,5
2020-10-29 09:36:52,139.8,139.76,1,139.75,3,139.85,2,139.85,139.75,139.75,3,,,,,,,,,,,,,,,,,,,139.85,2,139.86,2,139.87,2,139.88,3,139.89,2,139.9,3,139.91,2,139.92,2,139.94,2,139.98,5
2020-10-29 09:36:53,139.79,139.76,1,139.75,5,139.83,3,139.83,139.75,139.75,5,,,,,,,,,,,,,,,,,,,139.83,3,139.84,3,139.85,2,139.86,2,139.87,2,139.88,3,139.89,2,139.9,3,139.91,2,139.92,2
2020-10-29 09:36:54,139.81,139.76,1,139.75,5,139.87,3,139.87,139.75,139.75,5,,,,,,,,,,,,,,,,,,,139.87,3,139.88,3,139.89,2,139.9,3,139.91,2,139.92,2,139.94,2,139.98,5,139.99,3,140.0,1
2020-10-29 09:36:55,139.805,139.76,1,139.75,5,139.86,1,139.86,139.75,139.75,5,,,,,,,,,,,,,,,,,,,139.86,1,139.87,3,139.88,3,139.89,2,139.9,3,139.91,2,139.92,2,139.94,2,139.98,5,139.99,3
2020-10-29 09:36:56,139.81,139.76,1,139.75,5,139.87,2,139.87,139.75,139.75,5,,,,,,,,,,,,,,,,,,,139.87,2,139.88,3,139.89,2,139.9,3,139.91,2,139.92,2,139.94,2,139.98,5,139.99,3,140.0,1
2020-10-29 09:36:57,139.81,139.76,1,139.75,5,139.87,2,139.87,139.75,139.75,5,,,,,,,,,,,,,,,,,,,139.87,2,139.88,3,139.89,2,139.9,3,139.91,2,139.92,2,139.94,2,139.98,5,139.99,3,140.0,1
2020-10-29 09:36:58,139.81,139.76,1,139.75,5,139.87,2,139.87,139.75,139.75,5,,,,,,,,,,,,,,,,,,,139.87,2,139.88,3,139.89,2,139.9,3,139.91,2,139.92,2,139.94,2,139.98,5,139.99,3,140.0,1
2020-10-29 09:36:59,139.81,139.76,1,139.75,5,139.87,3,139.87,139.75,139.75,5,,,,,,,,,,,,,,,,,,,139.87,3,139.88,3,139.89,2,139.9,3,139.91,2,139.92,2,139.94,2,139.98,5,139.99,3,140.0,1
2020-10-29 09:37:00,139.81,139.76,1,139.75,5,139.87,3,139.87,139.75,139.75,5,,,,,,,,,,,,,,,,,,,139.87,3,139.88,3,139.89,2,139.9,3,139.91,2,139.92,2,139.94,2,139.98,5,139.99,3,140.0,1
2020-10-29 09:37:01,139.84,139.76,1,139.75,5,139.93,1,139.93,139.75,139.75,5,,,,,,,,,,,,,,,,,,,139.93,1,139.97,4,139.98,1,139.99,3,140.0,1,140.01,2,140.02,4,140.03,2,140.04,2,140.06,2
2020-10-29 09:37:02,139.86,139.76,1,139.75,5,139.97,2,139.97,139.75,139.75,5,,,,,,,,,,,,,,,,,,,139.97,2,139.98,1,139.99,3,140.0,1,140.01,2,140.02,4,140.03,2,140.04,2,140.06,2,140.07,2
2020-10-29 09:37:03,139.865,139.76,1,139.75,5,139.98,4,139.98,139.75,139.75,5,,,,,,,,,,,,,,,,,,,139.98,4,139.99,3,140.0,1,140.01,2,140.02,4,140.03,2,140.04,2,140.06,2,140.07,2,140.08,2
2020-10-29 09:37:04,139.865,139.76,1,139.75,5,139.98,3,139.98,139.75,139.75,5,,,,,,,,,,,,,,,,,,,139.98,3,139.99,3,140.0,1,140.01,2,140.02,4,140.03,2,140.04,2,140.06,2,140.07,2,140.08,2
2020-10-29 09:37:05,139.86,139.76,1,139.75,5,139.97,4,139.97,139.75,139.75,5,,,,,,,,,,,,,,,,,,,139.97,4,139.98,2,139.99,3,140.0,1,140.01,2,140.02,4,140.03,2,140.04,2,140.06,2,140.07,2
2020-10-29 09:37:06,139.86,139.76,1,139.75,5,139.97,4,139.97,139.75,139.75,5,,,,,,,,,,,,,,,,,,,139.97,4,139.98,2,139.99,3,140.0,1,140.01,2,140.02,4,140.03,2,140.04,2,140.06,2,140.07,2
2020-10-29 09:37:07,139.845,139.76,1,139.75,5,139.94,3,139.94,139.75,139.75,5,,,,,,,,,,,,,,,,,,,139.94,3,139.95,2,139.97,4,139.98,2,139.99,3,140.0,1,140.01,2,140.02,4,140.03,2,140.04,2
2020-10-29 09:37:08,139.845,139.76,1,139.75,5,139.94,3,139.94,139.75,139.75,5,,,,,,,,,,,,,,,,,,,139.94,3,139.95,2,139.97,4,139.98,2,139.99,3,140.0,1,140.01,2,140.02,4,140.03,2,140.04,2
2020-10-29 09:37:09,139.84,139.76,1,139.75,5,139.93,2,139.93,139.75,139.75,5,,,,,,,,,,,,,,,,,,,139.93,2,139.94,3,139.95,2,139.97,4,139.98,2,139.99,3,140.0,1,140.01,2,140.02,4,140.03,2
2020-10-29 09:37:10,139.835,139.76,1,139.75,5,139.92,2,139.92,139.75,139.75,5,,,,,,,,,,,,,,,,,,,139.92,2,139.93,2,139.94,3,139.95,2,139.97,4,139.98,2,139.99,3,140.0,1,140.01,2,140.02,4
2020-10-29 09:37:11,139.845,139.76,1,139.75,5,139.94,2,139.94,139.75,139.75,5,,,,,,,,,,,,,,,,,,,139.94,2,139.95,2,139.97,4,139.98,2,139.99,3,140.0,1,140.01,2,140.02,4,140.03,2,140.04,2
2020-10-29 09:37:12,139.85,139.76,1,139.75,5,139.95,2,139.95,139.75,139.75,5,,,,,,,,,,,,,,,,,,,139.95,2,139.97,4,139.98,2,139.99,3,140.0,1,140.01,2,140.02,4,140.03,2,140.04,2,140.06,2
2020-10-29 09:37:13,139.855,139.76,1,139.75,5,139.96,2,139.96,139.75,139.75,5,,,,,,,,,,,,,,,,,,,139.96,2,139.97,3,139.98,2,139.99,3,140.0,1,140.01,2,140.02,4,140.03,2,140.04,2,140.06,2
2020-10-29 09:37:14,139.835,139.76,1,139.75,5,139.92,2,139.92,139.75,139.75,5,,,,,,,,,,,,,,,,,,,139.92,2,139.93,1,139.94,1,139.95,2,139.96,2,139.97,3,139.98,2,139.99,3,140.0,1,140.01,2
2020-10-29 09:37:15,139.82,139.76,1,139.75,5,139.89,2,139.89,139.75,139.75,5,,,,,,,,,,,,,,,,,,,139.89,2,139.9,2,139.92,2,139.93,1,139.94,1,139.95,2,139.96,2,139.97,3,139.98,2,139.99,3
2020-10-29 09:37:16,139.82,139.76,1,139.75,5,139.89,3,139.89,139.75,139.75,5,,,,,,,,,,,,,,,,,,,139.89,3,139.9,2,139.92,2,139.93,1,139.94,1,139.95,2,139.96,2,139.97,3,139.98,2,139.99,3
2020-10-29 09:37:17,139.82,139.76,1,139.75,5,139.89,2,139.89,139.75,139.75,5,,,,,,,,,,,,,,,,,,,139.89,2,139.9,2,139.92,2,139.93,1,139.94,1,139.95,2,139.96,2,139.97,3,139.98,2,139.99,3
2020-10-29 09:37:18,139.82,139.76,1,139.75,5,139.89,2,139.89,139.75,139.75,5,,,,,,,,,,,,,,,,,,,139.89,2,139.9,2,139.92,2,139.93,1,139.94,1,139.95,2,139.96,2,139.97,3,139.98,2,139.99,3
2020-10-29 09:37:19,139.855,139.76,1,139.82,1,139.89,2,139.89,139.82,139.82,1,139.75,5,,,,,,,,,,,,,,,,,139.89,2,139.9,2,139.92,2,139.93,1,139.94,1,139.95,2,139.96,2,139.97,3,139.98,2,139.99,3
2020-10-29 09:37:20,139.855,139.76,1,139.82,1,139.89,2,139.89,139.82,139.82,1,139.75,5,,,,,,,,,,,,,,,,,139.89,2,139.9,2,139.92,2,139.93,1,139.94,1,139.95,2,139.96,2,139.97,3,139.98,2,139.99,3
2020-10-29 09:37:21,139.84,139.82,1,139.8,1,139.88,3,139.88,139.8,139.8,1,139.75,5,,,,,,,,,,,,,,,,,139.88,3,139.89,2,139.9,2,139.92,2,139.93,1,139.94,1,139.95,2,139.96,2,139.97,3,139.98,2
2020-10-29 09:37:22,139.84,139.82,1,139.8,1,139.88,2,139.88,139.8,139.8,1,139.75,5,,,,,,,,,,,,,,,,,139.88,2,139.89,2,139.9,2,139.92,2,139.93,1,139.94,1,139.95,2,139.96,2,139.97,3,139.98,2
2020-10-29 09:37:23,139.805,139.8,1,139.75,5,139.86,2,139.86,139.75,139.75,5,,,,,,,,,,,,,,,,,,,139.86,2,139.87,5,139.88,3,139.89,2,139.9,2,139.92,2,139.93,1,139.94,1,139.95,2,139.96,2
2020-10-29 09:37:24,139.805,139.8,1,139.75,5,139.86,2,139.86,139.75,139.75,5,,,,,,,,,,,,,,,,,,,139.86,2,139.87,5,139.88,3,139.89,2,139.9,2,139.92,2,139.93,1,139.94,1,139.95,2,139.96,2
2020-10-29 09:37:25,139.8,139.8,1,139.75,5,139.85,1,139.85,139.75,139.75,5,,,,,,,,,,,,,,,,,,,139.85,1,139.86,2,139.87,5,139.88,3,139.89,2,139.9,2,139.92,2,139.93,1,139.94,1,139.95,2
2020-10-29 09:37:26,139.795,139.8,1,139.75,5,139.84,2,139.84,139.75,139.75,5,,,,,,,,,,,,,,,,,,,139.84,2,139.85,1,139.86,2,139.87,5,139.88,3,139.89,2,139.9,2,139.92,2,139.93,1,139.94,1
2020-10-29 09:37:27,139.775,139.75,3,139.75,2,139.8,1,139.8,139.75,139.75,2,,,,,,,,,,,,,,,,,,,139.8,1,139.81,2,139.82,1,139.84,1,139.85,1,139.86,2,139.87,5,139.88,3,139.89,2,139.9,2
2020-10-29 09:37:28,139.795,139.75,3,139.75,2,139.84,1,139.84,139.75,139.75,2,,,,,,,,,,,,,,,,,,,139.84,1,139.85,1,139.86,2,139.87,5,139.88,3,139.89,2,139.9,2,139.92,2,139.93,1,139.94,1
2020-10-29 09:37:29,139.78,139.75,1,139.75,1,139.81,2,139.81,139.75,139.75,1,,,,,,,,,,,,,,,,,,,139.81,2,139.82,2,139.84,1,139.85,1,139.86,2,139.87,5,139.88,3,139.89,2,139.9,2,139.92,2
2020-10-29 09:37:30,139.76,139.75,1,139.71,1,139.81,1,139.81,139.71,139.71,1,,,,,,,,,,,,,,,,,,,139.81,1,139.82,2,139.84,1,139.85,1,139.86,2,139.87,5,139.88,3,139.89,2,139.9,2,139.92,2
2020-10-29 09:37:31,139.75,139.75,1,139.71,1,139.79,1,139.79,139.71,139.71,1,,,,,,,,,,,,,,,,,,,139.79,1,139.8,2,139.81,1,139.82,2,139.84,1,139.85,1,139.86,2,139.87,5,139.88,3,139.89,2
2020-10-29 09:37:32,139.745,139.75,1,139.71,1,139.78,1,139.78,139.71,139.71,1,,,,,,,,,,,,,,,,,,,139.78,1,139.79,1,139.8,2,139.81,1,139.82,2,139.84,1,139.85,1,139.86,2,139.87,5,139.88,3
2020-10-29 09:37:33,139.75,139.75,1,139.71,1,139.79,1,139.79,139.71,139.71,1,,,,,,,,,,,,,,,,,,,139.79,1,139.8,2,139.81,1,139.82,2,139.84,1,139.85,1,139.86,2,139.87,5,139.88,3,139.89,2
2020-10-29 09:37:34,139.745,139.75,1,139.71,1,139.78,1,139.78,139.71,139.71,1,,,,,,,,,,,,,,,,,,,139.78,1,139.79,1,139.8,1,139.81,1,139.82,2,139.84,1,139.85,1,139.86,2,139.87,5,139.88,3
2020-10-29 09:37:35,139.75,139.75,1,139.71,1,139.79,1,139.79,139.71,139.71,1,,,,,,,,,,,,,,,,,,,139.79,1,139.8,1,139.81,1,139.82,2,139.84,1,139.85,1,139.86,2,139.87,5,139.88,3,139.89,2
2020-10-29 09:37:36,139.765,139.75,1,139.71,1,139.82,2,139.82,139.71,139.71,1,,,,,,,,,,,,,,,,,,,139.82,2,139.83,2,139.84,1,139.85,1,139.86,2,139.87,5,139.88,3,139.89,2,139.9,2,139.92,2
2020-10-29 09:37:37,139.77,139.75,1,139.71,1,139.83,2,139.83,139.71,139.71,1,,,,,,,,,,,,,,,,,,,139.83,2,139.84,1,139.85,1,139.86,2,139.87,5,139.88,3,139.89,2,139.9,2,139.92,2,139.93,1
2020-10-29 09:37:38,139.77,139.75,1,139.71,1,139.83,1,139.83,139.71,139.71,1,,,,,,,,,,,,,,,,,,,139.83,1,139.84,1,139.85,1,139.86,2,139.87,5,139.88,3,139.89,2,139.9,2,139.92,2,139.93,1
2020-10-29 09:37:39,139.77,139.75,1,139.71,1,139.83,3,139.83,139.71,139.71,1,,,,,,,,,,,,,,,,,,,139.83,3,139.84,1,139.85,1,139.86,2,139.87,5,139.88,3,139.89,2,139.9,2,139.92,2,139.93,1
2020-10-29 09:37:40,139.77,139.75,1,139.71,1,139.83,2,139.83,139.71,139.71,1,,,,,,,,,,,,,,,,,,,139.83,2,139.84,1,139.85,1,139.86,2,139.87,5,139.88,3,139.89,2,139.9,2,139.92,2,139.93,1
2020-10-29 09:37:41,139.79,139.75,1,139.75,2,139.83,2,139.83,139.75,139.75,2,139.71,3,,,,,,,,,,,,,,,,,139.83,2,139.84,1,139.85,1,139.86,2,139.87,5,139.88,3,139.89,2,139.9,2,139.92,2,139.93,1
2020-10-29 09:37:42,139.79,139.75,1,139.75,2,139.83,2,139.83,139.75,139.75,2,139.71,3,,,,,,,,,,,,,,,,,139.83,2,139.84,1,139.85,1,139.86,2,139.87,5,139.88,3,139.89,2,139.9,2,139.92,2,139.93,1
2020-10-29 09:37:43,139.79,139.75,1,139.75,2,139.83,3,139.83,139.75,139.75,2,139.71,3,,,,,,,,,,,,,,,,,139.83,3,139.84,1,139.85,1,139.86,2,139.87,5,139.88,3,139.89,2,139.9,2,139.92,2,139.93,1
2020-10-29 09:37:44,139.79,139.75,1,139.75,5,139.83,2,139.83,139.75,139.75,5,139.71,3,,,,,,,,,,,,,,,,,139.83,2,139.84,1,139.85,1,139.86,2,139.87,5,139.88,3,139.89,2,139.9,2,139.92,2,139.93,1
2020-10-29 09:37:45,139.79,139.75,1,139.75,4,139.83,2,139.83,139.75,139.75,4,139.71,3,,,,,,,,,,,,,,,,,139.83,2,139.84,1,139.85,1,139.86,2,139.87,5,139.88,3,139.89,2,139.9,2,139.92,2,139.93,1
2020-10-29 09:37:46,139.79,139.75,1,139.75,5,139.83,3,139.83,139.75,139.75,5,139.71,3,,,,,,,,,,,,,,,,,139.83,3,139.84,1,139.85,1,139.86,2,139.87,5,139.88,3,139.89,2,139.9,2,139.92,2,139.93,1
2020-10-29 09:37:47,139.79,139.75,1,139.75,5,139.83,3,139.83,139.75,139.75,5,139.71,3,,,,,,,,,,,,,,,,,139.83,3,139.84,1,139.85,1,139.86,2,139.87,5,139.88,3,139.89,2,139.9,2,139.92,2,139.93,1
2020-10-29 09:37:48,139.79,139.75,1,139.75,5,139.83,2,139.83,139.75,139.75,5,139.71,3,,,,,,,,,,,,,,,,,139.83,2,139.84,1,139.85,1,139.86,2,139.87,5,139.88,3,139.89,2,139.9,2,139.92,2,139.93,1
2020-10-29 09:37:49,139.79,139.75,1,139.75,5,139.83,2,139.83,139.75,139.75,5,139.71,3,,,,,,,,,,,,,,,,,139.83,2,139.84,1,139.85,1,139.86,2,139.87,5,139.88,3,139.89,2,139.9,2,139.92,2,139.93,1
2020-10-29 09:37:50,139.785,139.75,1,139.75,3,139.82,2,139.82,139.75,139.75,3,139.71,3,,,,,,,,,,,,,,,,,139.82,2,139.83,4,139.84,1,139.85,1,139.86,2,139.87,5,139.88,3,139.89,2,139.9,2,139.92,2
2020-10-29 09:37:51,139.67,139.7,7,139.62,1,139.72,1,139.72,139.62,139.62,1,,,,,,,,,,,,,,,,,,,139.72,1,139.75,2,139.79,1,139.8,2,139.82,2,139.83,4,139.84,1,139.85,1,139.86,2,139.87,5
2020-10-29 09:37:52,139.66,139.7,7,139.62,1,139.7,1,139.7,139.62,139.62,1,,,,,,,,,,,,,,,,,,,139.7,1,139.71,2,139.72,2,139.75,2,139.79,1,139.8,2,139.82,2,139.83,4,139.84,1,139.85,1
2020-10-29 09:37:53,139.665,139.7,7,139.62,1,139.71,2,139.71,139.62,139.62,1,,,,,,,,,,,,,,,,,,,139.71,2,139.72,2,139.75,2,139.79,1,139.8,2,139.82,2,139.83,4,139.84,1,139.85,1,139.86,2
2020-10-29 09:37:54,139.665,139.7,7,139.62,1,139.71,2,139.71,139.62,139.62,1,,,,,,,,,,,,,,,,,,,139.71,2,139.72,2,139.75,2,139.79,1,139.8,2,139.82,2,139.83,4,139.84,1,139.85,1,139.86,2
2020-10-29 09:37:55,139.655,139.7,7,139.6,6,139.71,2,139.71,139.6,139.6,6,,,,,,,,,,,,,,,,,,,139.71,2,139.72,2,139.73,1,139.76,2,139.79,1,139.8,2,139.82,2,139.83,4,139.84,1,139.85,1
2020-10-29 09:37:56,139.64,139.7,7,139.6,6,139.68,1,139.68,139.6,139.6,6,,,,,,,,,,,,,,,,,,,139.68,1,139.72,1,139.73,1,139.76,2,139.79,1,139.8,2,139.82,2,139.83,4,139.84,1,139.85,1
2020-10-29 09:37:57,139.615,139.6,2,139.55,2,139.68,3,139.68,139.55,139.55,2,,,,,,,,,,,,,,,,,,,139.68,3,139.72,1,139.73,1,139.76,2,139.79,1,139.8,2,139.82,2,139.83,4,139.84,1,139.85,1
2020-10-29 09:37:58,139.63,139.6,2,139.59,1,139.67,1,139.67,139.59,139.59,1,139.55,2,,,,,,,,,,,,,,,,,139.67,1,139.68,3,139.72,1,139.73,1,139.76,2,139.79,1,139.8,2,139.82,2,139.83,4,139.84,1
2020-10-29 09:37:59,139.64,139.6,2,139.6,1,139.68,2,139.68,139.6,139.6,1,139.55,2,,,,,,,,,,,,,,,,,139.68,2,139.72,1,139.73,1,139.76,2,139.79,1,139.8,2,139.82,2,139.83,4,139.84,1,139.85,1
2020-10-29 09:38:00,139.64,139.6,2,139.6,1,139.68,2,139.68,139.6,139.6,1,139.55,2,,,,,,,,,,,,,,,,,139.68,2,139.72,1,139.73,1,139.76,2,139.79,1,139.8,2,139.82,2,139.83,4,139.84,1,139.85,1
2020-10-29 09:38:01,139.64,139.6,2,139.6,1,139.68,2,139.68,139.6,139.6,1,139.55,2,,,,,,,,,,,,,,,,,139.68,2,139.72,1,139.73,1,139.76,2,139.79,1,139.8,2,139.82,2,139.83,4,139.84,1,139.85,1
2020-10-29 09:38:02,139.68,139.6,2,139.6,1,139.76,1,139.76,139.6,139.6,1,139.55,2,,,,,,,,,,,,,,,,,139.76,1,139.79,1,139.8,2,139.82,2,139.83,4,139.84,1,139.85,1,139.86,2,139.87,5,139.88,3
2020-10-29 09:38:03,139.705,139.6,2,139.65,1,139.76,1,139.76,139.65,139.65,1,139.55,2,,,,,,,,,,,,,,,,,139.76,1,139.79,1,139.8,2,139.82,2,139.83,4,139.84,1,139.85,1,139.86,2,139.87,5,139.88,3
