sim_time,mid_price,last_price,last_size,best_bid_price,best_bid_size,best_ask_price,best_ask_size,close_price_buy,close_price_sell,bid1_price,bid1_size,bid2_price,bid2_size,bid3_price,bid3_size,bid4_price,bid4_size,bid5_price,bid5_size,bid6_price,bid6_size,bid7_price,bid7_size,bid8_price,bid8_size,bid9_price,bid9_size,bid10_price,bid10_size,ask1_price,ask1_size,ask2_price,ask2_size,ask3_price,ask3_size,ask4_price,ask4_size,ask5_price,ask5_size,ask6_price,ask6_size,ask7_price,ask7_size,ask8_price,ask8_size,ask9_price,ask9_size,ask10_price,ask10_size
2026-01-16 09:30:36,258.49,258.49,2,258.45,400,258.53,400,258.53,258.45,258.45,400,258.44,1400,258.42,200,258.39,700,258.38,2000,258.37,200,258.36,400,258.34,400,258.3,500,258.29,300,258.53,400,258.55,500,,,,,,,,,,,,,,,,
2026-01-16 09:30:37,258.345,258.35,1,258.25,700,258.44,600,258.44,258.25,258.25,700,258.23,100,258.22,1600,258.21,700,258.2,700,258.19,800,258.18,800,258.17,600,258.16,400,258.15,1000,258.44,600,258.45,500,258.48,1200,258.52,300,258.53,700,258.55,500,,,,,,,,
2026-01-16 09:30:38,258.375,258.27,1,258.3,200,258.45,1000,258.45,258.3,258.3,200,258.28,800,258.27,100,258.25,100,258.23,200,258.22,1600,258.21,700,258.2,700,258.19,800,258.18,800,258.45,1000,258.48,1200,258.52,300,258.53,700,258.55,500,,,,,,,,,,
2026-01-16 09:30:38,258.225,258.22,1,258.16,500,258.29,800,258.29,258.16,258.16,500,258.15,700,258.13,300,258.05,800,258.04,800,258.02,200,258.01,600,258.0,1800,257.9,100,257.88,200,258.29,800,258.3,200,258.31,200,258.32,300,258.36,200,258.45,1100,258.48,1200,258.52,300,258.53,700,258.55,500
2026-01-16 09:30:39,258.22,258.29,1,258.15,1200,258.29,1100,258.29,258.15,258.15,1200,258.13,300,258.05,800,258.04,800,258.02,200,258.01,600,258.0,1800,257.9,100,257.88,200,257.85,100,258.29,1100,258.3,200,258.31,200,258.32,300,258.36,200,258.45,1100,258.48,1200,258.52,300,258.53,700,258.55,500
2026-01-16 09:30:39,258.22,258.22,5,258.15,1200,258.29,1100,258.29,258.15,258.15,1200,258.13,300,258.05,800,258.04,800,258.02,200,258.01,600,258.0,1800,257.9,100,257.88,200,257.85,100,258.29,1100,258.3,200,258.31,200,258.32,300,258.36,200,258.45,1100,258.48,1200,258.52,300,258.53,700,258.55,500
2026-01-16 09:30:41,258.155,258.17,2,258.1,1100,258.21,400,258.21,258.1,258.1,1100,258.09,600,258.08,1100,258.07,500,258.06,700,258.05,800,258.04,800,258.02,200,258.01,600,258.0,1800,258.21,400,258.22,1200,258.25,100,258.26,100,258.29,1100,258.3,200,258.31,200,258.32,300,258.36,200,258.45,1100
2026-01-16 09:30:43,258.16,258.16,17,258.11,500,258.21,200,258.21,258.11,258.11,500,258.1,500,258.07,600,258.06,700,258.05,800,258.04,800,258.02,200,258.01,600,258.0,1800,257.9,100,258.21,200,258.22,1000,258.23,300,258.24,100,258.25,200,258.32,300,258.36,200,258.45,1100,258.48,1200,258.52,300
2026-01-16 09:30:44,258.13,258.07,1,258.08,500,258.18,300,258.18,258.08,258.08,500,258.07,1000,258.06,700,258.05,800,258.04,800,258.02,200,258.01,600,258.0,1800,257.9,100,257.88,200,258.18,300,258.2,100,258.21,300,258.22,1000,258.23,300,258.24,100,258.25,200,258.32,300,258.36,200,258.45,1100
2026-01-16 09:30:45,258.105,258.07,1,258.05,400,258.16,800,258.16,258.05,258.05,400,258.04,700,258.02,600,258.01,900,258.0,1800,257.9,100,257.88,200,257.85,100,,,,,258.16,800,258.18,700,258.2,100,258.21,300,258.22,1000,258.23,300,258.24,100,258.25,200,258.32,300,258.36,200
2026-01-16 09:30:46,258.15,258.19,2,258.09,100,258.21,500,258.21,258.09,258.09,100,258.06,400,258.05,700,258.04,700,258.02,600,258.01,900,258.0,1800,257.9,100,257.88,200,257.85,100,258.21,500,258.23,100,258.25,100,258.32,600,258.36,200,258.45,1100,258.48,1200,258.52,300,258.53,700,258.55,500
2026-01-16 09:30:47,258.21,258.19,1,258.15,300,258.27,500,258.27,258.15,258.15,300,258.13,100,258.09,400,258.06,400,258.05,700,258.04,700,258.02,600,258.01,900,258.0,1800,257.9,100,258.27,500,258.28,1000,258.32,600,258.36,200,258.45,1100,258.48,1200,258.52,300,258.53,700,258.55,500,,
2026-01-16 09:30:48,258.235,258.2,1,258.2,500,258.27,900,258.27,258.2,258.2,500,258.16,400,258.15,300,258.13,100,258.09,400,258.06,400,258.05,700,258.04,700,258.02,600,258.01,900,258.27,900,258.28,1000,258.32,600,258.36,200,258.45,1100,258.48,1200,258.52,300,258.53,700,258.55,500,,
2026-01-16 09:30:49,258.235,258.24,1,258.2,1300,258.27,900,258.27,258.2,258.2,1300,258.16,400,258.15,300,258.13,100,258.09,400,258.06,400,258.05,700,258.04,700,258.02,600,258.01,900,258.27,900,258.28,1000,258.32,600,258.36,200,258.45,1100,258.48,1200,258.52,300,258.53,700,258.55,500,,
2026-01-16 09:30:50,258.235,258.24,1,258.2,1900,258.27,1200,258.27,258.2,258.2,1900,258.16,400,258.15,300,258.13,100,258.09,400,258.06,400,258.05,700,258.04,700,258.02,600,258.01,900,258.27,1200,258.28,1000,258.32,600,258.36,200,258.45,1100,258.48,1200,258.52,300,258.53,700,258.55,500,,
2026-01-16 09:30:51,258.37,258.37,6,258.33,900,258.41,500,258.41,258.33,258.33,900,258.32,200,258.31,600,258.3,300,258.29,1300,258.28,300,258.27,200,258.26,900,258.24,100,258.21,200,258.41,500,258.45,1100,258.48,1200,258.52,300,258.53,700,258.55,500,,,,,,,,
2026-01-16 09:30:52,258.45,258.41,1,258.4,700,258.5,600,258.5,258.4,258.4,700,258.37,700,258.34,100,258.33,1700,258.32,200,258.31,600,258.3,300,258.29,1300,258.28,300,258.27,200,258.5,600,258.52,300,258.53,700,258.55,500,,,,,,,,,,,,
2026-01-16 09:30:53,258.45,258.45,4,258.4,700,258.5,800,258.5,258.4,258.4,700,258.37,700,258.34,100,258.33,1700,258.32,200,258.31,600,258.3,300,258.29,1300,258.28,300,258.27,200,258.5,800,258.52,300,258.53,700,258.55,500,,,,,,,,,,,,
2026-01-16 09:30:54,258.46,258.46,1,258.42,200,258.5,800,258.5,258.42,258.42,200,258.41,1300,258.39,300,258.37,700,258.34,100,258.33,1700,258.32,200,258.31,600,258.3,300,258.29,1300,258.5,800,258.52,300,258.53,700,258.55,500,,,,,,,,,,,,
2026-01-16 09:30:55,258.575,258.57,1,258.54,600,258.61,500,258.61,258.54,258.54,600,258.53,700,258.52,200,258.51,600,258.5,500,258.49,100,258.48,100,258.47,600,258.44,700,258.43,300,258.61,500,,,,,,,,,,,,,,,,,,
2026-01-16 09:30:56,258.59,258.58,9,258.55,700,258.63,200,258.63,258.55,258.55,700,258.54,400,258.53,700,258.52,200,258.51,600,258.5,500,258.49,100,258.48,100,258.47,600,258.44,700,258.63,200,258.64,400,258.65,400,,,,,,,,,,,,,,
2026-01-16 09:30:57,258.59,258.59,2,258.55,700,258.63,400,258.63,258.55,258.55,700,258.54,400,258.53,700,258.52,200,258.51,600,258.5,500,258.49,100,258.48,100,258.47,600,258.44,700,258.63,400,258.64,400,258.65,400,,,,,,,,,,,,,,
2026-01-16 09:30:58,258.585,258.62,1,258.55,700,258.62,1200,258.62,258.55,258.55,700,258.54,400,258.53,700,258.52,200,258.51,600,258.5,500,258.49,100,258.48,100,258.47,600,258.44,700,258.62,1200,258.63,200,258.64,400,258.65,400,,,,,,,,,,,,
2026-01-16 09:30:59,258.555,258.55,1,258.54,200,258.57,500,258.57,258.54,258.54,200,258.53,600,258.52,200,258.51,600,258.5,500,258.49,100,258.48,100,258.47,600,258.44,700,258.43,300,258.57,500,258.58,300,258.62,1500,258.63,200,258.64,400,258.65,400,,,,,,,,
2026-01-16 09:31:00,258.59,258.56,2,258.56,500,258.62,1500,258.62,258.56,258.56,500,258.52,200,258.51,500,258.5,400,258.49,400,258.48,100,258.45,300,258.44,700,258.43,300,258.42,200,258.62,1500,258.63,200,258.64,400,258.65,400,,,,,,,,,,,,
2026-01-16 09:31:01,258.68,258.68,1,258.65,100,258.71,800,258.71,258.65,258.65,100,258.64,1000,258.57,300,258.55,300,258.52,200,258.51,500,258.5,900,258.49,400,258.48,100,258.45,300,258.71,800,258.72,1500,258.73,2000,,,,,,,,,,,,,,
2026-01-16 09:31:02,258.595,258.55,1,258.55,300,258.64,500,258.64,258.55,258.55,300,258.52,200,258.51,500,258.5,900,258.49,400,258.48,100,258.45,300,258.44,700,258.43,300,258.42,200,258.64,500,258.66,9700,258.7,400,258.71,800,258.72,1500,258.73,2000,,,,,,,,
2026-01-16 09:31:03,258.56,258.59,1,258.51,200,258.61,500,258.61,258.51,258.51,200,258.5,1000,258.49,400,258.48,100,258.45,300,258.44,700,258.43,300,258.42,200,258.41,1300,258.39,300,258.61,500,258.63,600,258.64,400,258.66,9700,258.7,400,258.71,800,258.72,1500,258.73,2000,,,,
2026-01-16 09:31:04,258.55,258.53,1,258.51,800,258.59,500,258.59,258.51,258.51,800,258.5,1000,258.49,400,258.48,100,258.45,300,258.44,700,258.43,300,258.42,200,258.41,1300,258.39,300,258.59,500,258.6,100,258.61,800,258.63,600,258.64,400,258.66,9700,258.7,400,258.71,800,258.72,1500,258.73,2000
2026-01-16 09:31:05,258.49,258.52,4,258.45,600,258.53,200,258.53,258.45,258.45,600,258.44,600,258.43,600,258.42,200,258.41,1400,258.39,300,258.37,700,258.34,100,258.33,1700,258.32,200,258.53,200,258.55,500,258.59,600,258.6,100,258.61,800,258.63,600,258.64,400,258.66,9700,258.7,400,258.71,800
2026-01-16 09:31:06,258.52,258.5,1,258.47,1100,258.57,100,258.57,258.47,258.47,1100,258.46,500,258.45,500,258.44,600,258.43,600,258.42,200,258.41,1400,258.39,300,258.37,700,258.34,100,258.57,100,258.58,100,258.6,100,258.61,800,258.63,600,258.64,400,258.66,9700,258.7,400,258.71,800,258.72,1500
2026-01-16 09:31:07,258.48,258.46,1,258.45,500,258.51,300,258.51,258.45,258.45,500,258.44,600,258.43,600,258.42,200,258.41,1400,258.39,300,258.37,700,258.34,100,258.33,1700,258.32,200,258.51,300,258.57,100,258.58,600,258.6,100,258.61,800,258.63,600,258.64,400,258.66,9700,258.7,400,258.71,800
2026-01-16 09:31:08,258.455,258.45,1,258.41,1200,258.5,300,258.5,258.41,258.41,1200,258.39,300,258.37,700,258.34,100,258.33,1700,258.32,200,258.31,600,258.3,300,258.29,1300,258.28,300,258.5,300,258.51,500,258.57,100,258.58,600,258.6,100,258.61,800,258.63,600,258.64,400,258.66,9700,258.7,400
2026-01-16 09:31:09,258.475,258.47,3,258.44,500,258.51,500,258.51,258.44,258.44,500,258.43,500,258.42,400,258.41,1200,258.39,300,258.37,700,258.34,100,258.33,1700,258.32,200,258.31,600,258.51,500,258.57,100,258.58,600,258.6,100,258.61,800,258.63,600,258.64,400,258.66,9700,258.7,400,258.71,800
2026-01-16 09:31:10,258.41,258.39,1,258.39,700,258.43,100,258.43,258.39,258.39,700,258.38,300,258.37,800,258.36,600,258.35,300,258.34,100,258.33,1700,258.32,200,258.31,600,258.3,300,258.43,100,258.46,600,258.47,600,258.51,600,258.57,100,258.58,600,258.6,100,258.61,800,258.63,600,258.64,400
2026-01-16 09:31:11,258.47,258.47,1,258.43,900,258.51,800,258.51,258.43,258.43,900,258.42,600,258.41,200,258.39,400,258.38,800,258.37,800,258.36,600,258.35,300,258.34,100,258.33,1700,258.51,800,258.57,100,258.58,600,258.6,100,258.61,800,258.63,600,258.64,400,258.66,9700,258.7,400,258.71,800
2026-01-16 09:31:12,258.445,258.42,1,258.43,700,258.46,300,258.46,258.43,258.43,700,258.42,600,258.41,200,258.39,400,258.38,800,258.37,800,258.36,600,258.35,300,258.34,100,258.33,1700,258.46,300,258.5,100,258.51,800,258.57,100,258.58,600,258.6,100,258.61,800,258.63,600,258.64,400,258.66,9700
2026-01-16 09:31:13,258.445,258.42,1,258.39,400,258.5,300,258.5,258.39,258.39,400,258.38,800,258.37,800,258.36,600,258.35,300,258.34,100,258.33,1700,258.32,200,258.31,600,258.3,300,258.5,300,258.51,800,258.57,100,258.58,600,258.6,100,258.61,800,258.63,600,258.64,400,258.66,9700,258.7,400
2026-01-16 09:31:14,258.42,258.4,2,258.38,300,258.46,600,258.46,258.38,258.38,300,258.37,400,258.36,600,258.35,300,258.34,100,258.33,1700,258.32,200,258.31,600,258.3,300,258.29,1300,258.46,600,258.47,100,258.5,300,258.51,800,258.57,100,258.58,600,258.6,100,258.61,800,258.63,600,258.64,400
2026-01-16 09:31:15,258.37,258.38,1,258.31,900,258.43,500,258.43,258.31,258.31,900,258.3,300,258.29,1300,258.28,300,258.27,200,258.26,900,258.24,100,258.21,200,258.2,1900,258.16,400,258.43,500,258.44,100,258.45,500,258.46,700,258.47,100,258.5,300,258.51,800,258.57,100,258.58,600,258.6,100
2026-01-16 09:31:16,258.375,258.38,1,258.31,900,258.44,100,258.44,258.31,258.31,900,258.3,300,258.29,1300,258.28,300,258.27,200,258.26,900,258.24,100,258.21,200,258.2,1900,258.16,400,258.44,100,258.45,500,258.46,700,258.47,100,258.5,300,258.51,800,258.57,100,258.58,600,258.6,100,258.61,800
2026-01-16 09:31:17,258.3,258.31,1,258.25,200,258.35,600,258.35,258.25,258.25,200,258.24,200,258.21,500,258.2,1900,258.16,400,258.15,300,258.13,100,258.09,400,258.06,400,258.05,700,258.35,600,258.38,100,258.44,700,258.45,500,258.46,700,258.47,100,258.5,300,258.51,800,258.57,100,258.58,600
2026-01-16 09:31:18,258.305,258.24,1,258.26,200,258.35,800,258.35,258.26,258.26,200,258.25,300,258.22,600,258.21,800,258.2,2200,258.16,400,258.15,300,258.13,100,258.09,400,258.06,400,258.35,800,258.38,100,258.44,700,258.45,500,258.46,700,258.47,100,258.5,300,258.51,800,258.57,100,258.58,600
2026-01-16 09:31:19,258.305,258.31,2,258.27,600,258.34,600,258.34,258.27,258.27,600,258.26,400,258.25,300,258.22,600,258.21,800,258.2,2200,258.16,400,258.15,300,258.13,100,258.09,400,258.34,600,258.35,1300,258.38,100,258.44,700,258.45,500,258.46,700,258.47,100,258.5,300,258.51,800,258.57,100
2026-01-16 09:31:20,258.255,258.26,1,258.21,600,258.3,200,258.3,258.21,258.21,600,258.2,2200,258.16,400,258.15,300,258.13,100,258.09,400,258.06,400,258.05,700,258.04,700,258.02,600,258.3,200,258.31,700,258.34,600,258.35,1300,258.38,100,258.44,700,258.45,500,258.46,700,258.47,100,258.5,300
2026-01-16 09:31:21,258.285,258.27,2,258.23,600,258.34,600,258.34,258.23,258.23,600,258.21,400,258.2,2200,258.16,400,258.15,300,258.13,100,258.09,400,258.06,400,258.05,700,258.04,700,258.34,600,258.35,1300,258.38,100,258.44,700,258.45,500,258.46,700,258.47,100,258.5,300,258.51,800,258.57,100
2026-01-16 09:31:22,258.335,258.31,1,258.28,1000,258.39,500,258.39,258.28,258.28,1000,258.23,700,258.21,400,258.2,2200,258.16,400,258.15,300,258.13,100,258.09,400,258.06,400,258.05,700,258.39,500,258.44,700,258.45,500,258.46,700,258.47,100,258.5,300,258.51,800,258.57,100,258.58,600,258.6,100
2026-01-16 09:31:23,258.335,258.31,1,258.28,1400,258.39,500,258.39,258.28,258.28,1400,258.23,700,258.21,400,258.2,2200,258.16,400,258.15,300,258.13,100,258.09,400,258.06,400,258.05,700,258.39,500,258.44,700,258.45,500,258.46,700,258.47,100,258.5,300,258.51,800,258.57,100,258.58,600,258.6,100
2026-01-16 09:31:24,258.235,258.2,1,258.2,300,258.27,200,258.27,258.2,258.2,300,258.19,300,258.15,600,258.13,100,258.09,400,258.06,400,258.05,700,258.04,700,258.02,600,258.01,900,258.27,200,258.3,400,258.31,100,258.32,100,258.33,2000,258.39,700,258.44,700,258.45,500,258.46,700,258.47,100
2026-01-16 09:31:25,258.3,258.3,1,258.25,300,258.35,300,258.35,258.25,258.25,300,258.24,600,258.23,200,258.2,700,258.19,300,258.15,600,258.13,100,258.09,400,258.06,400,258.05,700,258.35,300,258.36,700,258.37,200,258.4,400,258.44,700,258.45,500,258.46,700,258.47,100,258.5,300,258.51,800
2026-01-16 09:31:26,258.295,258.3,2,258.25,500,258.34,500,258.34,258.25,258.25,500,258.24,600,258.23,200,258.2,700,258.19,300,258.15,600,258.13,100,258.09,400,258.06,400,258.05,700,258.34,500,258.35,500,258.36,700,258.37,200,258.4,400,258.44,700,258.45,500,258.46,700,258.47,100,258.5,300
2026-01-16 09:31:27,258.305,258.31,1,258.26,500,258.35,400,258.35,258.26,258.26,500,258.25,600,258.24,600,258.23,200,258.2,700,258.19,300,258.15,600,258.13,100,258.09,400,258.06,400,258.35,400,258.36,700,258.37,200,258.4,400,258.44,700,258.45,500,258.46,700,258.47,100,258.5,300,258.51,800
2026-01-16 09:31:28,258.34,258.36,3,258.31,800,258.37,100,258.37,258.31,258.31,800,258.27,300,258.26,500,258.25,600,258.24,600,258.23,200,258.2,700,258.19,300,258.15,600,258.13,100,258.37,100,258.38,300,258.39,400,258.4,400,258.44,700,258.45,500,258.46,700,258.47,100,258.5,300,258.51,800
2026-01-16 09:31:29,258.415,258.42,1,258.39,400,258.44,1000,258.44,258.39,258.39,400,258.38,100,258.37,300,258.35,400,258.34,100,258.31,1100,258.27,300,258.26,500,258.25,600,258.24,600,258.44,1000,258.45,500,258.46,700,258.47,100,258.5,300,258.51,800,258.57,100,258.58,600,258.6,100,258.61,800
2026-01-16 09:31:30,258.43,258.45,1,258.4,900,258.46,200,258.46,258.4,258.4,900,258.39,1000,258.38,100,258.37,300,258.35,400,258.34,100,258.31,1100,258.27,300,258.26,500,258.25,600,258.46,200,258.47,100,258.49,100,258.51,300,258.57,100,258.58,600,258.6,100,258.61,800,258.63,600,258.64,400
2026-01-16 09:31:31,258.43,258.43,3,258.4,800,258.46,400,258.46,258.4,258.4,800,258.39,1000,258.38,100,258.37,300,258.35,400,258.34,100,258.31,1100,258.27,300,258.26,500,258.25,600,258.46,400,258.47,100,258.49,100,258.51,300,258.57,100,258.58,600,258.6,100,258.61,800,258.63,600,258.64,400
2026-01-16 09:31:32,258.43,258.42,3,258.4,1000,258.46,400,258.46,258.4,258.4,1000,258.39,1000,258.38,100,258.37,300,258.35,400,258.34,100,258.31,1100,258.27,300,258.26,500,258.25,600,258.46,400,258.47,100,258.49,100,258.51,300,258.57,100,258.58,600,258.6,100,258.61,800,258.63,600,258.64,400
2026-01-16 09:31:33,258.645,258.67,1,258.62,1500,258.67,400,258.67,258.62,258.62,1500,258.59,100,258.58,800,258.55,500,258.54,100,258.51,500,258.48,200,258.47,200,258.46,200,258.44,100,258.67,400,258.7,400,258.71,800,258.72,1500,258.73,2000,,,,,,,,,,
2026-01-16 09:31:34,258.72,258.71,1,258.69,1500,258.75,300,258.75,258.69,258.69,1500,258.68,300,258.67,100,258.65,200,258.64,600,258.63,100,258.62,1600,258.59,100,258.58,800,258.55,500,258.75,300,258.76,100,,,,,,,,,,,,,,,,
2026-01-16 09:31:35,258.81,258.81,4,258.79,2500,258.83,200,258.83,258.79,258.79,2500,258.75,400,258.74,1400,258.73,100,258.72,200,258.71,200,258.7,1800,258.69,1500,258.68,300,258.67,100,258.83,200,258.86,200,,,,,,,,,,,,,,,,
2026-01-16 09:31:36,258.785,258.74,2,258.74,400,258.83,800,258.83,258.74,258.74,400,258.73,100,258.72,200,258.71,200,258.7,1800,258.69,1500,258.68,300,258.67,100,258.65,200,258.64,600,258.83,800,258.85,200,258.86,200,,,,,,,,,,,,,,
2026-01-16 09:31:37,258.695,258.72,1,258.66,400,258.73,100,258.73,258.66,258.66,400,258.65,200,258.64,600,258.63,100,258.62,1600,258.59,100,258.58,800,258.55,500,258.54,100,258.51,500,258.73,100,258.77,600,258.78,100,258.81,300,258.83,900,258.85,200,258.86,200,,,,,,
2026-01-16 09:31:38,258.695,258.7,2,258.66,500,258.73,300,258.73,258.66,258.66,500,258.65,200,258.64,600,258.63,100,258.62,1600,258.59,100,258.58,800,258.55,500,258.54,100,258.51,500,258.73,300,258.77,600,258.78,100,258.81,300,258.83,900,258.85,200,258.86,200,,,,,,
2026-01-16 09:31:39,258.73,258.73,1,258.69,400,258.77,700,258.77,258.69,258.69,400,258.66,600,258.65,200,258.64,600,258.63,100,258.62,1600,258.59,100,258.58,800,258.55,500,258.54,100,258.77,700,258.78,1100,258.8,400,258.81,300,258.83,900,258.85,200,258.86,200,,,,,,
2026-01-16 09:31:40,258.645,258.62,1,258.62,600,258.67,500,258.67,258.62,258.62,600,258.59,100,258.58,800,258.55,500,258.54,100,258.51,500,258.48,200,258.47,200,258.46,200,258.44,100,258.67,500,258.7,1100,258.73,800,258.74,200,258.75,300,258.76,200,258.77,800,258.78,1100,258.8,400,258.81,300
2026-01-16 09:31:41,258.7,258.69,1,258.65,900,258.75,900,258.75,258.65,258.65,900,258.64,200,258.63,600,258.62,700,258.59,100,258.58,800,258.55,500,258.54,100,258.51,500,258.48,200,258.75,900,258.76,200,258.77,800,258.78,1100,258.8,400,258.81,300,258.83,900,258.85,200,258.86,200,,
2026-01-16 09:31:42,258.705,258.7,1,258.67,100,258.74,500,258.74,258.67,258.67,100,258.66,200,258.65,1000,258.64,200,258.63,600,258.62,700,258.59,100,258.58,800,258.55,500,258.54,100,258.74,500,258.75,500,258.76,200,258.77,800,258.78,1100,258.8,400,258.81,300,258.83,900,258.85,200,258.86,200
2026-01-16 09:31:43,258.705,258.7,1,258.67,500,258.74,400,258.74,258.67,258.67,500,258.66,200,258.65,1000,258.64,200,258.63,600,258.62,700,258.59,100,258.58,800,258.55,500,258.54,100,258.74,400,258.75,500,258.76,200,258.77,800,258.78,1100,258.8,400,258.81,300,258.83,900,258.85,200,258.86,200
2026-01-16 09:31:44,258.785,258.8,1,258.74,500,258.83,900,258.83,258.74,258.74,500,258.72,200,258.69,100,258.68,200,258.67,500,258.66,200,258.65,1000,258.64,200,258.63,600,258.62,700,258.83,900,258.85,200,258.86,200,,,,,,,,,,,,,,
2026-01-16 09:31:45,258.785,258.83,1,258.74,700,258.83,700,258.83,258.74,258.74,700,258.72,200,258.69,100,258.68,200,258.67,500,258.66,200,258.65,1000,258.64,200,258.63,600,258.62,700,258.83,700,258.85,200,258.86,200,,,,,,,,,,,,,,
2026-01-16 09:31:46,258.785,258.74,10,258.74,700,258.83,700,258.83,258.74,258.74,700,258.72,200,258.69,100,258.68,200,258.67,500,258.66,200,258.65,1000,258.64,200,258.63,600,258.62,700,258.83,700,258.85,200,258.86,200,,,,,,,,,,,,,,
2026-01-16 09:31:47,258.705,258.73,1,258.67,700,258.74,800,258.74,258.67,258.67,700,258.66,200,258.65,1000,258.64,200,258.63,600,258.62,700,258.59,100,258.58,800,258.55,500,258.54,100,258.74,800,258.77,300,258.83,900,258.85,200,258.86,200,,,,,,,,,,
2026-01-16 09:31:48,258.635,258.61,1,258.58,500,258.69,100,258.69,258.58,258.58,500,258.57,500,258.55,800,258.54,100,258.51,500,258.48,200,258.47,200,258.46,200,258.44,100,258.43,200,258.69,100,258.71,200,258.73,100,258.74,800,258.77,300,258.83,900,258.85,200,258.86,200,,,,
2026-01-16 09:31:49,258.65,258.64,1,258.61,400,258.69,700,258.69,258.61,258.61,400,258.58,800,258.57,500,258.55,800,258.54,100,258.51,500,258.48,200,258.47,200,258.46,200,258.44,100,258.69,700,258.71,200,258.73,100,258.74,800,258.77,300,258.83,900,258.85,200,258.86,200,,,,
2026-01-16 09:31:50,258.73,258.76,1,258.66,700,258.8,400,258.8,258.66,258.66,700,258.65,400,258.61,1000,258.58,800,258.57,500,258.55,800,258.54,100,258.51,500,258.48,200,258.47,200,258.8,400,258.83,900,258.85,200,258.86,200,,,,,,,,,,,,
2026-01-16 09:31:51,258.775,258.77,1,258.74,200,258.81,100,258.81,258.74,258.74,200,258.73,500,258.67,100,258.66,900,258.65,400,258.61,1000,258.58,800,258.57,500,258.55,800,258.54,100,258.81,100,258.83,700,258.85,200,258.86,200,,,,,,,,,,,,
2026-01-16 09:31:52,258.775,258.77,2,258.73,500,258.82,400,258.82,258.73,258.73,500,258.67,100,258.66,900,258.65,400,258.61,1000,258.58,800,258.57,500,258.55,800,258.54,100,258.51,500,258.82,400,258.83,700,258.85,200,258.86,200,,,,,,,,,,,,
2026-01-16 09:31:53,258.73,258.7,1,258.67,700,258.79,100,258.79,258.67,258.67,700,258.66,900,258.65,400,258.61,1000,258.58,800,258.57,500,258.55,800,258.54,100,258.51,500,258.48,200,258.79,100,258.82,400,258.83,700,258.85,200,258.86,200,,,,,,,,,,
2026-01-16 09:31:54,258.725,258.67,1,258.67,1000,258.78,200,258.78,258.67,258.67,1000,258.66,900,258.65,400,258.61,1000,258.58,800,258.57,500,258.55,800,258.54,100,258.51,500,258.48,200,258.78,200,258.79,200,258.82,400,258.83,700,258.85,200,258.86,200,,,,,,,,
2026-01-16 09:31:55,258.73,258.75,4,258.68,400,258.78,400,258.78,258.68,258.68,400,258.67,1200,258.66,900,258.65,400,258.61,1000,258.58,800,258.57,500,258.55,800,258.54,100,258.51,500,258.78,400,258.79,200,258.82,400,258.83,700,258.85,200,258.86,200,,,,,,,,
2026-01-16 09:31:56,258.73,258.73,20,258.68,800,258.78,600,258.78,258.68,258.68,800,258.67,1200,258.66,900,258.65,400,258.61,1000,258.58,800,258.57,500,258.55,800,258.54,100,258.51,500,258.78,600,258.79,200,258.82,400,258.83,700,258.85,200,258.86,200,,,,,,,,
2026-01-16 09:31:57,258.72,258.69,1,258.68,600,258.76,500,258.76,258.68,258.68,600,258.67,1200,258.66,900,258.65,400,258.61,1000,258.58,800,258.57,500,258.55,800,258.54,100,258.51,500,258.76,500,258.78,700,258.79,200,258.82,400,258.83,700,258.85,200,258.86,200,,,,,,
2026-01-16 09:31:58,258.675,258.68,1,258.62,400,258.73,700,258.73,258.62,258.62,400,258.61,1000,258.58,800,258.57,500,258.55,800,258.54,100,258.51,500,258.48,200,258.47,200,258.46,200,258.73,700,258.75,300,258.76,500,258.78,700,258.79,200,258.82,400,258.83,700,258.85,200,258.86,200,,
2026-01-16 09:31:59,258.665,258.63,1,258.63,700,258.7,200,258.7,258.63,258.63,700,258.62,400,258.61,1000,258.58,800,258.57,500,258.55,800,258.54,100,258.51,500,258.48,200,258.47,200,258.7,200,258.73,600,258.75,300,258.76,500,258.78,700,258.79,200,258.82,400,258.83,700,258.85,200,258.86,200
2026-01-16 09:32:00,258.605,258.61,2,258.58,700,258.63,400,258.63,258.58,258.58,700,258.57,500,258.55,800,258.54,100,258.51,500,258.48,200,258.47,200,258.46,200,258.44,100,258.43,200,258.63,400,258.65,100,258.66,300,258.69,300,258.7,200,258.73,600,258.75,300,258.76,500,258.78,700,258.79,200
2026-01-16 09:32:01,258.51,258.54,2,258.47,400,258.55,600,258.55,258.47,258.47,400,258.46,200,258.44,100,258.43,200,258.4,1100,258.39,1000,258.38,100,258.37,300,258.35,400,258.34,100,258.55,600,258.56,500,258.57,100,258.6,900,258.61,200,258.62,400,258.63,400,258.65,100,258.66,300,258.69,300
2026-01-16 09:32:02,258.525,258.52,1,258.5,300,258.55,700,258.55,258.5,258.5,300,258.47,400,258.46,200,258.44,100,258.43,200,258.4,1100,258.39,1000,258.38,100,258.37,300,258.35,400,258.55,700,258.56,500,258.57,100,258.6,900,258.61,200,258.62,400,258.63,400,258.65,100,258.66,300,258.69,300
2026-01-16 09:32:03,258.515,258.51,1,258.49,200,258.54,100,258.54,258.49,258.49,200,258.48,600,258.47,400,258.46,200,258.44,100,258.43,200,258.4,1100,258.39,1000,258.38,100,258.37,300,258.54,100,258.55,700,258.56,500,258.57,100,258.6,900,258.61,200,258.62,400,258.63,400,258.65,100,258.66,300
2026-01-16 09:32:04,258.515,258.52,1,258.48,800,258.55,1000,258.55,258.48,258.48,800,258.47,400,258.46,200,258.44,100,258.43,200,258.4,1100,258.39,1000,258.38,100,258.37,300,258.35,400,258.55,1000,258.56,500,258.57,100,258.6,900,258.61,200,258.62,400,258.63,400,258.65,100,258.66,300,258.69,300
2026-01-16 09:32:05,258.38,258.39,1,258.35,6100,258.41,200,258.41,258.35,258.35,6100,258.34,100,258.31,1100,258.27,300,258.26,500,258.25,600,258.24,600,258.23,200,258.2,700,258.19,300,258.41,200,258.42,100,258.43,200,258.45,300,258.46,200,258.47,100,258.48,200,258.49,100,258.51,300,258.53,400
2026-01-16 09:32:06,258.47,258.5,1,258.41,400,258.53,100,258.53,258.41,258.41,400,258.4,400,258.39,400,258.38,600,258.37,200,258.36,1300,258.35,6200,258.34,100,258.31,1100,258.27,300,258.53,100,258.54,400,258.55,200,258.57,500,258.59,200,258.6,600,258.61,200,258.62,400,258.63,400,258.65,100
2026-01-16 09:32:07,258.52,258.52,1,258.47,800,258.57,1400,258.57,258.47,258.47,800,258.42,400,258.41,200,258.4,400,258.39,400,258.38,600,258.37,200,258.36,1300,258.35,6200,258.34,100,258.57,1400,258.59,200,258.6,600,258.61,200,258.62,400,258.63,400,258.65,100,258.66,300,258.69,300,258.7,200
2026-01-16 09:32:08,258.51,258.51,1,258.47,900,258.55,600,258.55,258.47,258.47,900,258.42,400,258.41,200,258.4,400,258.39,400,258.38,600,258.37,200,258.36,1300,258.35,6200,258.34,100,258.55,600,258.56,200,258.57,1400,258.59,200,258.6,600,258.61,200,258.62,400,258.63,400,258.65,100,258.66,300
2026-01-16 09:32:09,258.545,258.55,1,258.52,400,258.57,1400,258.57,258.52,258.52,400,258.5,1000,258.49,500,258.48,500,258.47,1000,258.42,400,258.41,200,258.4,400,258.39,400,258.38,600,258.57,1400,258.59,200,258.6,600,258.61,200,258.62,400,258.63,400,258.65,100,258.66,300,258.69,300,258.7,200
2026-01-16 09:32:10,258.545,258.52,1,258.52,500,258.57,1400,258.57,258.52,258.52,500,258.5,1000,258.49,500,258.48,500,258.47,1000,258.42,400,258.41,200,258.4,400,258.39,400,258.38,600,258.57,1400,258.59,200,258.6,600,258.61,200,258.62,400,258.63,400,258.65,100,258.66,300,258.69,300,258.7,200
2026-01-16 09:32:11,258.525,258.49,4,258.49,1200,258.56,300,258.56,258.49,258.49,1200,258.48,500,258.47,1000,258.42,400,258.41,200,258.4,400,258.39,400,258.38,600,258.37,200,258.36,1300,258.56,300,258.57,1400,258.59,200,258.6,600,258.61,200,258.62,400,258.63,400,258.65,100,258.66,300,258.69,300
2026-01-16 09:32:12,258.515,258.51,1,258.47,1000,258.56,600,258.56,258.47,258.47,1000,258.42,400,258.41,200,258.4,400,258.39,400,258.38,600,258.37,200,258.36,1300,258.35,6200,258.34,100,258.56,600,258.57,1400,258.59,200,258.6,600,258.61,200,258.62,400,258.63,400,258.65,100,258.66,300,258.69,300
2026-01-16 09:32:13,258.51,258.51,1,258.47,1000,258.55,300,258.55,258.47,258.47,1000,258.42,400,258.41,200,258.4,400,258.39,400,258.38,600,258.37,200,258.36,1300,258.35,6200,258.34,100,258.55,300,258.56,600,258.57,1400,258.59,200,258.6,600,258.61,200,258.62,400,258.63,400,258.65,100,258.66,300
2026-01-16 09:32:14,258.51,258.47,1,258.47,900,258.55,600,258.55,258.47,258.47,900,258.42,400,258.41,200,258.4,400,258.39,400,258.38,600,258.37,200,258.36,1300,258.35,6200,258.34,100,258.55,600,258.56,600,258.57,1400,258.59,200,258.6,600,258.61,200,258.62,400,258.63,400,258.65,100,258.66,300
2026-01-16 09:32:15,258.495,258.51,1,258.47,900,258.52,300,258.52,258.47,258.47,900,258.42,400,258.41,200,258.4,400,258.39,400,258.38,600,258.37,200,258.36,1300,258.35,6200,258.34,100,258.52,300,258.55,600,258.56,600,258.57,1400,258.59,200,258.6,600,258.61,200,258.62,400,258.63,400,258.65,100
2026-01-16 09:32:16,258.445,258.47,1,258.41,500,258.48,100,258.48,258.41,258.41,500,258.4,400,258.39,400,258.38,600,258.37,200,258.36,1300,258.35,6200,258.34,100,258.31,1100,258.27,300,258.48,100,258.49,200,258.5,100,258.52,400,258.55,600,258.56,600,258.57,1400,258.59,200,258.6,600,258.61,200
2026-01-16 09:32:17,258.58,258.58,1,258.57,300,258.59,100,258.59,258.57,258.57,300,258.56,100,258.55,200,258.54,100,258.53,300,258.52,400,258.51,200,258.5,100,258.49,500,258.48,200,258.59,100,258.6,600,258.61,200,258.62,400,258.63,400,258.65,100,258.66,300,258.69,300,258.7,200,258.73,600
2026-01-16 09:32:18,258.525,258.52,1,258.5,200,258.55,100,258.55,258.5,258.5,200,258.49,600,258.48,200,258.47,200,258.46,200,258.45,500,258.43,500,258.42,100,258.41,500,258.4,400,258.55,100,258.59,600,258.6,700,258.61,200,258.62,400,258.63,400,258.65,100,258.66,300,258.69,300,258.7,200
2026-01-16 09:32:19,258.52,258.52,1,258.49,200,258.55,200,258.55,258.49,258.49,200,258.48,200,258.47,200,258.46,200,258.45,500,258.43,500,258.42,100,258.41,500,258.4,400,258.39,400,258.55,200,258.56,400,258.57,200,258.59,200,258.6,300,258.61,200,258.62,400,258.63,400,258.65,100,258.66,300
2026-01-16 09:32:20,258.52,258.52,1,258.49,500,258.55,300,258.55,258.49,258.49,500,258.48,200,258.47,200,258.46,200,258.45,500,258.43,500,258.42,100,258.41,500,258.4,400,258.39,400,258.55,300,258.56,400,258.57,200,258.59,200,258.6,300,258.61,200,258.62,400,258.63,400,258.65,100,258.66,300
2026-01-16 09:32:21,258.465,258.47,1,258.45,500,258.48,300,258.48,258.45,258.45,500,258.43,500,258.42,100,258.41,500,258.4,400,258.39,400,258.38,600,258.37,200,258.36,1300,258.35,6200,258.48,300,258.5,100,258.51,200,258.55,500,258.56,400,258.57,200,258.59,200,258.6,300,258.61,200,258.62,400
2026-01-16 09:32:22,258.445,258.45,2,258.42,400,258.47,300,258.47,258.42,258.42,400,258.41,600,258.4,400,258.39,400,258.38,600,258.37,200,258.36,1300,258.35,6200,258.34,100,258.31,1100,258.47,300,258.48,1100,258.5,100,258.51,200,258.55,500,258.56,400,258.57,200,258.59,200,258.6,300,258.61,200
2026-01-16 09:32:23,258.495,258.47,1,258.47,300,258.52,300,258.52,258.47,258.47,300,258.46,100,258.45,300,258.44,200,258.43,200,258.42,400,258.41,600,258.4,400,258.39,400,258.38,600,258.52,300,258.55,500,258.56,400,258.57,200,258.59,200,258.6,300,258.61,200,258.62,400,258.63,400,258.65,100
2026-01-16 09:32:25,258.495,258.47,1,258.47,500,258.52,500,258.52,258.47,258.47,500,258.46,700,258.45,300,258.44,200,258.43,200,258.42,400,258.41,600,258.4,400,258.39,400,258.38,600,258.52,500,258.55,500,258.56,400,258.57,200,258.59,200,258.6,300,258.61,200,258.62,400,258.63,400,258.65,100
2026-01-16 09:32:26,258.525,258.54,1,258.5,100,258.55,900,258.55,258.5,258.5,100,258.49,100,258.48,900,258.47,600,258.46,700,258.45,300,258.44,200,258.43,200,258.42,400,258.41,600,258.55,900,258.56,400,258.57,200,258.59,200,258.6,300,258.61,200,258.62,400,258.63,400,258.65,100,258.66,300
2026-01-16 09:32:26,258.51,258.5,2,258.49,500,258.53,200,258.53,258.49,258.49,500,258.48,900,258.47,600,258.46,700,258.45,300,258.44,200,258.43,200,258.42,400,258.41,600,258.4,400,258.53,200,258.54,100,258.55,1100,258.56,400,258.57,200,258.59,200,258.6,300,258.61,200,258.62,400,258.63,400
2026-01-16 09:32:27,258.495,258.5,1,258.48,200,258.51,700,258.51,258.48,258.48,200,258.47,800,258.46,700,258.45,300,258.44,200,258.43,200,258.42,400,258.41,600,258.4,400,258.39,400,258.51,700,258.52,100,258.53,300,258.54,100,258.55,1100,258.56,400,258.57,200,258.59,200,258.6,300,258.61,200
2026-01-16 09:32:29,258.49,258.48,1,258.47,800,258.51,700,258.51,258.47,258.47,800,258.46,700,258.45,300,258.44,200,258.43,200,258.42,400,258.41,600,258.4,400,258.39,400,258.38,600,258.51,700,258.52,100,258.53,300,258.54,100,258.55,1100,258.56,400,258.57,200,258.59,200,258.6,300,258.61,200
2026-01-16 09:32:30,258.525,258.5,1,258.5,100,258.55,1100,258.55,258.5,258.5,100,258.49,700,258.48,500,258.47,1100,258.46,700,258.45,300,258.44,200,258.43,200,258.42,400,258.41,600,258.55,1100,258.56,400,258.57,200,258.59,200,258.6,300,258.61,200,258.62,400,258.63,400,258.65,100,258.66,300
2026-01-16 09:32:30,258.575,258.57,1,258.55,300,258.6,500,258.6,258.55,258.55,300,258.54,800,258.53,600,258.52,300,258.51,200,258.5,600,258.49,700,258.48,500,258.47,1100,258.46,700,258.6,500,258.61,200,258.62,400,258.63,400,258.65,100,258.66,300,258.69,300,258.7,200,258.73,600,258.75,300
2026-01-16 09:32:31,258.58,258.56,1,258.56,100,258.6,800,258.6,258.56,258.56,100,258.55,500,258.54,800,258.53,600,258.52,300,258.51,200,258.5,600,258.49,700,258.48,500,258.47,1100,258.6,800,258.61,200,258.62,400,258.63,400,258.65,100,258.66,300,258.69,300,258.7,200,258.73,600,258.75,300
2026-01-16 09:32:33,258.505,258.49,1,258.49,100,258.52,100,258.52,258.49,258.49,100,258.47,1100,258.46,700,258.45,300,258.44,200,258.43,200,258.42,400,258.41,600,258.4,400,258.39,400,258.52,100,258.53,200,258.54,500,258.58,500,258.6,700,258.61,200,258.62,400,258.63,400,258.65,100,258.66,300
2026-01-16 09:32:33,258.495,258.49,1,258.47,1200,258.52,200,258.52,258.47,258.47,1200,258.46,700,258.45,300,258.44,200,258.43,200,258.42,400,258.41,600,258.4,400,258.39,400,258.38,600,258.52,200,258.53,300,258.54,500,258.58,500,258.6,700,258.61,200,258.62,400,258.63,400,258.65,100,258.66,300
2026-01-16 09:32:35,258.49,258.47,1,258.47,100,258.51,700,258.51,258.47,258.47,100,258.46,800,258.45,300,258.44,200,258.43,200,258.42,400,258.41,600,258.4,400,258.39,400,258.38,600,258.51,700,258.52,200,258.53,300,258.54,500,258.58,500,258.6,700,258.61,200,258.62,400,258.63,400,258.65,100
2026-01-16 09:32:35,258.37,258.38,1,258.36,1400,258.38,100,258.38,258.36,258.36,1400,258.35,6200,258.34,100,258.31,1100,258.27,300,258.26,500,258.25,600,258.24,600,258.23,200,258.2,700,258.38,100,258.42,300,258.43,700,258.44,200,258.46,500,258.48,500,258.51,1000,258.52,200,258.53,300,258.54,500
2026-01-16 09:32:36,258.41,258.41,2,258.37,700,258.45,700,258.45,258.37,258.37,700,258.36,1200,258.35,6200,258.34,100,258.31,1100,258.27,300,258.26,500,258.25,600,258.24,600,258.23,200,258.45,700,258.46,500,258.48,500,258.51,1000,258.52,200,258.53,300,258.54,500,258.58,500,258.6,700,258.61,200
2026-01-16 09:32:37,258.41,258.41,1,258.37,700,258.45,700,258.45,258.37,258.37,700,258.36,1200,258.35,6200,258.34,100,258.31,1100,258.27,300,258.26,500,258.25,600,258.24,600,258.23,200,258.45,700,258.46,500,258.48,500,258.51,1000,258.52,200,258.53,300,258.54,500,258.58,500,258.6,700,258.61,200
2026-01-16 09:32:39,258.435,258.37,1,258.42,100,258.45,100,258.45,258.42,258.42,100,258.37,700,258.36,1200,258.35,6200,258.34,100,258.31,1100,258.27,300,258.26,500,258.25,600,258.24,600,258.45,100,258.46,400,258.48,500,258.51,1000,258.52,200,258.53,300,258.54,500,258.58,500,258.6,700,258.61,200
2026-01-16 09:32:40,258.405,258.38,1,258.37,600,258.44,200,258.44,258.37,258.37,600,258.36,1200,258.35,6200,258.34,100,258.31,1100,258.27,300,258.26,500,258.25,600,258.24,600,258.23,200,258.44,200,258.45,300,258.46,200,258.48,500,258.51,1000,258.52,200,258.53,300,258.54,500,258.58,500,258.6,700
2026-01-16 09:32:41,258.42,258.4,1,258.4,100,258.44,200,258.44,258.4,258.4,100,258.37,600,258.36,1200,258.35,6200,258.34,100,258.31,1100,258.27,300,258.26,500,258.25,600,258.24,600,258.44,200,258.45,300,258.46,200,258.48,500,258.51,1000,258.52,200,258.53,300,258.54,500,258.58,500,258.6,700
2026-01-16 09:32:42,258.435,258.44,1,258.41,600,258.46,300,258.46,258.41,258.41,600,258.4,100,258.37,600,258.36,1200,258.35,6200,258.34,100,258.31,1100,258.27,300,258.26,500,258.25,600,258.46,300,258.48,500,258.51,1000,258.52,200,258.53,300,258.54,500,258.58,500,258.6,700,258.61,200,258.62,400
2026-01-16 09:32:43,258.565,258.57,2,258.53,400,258.6,800,258.6,258.53,258.53,400,258.52,3900,258.51,300,258.49,200,258.45,500,258.44,100,258.43,100,258.41,600,258.4,100,258.37,600,258.6,800,258.61,200,258.62,400,258.63,400,258.65,100,258.66,300,258.69,300,258.7,200,258.73,600,258.75,300
2026-01-16 09:32:44,258.565,258.58,1,258.53,600,258.6,1200,258.6,258.53,258.53,600,258.52,3900,258.51,300,258.49,200,258.45,500,258.44,100,258.43,100,258.41,600,258.4,100,258.37,600,258.6,1200,258.61,200,258.62,400,258.63,400,258.65,100,258.66,300,258.69,300,258.7,200,258.73,600,258.75,300
2026-01-16 09:32:45,258.62,258.6,1,258.59,3200,258.65,100,258.65,258.59,258.59,3200,258.58,100,258.57,200,258.55,100,258.54,200,258.53,2500,258.52,3900,258.51,300,258.49,200,258.45,500,258.65,100,258.66,100,258.67,600,258.69,300,258.7,200,258.73,600,258.75,300,258.76,500,258.78,700,258.79,200
2026-01-16 09:32:46,258.45,258.45,1,258.41,800,258.49,200,258.49,258.41,258.41,800,258.4,100,258.37,600,258.36,1200,258.35,6200,258.34,100,258.31,1100,258.27,300,258.26,500,258.25,600,258.49,200,258.5,900,258.51,100,258.52,100,258.53,100,258.55,400,258.57,500,258.6,300,258.65,200,258.66,100
2026-01-16 09:32:47,258.43,258.42,1,258.38,400,258.48,300,258.48,258.38,258.38,400,258.35,100,258.34,600,258.33,200,258.32,400,258.31,800,258.27,300,258.26,500,258.25,600,258.24,600,258.48,300,258.49,500,258.5,900,258.51,100,258.52,100,258.53,100,258.55,400,258.57,500,258.6,300,258.65,200
2026-01-16 09:32:48,258.435,258.47,3,258.39,300,258.48,500,258.48,258.39,258.39,300,258.38,400,258.35,100,258.34,600,258.33,200,258.32,400,258.31,800,258.27,300,258.26,500,258.25,600,258.48,500,258.49,500,258.5,900,258.51,100,258.52,100,258.53,100,258.55,400,258.57,500,258.6,300,258.65,200
2026-01-16 09:32:48,258.435,258.39,1,258.39,500,258.48,500,258.48,258.39,258.39,500,258.38,400,258.35,100,258.34,600,258.33,200,258.32,400,258.31,800,258.27,300,258.26,500,258.25,600,258.48,500,258.49,500,258.5,900,258.51,100,258.52,100,258.53,100,258.55,400,258.57,500,258.6,300,258.65,200
2026-01-16 09:32:50,258.44,258.39,1,258.4,100,258.48,700,258.48,258.4,258.4,100,258.39,500,258.38,400,258.35,100,258.34,600,258.33,200,258.32,400,258.31,800,258.27,300,258.26,500,258.48,700,258.49,500,258.5,900,258.51,100,258.52,100,258.53,100,258.55,400,258.57,500,258.6,300,258.65,200
2026-01-16 09:32:51,258.435,258.44,1,258.4,200,258.47,600,258.47,258.4,258.4,200,258.39,500,258.38,400,258.35,100,258.34,600,258.33,200,258.32,400,258.31,800,258.27,300,258.26,500,258.47,600,258.48,900,258.49,500,258.5,900,258.51,100,258.52,100,258.53,100,258.55,400,258.57,500,258.6,300
2026-01-16 09:32:52,258.53,258.54,1,258.47,700,258.59,700,258.59,258.47,258.47,700,258.44,400,258.43,300,258.42,200,258.4,400,258.39,500,258.38,400,258.35,100,258.34,600,258.33,200,258.59,700,258.6,300,258.65,200,258.66,100,258.67,600,258.69,300,258.7,200,258.73,600,258.75,300,258.76,500
2026-01-16 09:32:52,258.53,258.55,1,258.49,400,258.57,700,258.57,258.49,258.49,400,258.47,700,258.44,400,258.43,300,258.42,200,258.4,400,258.39,500,258.38,400,258.35,100,258.34,600,258.57,700,258.58,700,258.59,700,258.6,300,258.65,200,258.66,100,258.67,600,258.69,300,258.7,200,258.73,600
2026-01-16 09:32:54,258.535,258.53,1,258.5,100,258.57,1200,258.57,258.5,258.5,100,258.49,500,258.47,700,258.44,400,258.43,300,258.42,200,258.4,400,258.39,500,258.38,400,258.35,100,258.57,1200,258.58,700,258.59,700,258.6,300,258.65,200,258.66,100,258.67,600,258.69,300,258.7,200,258.73,600
2026-01-16 09:32:55,258.45,258.45,1,258.41,800,258.49,800,258.49,258.41,258.41,800,258.4,400,258.39,500,258.38,400,258.35,100,258.34,600,258.33,200,258.32,400,258.31,800,258.27,300,258.49,800,258.5,300,258.52,200,258.53,100,258.54,100,258.56,100,258.57,1200,258.58,700,258.59,700,258.6,300
2026-01-16 09:32:56,258.48,258.48,1,258.44,500,258.52,500,258.52,258.44,258.44,500,258.43,400,258.42,600,258.41,800,258.4,400,258.39,500,258.38,400,258.35,100,258.34,600,258.33,200,258.52,500,258.53,100,258.54,100,258.56,100,258.57,1200,258.58,700,258.59,700,258.6,300,258.65,200,258.66,100
2026-01-16 09:32:57,258.53,258.53,1,258.49,700,258.57,1100,258.57,258.49,258.49,700,258.48,300,258.47,100,258.46,200,258.45,100,258.44,500,258.43,400,258.42,600,258.41,800,258.4,400,258.57,1100,258.58,700,258.59,700,258.6,300,258.65,200,258.66,100,258.67,600,258.69,300,258.7,200,258.73,600
2026-01-16 09:32:58,258.485,258.45,2,258.45,300,258.52,400,258.52,258.45,258.45,300,258.44,500,258.43,400,258.42,600,258.41,800,258.4,400,258.39,500,258.38,400,258.35,100,258.34,600,258.52,400,258.53,200,258.54,100,258.55,400,258.56,700,258.57,1000,258.58,700,258.59,700,258.6,300,258.65,200
2026-01-16 09:32:59,258.39,258.39,2,258.36,100,258.42,300,258.42,258.36,258.36,100,258.35,400,258.33,400,258.32,700,258.31,800,258.27,300,258.26,500,258.25,600,258.24,600,258.23,200,258.42,300,258.44,500,258.45,200,258.46,500,258.47,300,258.48,200,258.49,200,258.5,300,258.51,100,258.52,600
2026-01-16 09:33:00,258.385,258.39,2,258.35,600,258.42,300,258.42,258.35,258.35,600,258.33,400,258.32,700,258.31,800,258.27,300,258.26,500,258.25,600,258.24,600,258.23,200,258.2,700,258.42,300,258.44,500,258.45,200,258.46,500,258.47,300,258.48,200,258.49,200,258.5,300,258.51,100,258.52,600
2026-01-16 09:33:01,258.385,258.35,1,258.35,700,258.42,600,258.42,258.35,258.35,700,258.33,400,258.32,700,258.31,800,258.27,300,258.26,500,258.25,600,258.24,600,258.23,200,258.2,700,258.42,600,258.44,500,258.45,200,258.46,500,258.47,300,258.48,200,258.49,200,258.5,300,258.51,100,258.52,600
2026-01-16 09:33:02,258.39,258.39,1,258.35,500,258.43,600,258.43,258.35,258.35,500,258.34,600,258.33,400,258.32,700,258.31,800,258.27,300,258.26,500,258.25,600,258.24,600,258.23,200,258.43,600,258.44,500,258.45,200,258.46,500,258.47,300,258.48,200,258.49,200,258.5,300,258.51,100,258.52,600
2026-01-16 09:33:03,258.4,258.34,7,258.37,500,258.43,900,258.43,258.37,258.37,500,258.36,100,258.34,500,258.33,400,258.32,700,258.31,800,258.27,300,258.26,500,258.25,600,258.24,600,258.43,900,258.44,500,258.45,200,258.46,500,258.47,300,258.48,200,258.49,200,258.5,300,258.51,100,258.52,600
2026-01-16 09:33:04,258.4,258.4,1,258.37,800,258.43,900,258.43,258.37,258.37,800,258.36,100,258.34,500,258.33,400,258.32,700,258.31,800,258.27,300,258.26,500,258.25,600,258.24,600,258.43,900,258.44,500,258.45,200,258.46,500,258.47,300,258.48,200,258.49,200,258.5,300,258.51,100,258.52,600
2026-01-16 09:33:05,258.385,258.38,6,258.36,200,258.41,700,258.41,258.36,258.36,200,258.34,500,258.33,400,258.32,700,258.31,800,258.27,300,258.26,500,258.25,600,258.24,600,258.23,200,258.41,700,258.43,900,258.44,500,258.45,200,258.46,500,258.47,300,258.48,200,258.49,200,258.5,300,258.51,100
2026-01-16 09:33:06,258.365,258.37,1,258.32,800,258.41,700,258.41,258.32,258.32,800,258.31,800,258.27,300,258.26,500,258.25,600,258.24,600,258.23,200,258.2,700,258.19,300,258.15,600,258.41,700,258.43,900,258.44,500,258.45,200,258.46,500,258.47,300,258.48,200,258.49,200,258.5,300,258.51,100
2026-01-16 09:33:07,258.385,258.34,1,258.34,600,258.43,900,258.43,258.34,258.34,600,258.33,500,258.32,800,258.31,800,258.27,300,258.26,500,258.25,600,258.24,600,258.23,200,258.2,700,258.43,900,258.44,500,258.45,200,258.46,500,258.47,300,258.48,200,258.49,200,258.5,300,258.51,100,258.52,600
2026-01-16 09:33:08,258.375,258.39,1,258.34,700,258.41,500,258.41,258.34,258.34,700,258.33,500,258.32,800,258.31,800,258.27,300,258.26,500,258.25,600,258.24,600,258.23,200,258.2,700,258.41,500,258.42,500,258.43,1000,258.44,500,258.45,200,258.46,500,258.47,300,258.48,200,258.49,200,258.5,300
2026-01-16 09:33:09,258.37,258.37,1,258.34,600,258.4,100,258.4,258.34,258.34,600,258.33,500,258.32,800,258.31,800,258.27,300,258.26,500,258.25,600,258.24,600,258.23,200,258.2,700,258.4,100,258.41,700,258.42,500,258.43,1000,258.44,500,258.45,200,258.46,500,258.47,300,258.48,200,258.49,200
2026-01-16 09:33:10,258.375,258.37,1,258.35,300,258.4,300,258.4,258.35,258.35,300,258.34,600,258.33,500,258.32,800,258.31,800,258.27,300,258.26,500,258.25,600,258.24,600,258.23,200,258.4,300,258.41,700,258.42,500,258.43,1000,258.44,500,258.45,200,258.46,500,258.47,300,258.48,200,258.49,200
2026-01-16 09:33:11,258.375,258.35,1,258.35,300,258.4,500,258.4,258.35,258.35,300,258.34,600,258.33,500,258.32,800,258.31,800,258.27,300,258.26,500,258.25,600,258.24,600,258.23,200,258.4,500,258.41,700,258.42,500,258.43,1000,258.44,500,258.45,200,258.46,500,258.47,300,258.48,200,258.49,200
2026-01-16 09:33:12,258.325,258.32,1,258.3,400,258.35,500,258.35,258.3,258.3,400,258.27,300,258.26,500,258.25,600,258.24,600,258.23,200,258.2,700,258.19,300,258.15,600,258.13,100,258.35,500,258.37,900,258.39,200,258.4,500,258.41,700,258.42,500,258.43,1000,258.44,500,258.45,200,258.46,500
2026-01-16 09:33:13,258.325,258.33,1,258.3,300,258.35,500,258.35,258.3,258.3,300,258.29,300,258.27,300,258.26,500,258.25,600,258.24,600,258.23,200,258.2,700,258.19,300,258.15,600,258.35,500,258.37,900,258.39,200,258.4,500,258.41,700,258.42,500,258.43,1000,258.44,500,258.45,200,258.46,500
2026-01-16 09:33:14,258.31,258.32,1,258.29,300,258.33,600,258.33,258.29,258.29,300,258.27,300,258.26,500,258.25,600,258.24,600,258.23,200,258.2,700,258.19,300,258.15,600,258.13,100,258.33,600,258.34,200,258.35,500,258.37,900,258.39,200,258.4,500,258.41,700,258.42,500,258.43,1000,258.44,500
2026-01-16 09:33:15,258.285,258.29,1,258.26,800,258.31,500,258.31,258.26,258.26,800,258.25,600,258.24,600,258.23,200,258.2,700,258.19,300,258.15,600,258.13,100,258.09,400,258.06,400,258.31,500,258.33,600,258.34,200,258.35,500,258.37,900,258.39,200,258.4,500,258.41,700,258.42,500,258.43,1000
2026-01-16 09:33:16,258.275,258.25,1,258.25,300,258.3,300,258.3,258.25,258.25,300,258.23,500,258.2,700,258.19,300,258.15,600,258.13,100,258.09,400,258.06,400,258.05,700,258.04,700,258.3,300,258.31,500,258.33,600,258.34,200,258.35,500,258.37,900,258.39,200,258.4,500,258.41,700,258.42,500
2026-01-16 09:33:17,258.24,258.24,1,258.22,200,258.26,300,258.26,258.22,258.22,200,258.2,700,258.19,300,258.15,600,258.13,100,258.09,400,258.06,400,258.05,700,258.04,700,258.02,600,258.26,300,258.27,400,258.28,600,258.3,400,258.31,500,258.33,600,258.34,200,258.35,500,258.37,900,258.39,200
2026-01-16 09:33:18,258.24,258.25,1,258.22,200,258.26,300,258.26,258.22,258.22,200,258.2,700,258.19,300,258.15,600,258.13,100,258.09,400,258.06,400,258.05,700,258.04,700,258.02,600,258.26,300,258.27,400,258.28,600,258.3,400,258.31,500,258.33,600,258.34,200,258.35,500,258.37,900,258.39,200
2026-01-16 09:33:19,258.295,258.3,1,258.28,300,258.31,500,258.31,258.28,258.28,300,258.27,300,258.26,100,258.24,800,258.22,200,258.21,1600,258.17,100,258.15,600,258.13,100,258.09,400,258.31,500,258.33,600,258.34,200,258.35,500,258.37,900,258.39,200,258.4,500,258.41,700,258.42,500,258.43,1000
2026-01-16 09:33:20,258.3,258.29,1,258.28,500,258.32,500,258.32,258.28,258.28,500,258.27,300,258.26,100,258.24,800,258.22,200,258.21,1600,258.17,100,258.15,600,258.13,100,258.09,400,258.32,500,258.33,400,258.35,800,258.37,900,258.39,200,258.4,500,258.41,700,258.42,500,258.43,1000,258.44,500
2026-01-16 09:33:21,258.285,258.29,4,258.24,500,258.33,500,258.33,258.24,258.24,500,258.22,200,258.21,1600,258.17,100,258.15,600,258.13,100,258.09,400,258.06,400,258.05,700,258.04,700,258.33,500,258.35,800,258.37,900,258.39,200,258.4,500,258.41,700,258.42,500,258.43,1000,258.44,500,258.45,200
2026-01-16 09:33:22,258.285,258.29,1,258.24,500,258.33,600,258.33,258.24,258.24,500,258.22,200,258.21,1600,258.17,100,258.15,600,258.13,100,258.09,400,258.06,400,258.05,700,258.04,700,258.33,600,258.35,800,258.37,900,258.39,200,258.4,500,258.41,700,258.42,500,258.43,1000,258.44,500,258.45,200
2026-01-16 09:33:23,258.245,258.24,2,258.22,300,258.27,400,258.27,258.22,258.22,300,258.21,1600,258.17,100,258.15,600,258.13,100,258.09,400,258.06,400,258.05,700,258.04,700,258.02,600,258.27,400,258.28,400,258.29,600,258.3,200,258.33,700,258.35,800,258.37,900,258.39,200,258.4,500,258.41,700
2026-01-16 09:33:24,258.255,258.24,2,258.22,600,258.29,700,258.29,258.22,258.22,600,258.21,1600,258.17,100,258.15,600,258.13,100,258.09,400,258.06,400,258.05,700,258.04,700,258.02,600,258.29,700,258.3,200,258.33,700,258.35,800,258.37,900,258.39,200,258.4,500,258.41,700,258.42,500,258.43,1000
2026-01-16 09:33:25,258.255,258.22,1,258.22,700,258.29,700,258.29,258.22,258.22,700,258.21,1600,258.17,100,258.15,600,258.13,100,258.09,400,258.06,400,258.05,700,258.04,700,258.02,600,258.29,700,258.3,200,258.33,700,258.35,800,258.37,900,258.39,200,258.4,500,258.41,700,258.42,500,258.43,1000
2026-01-16 09:33:26,258.205,258.17,1,258.17,500,258.24,500,258.24,258.17,258.17,500,258.16,100,258.15,600,258.13,100,258.09,400,258.06,400,258.05,700,258.04,700,258.02,600,258.01,900,258.24,500,258.28,800,258.29,700,258.3,200,258.33,700,258.35,800,258.37,900,258.39,200,258.4,500,258.41,700
2026-01-16 09:33:27,258.215,258.37,2,258.19,400,258.24,400,258.24,258.19,258.19,400,258.17,500,258.16,100,258.15,600,258.13,100,258.09,400,258.06,400,258.05,700,258.04,700,258.02,600,258.24,400,258.25,500,258.28,800,258.29,700,258.3,200,258.33,700,258.35,800,258.37,900,258.39,200,258.4,500
2026-01-16 09:33:28,258.215,258.37,2,258.2,200,258.23,400,258.23,258.2,258.2,200,258.19,700,258.17,500,258.16,100,258.15,600,258.13,100,258.09,400,258.06,400,258.05,700,258.04,700,258.23,400,258.24,500,258.25,500,258.28,800,258.29,700,258.3,200,258.33,700,258.35,800,258.37,900,258.39,200
2026-01-16 09:33:29,258.215,258.2,1,258.2,300,258.23,400,258.23,258.2,258.2,300,258.19,700,258.17,500,258.16,100,258.15,600,258.13,100,258.09,400,258.06,400,258.05,700,258.04,700,258.23,400,258.24,500,258.25,500,258.28,800,258.29,700,258.3,200,258.33,700,258.35,800,258.37,900,258.39,200
2026-01-16 09:33:30,258.255,258.23,1,258.22,100,258.29,500,258.29,258.22,258.22,100,258.21,100,258.2,400,258.19,700,258.17,500,258.16,100,258.15,600,258.13,100,258.09,400,258.06,400,258.29,500,258.3,300,258.31,600,258.32,300,258.33,600,258.35,800,258.37,900,258.39,200,258.4,500,258.41,700
2026-01-16 09:33:31,258.255,258.26,1,258.22,100,258.29,500,258.29,258.22,258.22,100,258.21,100,258.2,400,258.19,700,258.17,500,258.16,100,258.15,600,258.13,100,258.09,400,258.06,400,258.29,500,258.3,300,258.31,600,258.32,300,258.33,600,258.35,800,258.37,900,258.39,200,258.4,500,258.41,700
2026-01-16 09:33:32,258.235,258.26,2,258.19,700,258.28,700,258.28,258.19,258.19,700,258.17,500,258.16,100,258.15,600,258.13,100,258.09,400,258.06,400,258.05,700,258.04,700,258.02,600,258.28,700,258.29,700,258.3,300,258.31,600,258.32,300,258.33,600,258.35,800,258.37,900,258.39,200,258.4,500
2026-01-16 09:33:33,258.31,258.31,1,258.27,600,258.35,800,258.35,258.27,258.27,600,258.26,200,258.25,100,258.24,100,258.23,300,258.19,700,258.17,500,258.16,100,258.15,600,258.13,100,258.35,800,258.37,900,258.39,200,258.4,500,258.41,700,258.42,500,258.43,1000,258.44,500,258.45,200,258.46,500
2026-01-16 09:33:34,258.28,258.27,1,258.23,300,258.33,400,258.33,258.23,258.23,300,258.19,700,258.17,500,258.16,100,258.15,600,258.13,100,258.09,400,258.06,400,258.05,700,258.04,700,258.33,400,258.34,200,258.35,1000,258.37,900,258.39,200,258.4,500,258.41,700,258.42,500,258.43,1000,258.44,500
2026-01-16 09:33:35,258.29,258.32,3,258.26,100,258.32,400,258.32,258.26,258.26,100,258.23,400,258.19,700,258.17,500,258.16,100,258.15,600,258.13,100,258.09,400,258.06,400,258.05,700,258.32,400,258.33,400,258.34,200,258.35,1000,258.37,900,258.39,200,258.4,500,258.41,700,258.42,500,258.43,1000
2026-01-16 09:33:36,258.35,258.31,1,258.31,600,258.39,600,258.39,258.31,258.31,600,258.3,100,258.29,100,258.28,100,258.27,100,258.26,100,258.23,400,258.19,700,258.17,500,258.16,100,258.39,600,258.4,500,258.42,500,258.43,1000,258.44,500,258.45,200,258.46,500,258.47,300,258.48,200,258.49,200
2026-01-16 09:33:37,258.37,258.4,1,258.34,400,258.4,700,258.4,258.34,258.34,400,258.33,100,258.32,300,258.31,600,258.3,100,258.29,100,258.28,100,258.27,100,258.26,100,258.23,400,258.4,700,258.42,500,258.43,1000,258.44,500,258.45,200,258.46,500,258.47,300,258.48,200,258.49,200,258.5,300
2026-01-16 09:33:38,258.365,258.33,1,258.33,400,258.4,700,258.4,258.33,258.33,400,258.32,300,258.31,600,258.3,100,258.29,100,258.28,100,258.27,100,258.26,100,258.23,400,258.19,700,258.4,700,258.42,500,258.43,1000,258.44,500,258.45,200,258.46,500,258.47,300,258.48,200,258.49,200,258.5,300
2026-01-16 09:33:39,258.365,258.37,4,258.33,400,258.4,700,258.4,258.33,258.33,400,258.32,300,258.31,600,258.3,100,258.29,100,258.28,100,258.27,100,258.26,100,258.23,400,258.19,700,258.4,700,258.42,500,258.43,1000,258.44,500,258.45,200,258.46,500,258.47,300,258.48,200,258.49,200,258.5,300
2026-01-16 09:33:40,258.365,258.37,1,258.33,500,258.4,1100,258.4,258.33,258.33,500,258.32,300,258.31,600,258.3,100,258.29,100,258.28,100,258.27,100,258.26,100,258.23,400,258.19,700,258.4,1100,258.42,500,258.43,1000,258.44,500,258.45,200,258.46,500,258.47,300,258.48,200,258.49,200,258.5,300
2026-01-16 09:33:41,258.42,258.44,1,258.37,700,258.47,700,258.47,258.37,258.37,700,258.35,100,258.34,100,258.33,500,258.32,300,258.31,600,258.3,100,258.29,100,258.28,100,258.27,100,258.47,700,258.48,200,258.49,300,258.5,300,258.51,100,258.52,600,258.53,200,258.54,100,258.55,400,258.56,700
2026-01-16 09:33:42,258.42,258.37,1,258.37,700,258.47,700,258.47,258.37,258.37,700,258.35,100,258.34,100,258.33,500,258.32,300,258.31,600,258.3,100,258.29,100,258.28,100,258.27,100,258.47,700,258.48,200,258.49,300,258.5,300,258.51,100,258.52,600,258.53,200,258.54,100,258.55,400,258.56,700
2026-01-16 09:33:43,258.43,258.39,2,258.4,400,258.46,300,258.46,258.4,258.4,400,258.39,500,258.38,400,258.37,700,258.35,100,258.34,100,258.33,500,258.32,300,258.31,600,258.3,100,258.46,300,258.47,900,258.48,200,258.49,300,258.5,300,258.51,100,258.52,600,258.53,200,258.54,100,258.55,400
2026-01-16 09:33:44,258.425,258.43,5,258.39,500,258.46,500,258.46,258.39,258.39,500,258.38,400,258.37,700,258.35,100,258.34,100,258.33,500,258.32,300,258.31,600,258.3,100,258.29,100,258.46,500,258.47,200,258.48,400,258.49,1100,258.5,300,258.51,100,258.52,600,258.53,200,258.54,100,258.55,400
2026-01-16 09:33:45,258.435,258.45,2,258.4,400,258.47,300,258.47,258.4,258.4,400,258.39,500,258.38,400,258.37,700,258.35,100,258.34,100,258.33,500,258.32,300,258.31,600,258.3,100,258.47,300,258.49,1100,258.5,300,258.51,100,258.52,600,258.53,200,258.54,100,258.55,400,258.56,700,258.57,1000
2026-01-16 09:33:46,258.42,258.44,1,258.4,1000,258.44,600,258.44,258.4,258.4,1000,258.39,1100,258.38,400,258.37,700,258.35,100,258.34,100,258.33,500,258.32,300,258.31,600,258.3,100,258.44,600,258.45,300,258.49,1100,258.5,300,258.51,100,258.52,600,258.53,200,258.54,100,258.55,400,258.56,700
2026-01-16 09:33:47,258.525,258.52,1,258.49,200,258.56,1100,258.56,258.49,258.49,200,258.48,400,258.47,300,258.45,100,258.44,100,258.42,900,258.41,100,258.4,400,258.39,1100,258.38,400,258.56,1100,258.57,1000,258.58,700,258.59,700,258.6,300,258.65,200,258.66,100,258.67,600,258.69,300,258.7,200
2026-01-16 09:33:48,258.555,258.56,1,258.51,400,258.6,1200,258.6,258.51,258.51,400,258.5,800,258.49,400,258.48,400,258.47,300,258.45,100,258.44,100,258.42,900,258.41,100,258.4,400,258.6,1200,258.65,200,258.66,100,258.67,600,258.69,300,258.7,200,258.73,600,258.75,300,258.76,500,258.78,700
2026-01-16 09:33:49,258.545,258.55,1,258.51,600,258.58,500,258.58,258.51,258.51,600,258.5,800,258.49,400,258.48,400,258.47,300,258.45,100,258.44,100,258.42,900,258.41,100,258.4,400,258.58,500,258.6,1200,258.65,200,258.66,100,258.67,600,258.69,300,258.7,200,258.73,600,258.75,300,258.76,500
2026-01-16 09:33:50,258.545,258.51,2,258.51,700,258.58,1000,258.58,258.51,258.51,700,258.5,800,258.49,400,258.48,400,258.47,300,258.45,100,258.44,100,258.42,900,258.41,100,258.4,400,258.58,1000,258.6,1200,258.65,200,258.66,100,258.67,600,258.69,300,258.7,200,258.73,600,258.75,300,258.76,500
2026-01-16 09:33:51,258.63,258.63,1,258.61,900,258.65,500,258.65,258.61,258.61,900,258.6,100,258.58,300,258.57,500,258.56,100,258.55,400,258.54,500,258.51,700,258.5,800,258.49,400,258.65,500,258.66,100,258.67,500,258.69,300,258.7,200,258.73,600,258.75,300,258.76,500,258.78,700,258.79,200
2026-01-16 09:33:52,258.665,258.64,2,258.64,1000,258.69,500,258.69,258.64,258.64,1000,258.6,700,258.59,300,258.58,100,258.57,200,258.56,300,258.55,900,258.54,500,258.51,700,258.5,800,258.69,500,258.7,200,258.73,600,258.75,300,258.76,500,258.78,700,258.79,200,258.82,400,258.83,700,258.85,200
2026-01-16 09:33:53,258.67,258.66,2,258.65,400,258.69,600,258.69,258.65,258.65,400,258.64,800,258.6,700,258.59,300,258.58,100,258.57,200,258.56,300,258.55,900,258.54,500,258.51,700,258.69,600,258.7,200,258.73,600,258.75,300,258.76,500,258.78,700,258.79,200,258.82,400,258.83,700,258.85,200
2026-01-16 09:33:54,258.67,258.66,2,258.65,400,258.69,500,258.69,258.65,258.65,400,258.64,800,258.6,700,258.59,300,258.58,100,258.57,200,258.56,300,258.55,900,258.54,500,258.51,700,258.69,500,258.7,200,258.73,600,258.75,300,258.76,500,258.78,700,258.79,200,258.82,400,258.83,700,258.85,200
2026-01-16 09:33:55,258.67,258.67,1,258.65,500,258.69,600,258.69,258.65,258.65,500,258.64,800,258.6,700,258.59,300,258.58,100,258.57,200,258.56,300,258.55,900,258.54,500,258.51,700,258.69,600,258.7,200,258.73,600,258.75,300,258.76,500,258.78,700,258.79,200,258.82,400,258.83,700,258.85,200
2026-01-16 09:33:56,258.675,258.67,2,258.65,600,258.7,300,258.7,258.65,258.65,600,258.64,800,258.6,700,258.59,300,258.58,100,258.57,200,258.56,300,258.55,900,258.54,500,258.51,700,258.7,300,258.71,400,258.73,800,258.75,300,258.76,500,258.78,700,258.79,200,258.82,400,258.83,700,258.85,200
2026-01-16 09:33:57,258.68,258.68,2,258.65,600,258.71,700,258.71,258.65,258.65,600,258.64,800,258.6,700,258.59,300,258.58,100,258.57,200,258.56,300,258.55,900,258.54,500,258.51,700,258.71,700,258.73,800,258.75,300,258.76,500,258.78,700,258.79,200,258.82,400,258.83,700,258.85,200,258.86,200
2026-01-16 09:33:58,258.68,258.65,1,258.65,600,258.71,700,258.71,258.65,258.65,600,258.64,800,258.6,700,258.59,300,258.58,100,258.57,200,258.56,300,258.55,900,258.54,500,258.51,700,258.71,700,258.73,800,258.75,300,258.76,500,258.78,700,258.79,200,258.82,400,258.83,700,258.85,200,258.86,200
2026-01-16 09:33:59,258.695,258.72,1,258.67,500,258.72,100,258.72,258.67,258.67,500,258.66,200,258.65,700,258.64,800,258.6,700,258.59,300,258.58,100,258.57,200,258.56,300,258.55,900,258.72,100,258.73,500,258.75,1100,258.76,500,258.78,700,258.79,200,258.82,400,258.83,700,258.85,200,258.86,200
2026-01-16 09:34:00,258.71,258.73,1,258.69,300,258.73,300,258.73,258.69,258.69,300,258.68,300,258.67,900,258.66,200,258.65,700,258.64,800,258.6,700,258.59,300,258.58,100,258.57,200,258.73,300,258.75,800,258.76,500,258.78,700,258.79,200,258.82,400,258.83,700,258.85,200,258.86,200,,
2026-01-16 09:34:01,258.68,258.7,1,258.65,600,258.71,400,258.71,258.65,258.65,600,258.64,800,258.6,700,258.59,300,258.58,100,258.57,200,258.56,300,258.55,900,258.54,500,258.51,700,258.71,400,258.72,400,258.73,300,258.75,800,258.76,500,258.78,700,258.79,200,258.82,400,258.83,700,258.85,200
2026-01-16 09:34:02,258.695,258.7,1,258.67,100,258.72,400,258.72,258.67,258.67,100,258.66,200,258.65,1200,258.64,800,258.6,700,258.59,300,258.58,100,258.57,200,258.56,300,258.55,900,258.72,400,258.73,300,258.75,800,258.76,500,258.78,700,258.79,200,258.82,400,258.83,700,258.85,200,258.86,200
2026-01-16 09:34:03,258.71,258.72,1,258.68,700,258.74,500,258.74,258.68,258.68,700,258.66,300,258.65,1200,258.64,800,258.6,700,258.59,300,258.58,100,258.57,200,258.56,300,258.55,900,258.74,500,258.75,800,258.76,500,258.78,700,258.79,200,258.82,400,258.83,700,258.85,200,258.86,200,,
2026-01-16 09:34:04,258.71,258.72,1,258.68,700,258.74,700,258.74,258.68,258.68,700,258.66,300,258.65,1200,258.64,800,258.6,700,258.59,300,258.58,100,258.57,200,258.56,300,258.55,900,258.74,700,258.75,800,258.76,500,258.78,700,258.79,200,258.82,400,258.83,700,258.85,200,258.86,200,,
2026-01-16 09:34:05,258.795,258.79,4,258.77,700,258.82,500,258.82,258.77,258.77,700,258.76,100,258.75,600,258.74,200,258.73,500,258.72,200,258.71,100,258.69,200,258.68,700,258.66,300,258.82,500,258.83,700,258.85,200,258.86,200,,,,,,,,,,,,
2026-01-16 09:34:06,258.785,258.78,1,258.76,500,258.81,900,258.81,258.76,258.76,500,258.75,400,258.74,600,258.73,500,258.72,200,258.71,100,258.69,200,258.68,700,258.66,300,258.65,1200,258.81,900,258.82,600,258.83,700,258.85,200,258.86,200,,,,,,,,,,
2026-01-16 09:34:07,258.83,258.83,2,258.81,100,258.85,500,258.85,258.81,258.81,100,258.78,300,258.77,100,258.76,500,258.75,400,258.74,600,258.73,500,258.72,200,258.71,100,258.69,200,258.85,500,258.86,200,,,,,,,,,,,,,,,,
2026-01-16 09:34:08,258.825,258.81,2,258.79,500,258.86,300,258.86,258.79,258.79,500,258.78,500,258.77,100,258.76,500,258.75,400,258.74,600,258.73,500,258.72,200,258.71,100,258.69,200,258.86,300,,,,,,,,,,,,,,,,,,
2026-01-16 09:34:09,258.885,258.88,1,258.88,300,258.89,100,258.89,258.88,258.88,300,258.87,300,258.86,200,258.85,800,258.84,100,258.83,400,258.82,100,258.81,300,258.79,600,258.78,500,258.89,100,258.9,800,,,,,,,,,,,,,,,,
2026-01-16 09:34:10,258.83,258.82,1,258.79,500,258.87,400,258.87,258.79,258.79,500,258.78,500,258.77,100,258.76,500,258.75,400,258.74,600,258.73,500,258.72,200,258.71,100,258.69,200,258.87,400,258.88,200,258.89,500,258.9,900,258.91,600,,,,,,,,,,
2026-01-16 09:34:11,258.845,258.85,1,258.82,200,258.87,800,258.87,258.82,258.82,200,258.8,300,258.78,800,258.77,100,258.76,500,258.75,400,258.74,600,258.73,500,258.72,200,258.71,100,258.87,800,258.88,200,258.89,500,258.9,900,258.91,600,,,,,,,,,,
2026-01-16 09:34:12,258.775,258.77,1,258.75,100,258.8,1100,258.8,258.75,258.75,100,258.74,600,258.73,500,258.72,200,258.71,100,258.69,200,258.68,700,258.66,300,258.65,1200,258.64,800,258.8,1100,258.81,600,258.84,700,258.85,900,258.87,700,258.88,200,258.89,500,258.9,900,258.91,600,,
2026-01-16 09:34:13,258.745,258.74,1,258.72,500,258.77,700,258.77,258.72,258.72,500,258.71,100,258.69,200,258.68,700,258.66,300,258.65,1200,258.64,800,258.6,700,258.59,300,258.58,100,258.77,700,258.78,100,258.79,200,258.8,400,258.81,100,258.83,1100,258.84,1000,258.85,900,258.87,700,258.88,200
2026-01-16 09:34:14,258.745,258.74,2,258.72,1300,258.77,1400,258.77,258.72,258.72,1300,258.71,100,258.69,200,258.68,700,258.66,300,258.65,1200,258.64,800,258.6,700,258.59,300,258.58,100,258.77,1400,258.78,700,258.79,200,258.8,400,258.81,100,258.83,1100,258.84,1000,258.85,900,258.87,700,258.88,200
2026-01-16 09:34:15,258.745,258.75,1,258.72,1300,258.77,1400,258.77,258.72,258.72,1300,258.71,100,258.69,200,258.68,700,258.66,300,258.65,1200,258.64,800,258.6,700,258.59,300,258.58,100,258.77,1400,258.78,700,258.79,200,258.8,400,258.81,100,258.83,1100,258.84,1000,258.85,900,258.87,700,258.88,200
2026-01-16 09:34:16,258.77,258.77,1,258.74,800,258.8,400,258.8,258.74,258.74,800,258.72,1200,258.71,100,258.69,200,258.68,700,258.66,300,258.65,1200,258.64,800,258.6,700,258.59,300,258.8,400,258.81,100,258.83,1100,258.84,1000,258.85,900,258.87,700,258.88,200,258.89,500,258.9,900,258.91,600
2026-01-16 09:34:17,258.775,258.77,1,258.75,600,258.8,600,258.8,258.75,258.75,600,258.74,800,258.72,1200,258.71,100,258.69,200,258.68,700,258.66,300,258.65,1200,258.64,800,258.6,700,258.8,600,258.81,100,258.83,1100,258.84,1000,258.85,900,258.87,700,258.88,200,258.89,500,258.9,900,258.91,600
2026-01-16 09:34:18,258.775,258.77,1,258.75,500,258.8,700,258.8,258.75,258.75,500,258.74,800,258.72,1200,258.71,100,258.69,200,258.68,700,258.66,300,258.65,1200,258.64,800,258.6,700,258.8,700,258.81,100,258.83,1100,258.84,1000,258.85,900,258.87,700,258.88,200,258.89,500,258.9,900,258.91,600
2026-01-16 09:34:19,258.775,258.77,2,258.75,1000,258.8,1100,258.8,258.75,258.75,1000,258.74,800,258.72,1200,258.71,100,258.69,200,258.68,700,258.66,300,258.65,1200,258.64,800,258.6,700,258.8,1100,258.81,100,258.83,1100,258.84,1000,258.85,900,258.87,700,258.88,200,258.89,500,258.9,900,258.91,600
2026-01-16 09:34:20,258.67,258.67,1,258.66,300,258.68,300,258.68,258.66,258.66,300,258.65,1200,258.64,800,258.6,700,258.59,300,258.58,100,258.57,200,258.56,300,258.55,900,258.54,500,258.68,300,258.69,200,258.7,300,258.73,400,258.74,200,258.76,500,258.77,500,258.78,200,258.79,200,258.8,900
2026-01-16 09:34:21,258.595,258.6,1,258.55,700,258.64,600,258.64,258.55,258.55,700,258.54,100,258.53,600,258.52,400,258.51,700,258.5,800,258.49,400,258.48,400,258.47,300,258.45,100,258.64,600,258.65,500,258.67,500,258.69,400,258.7,300,258.73,400,258.74,200,258.76,500,258.77,500,258.78,200
2026-01-16 09:34:22,258.64,258.62,1,258.6,100,258.68,100,258.68,258.6,258.6,100,258.58,100,258.57,100,258.56,300,258.52,200,258.51,500,258.5,800,258.49,400,258.48,400,258.47,300,258.68,100,258.69,300,258.7,300,258.73,400,258.74,200,258.76,500,258.77,500,258.78,200,258.79,200,258.8,900
2026-01-16 09:34:23,258.665,258.67,1,258.61,800,258.72,500,258.72,258.61,258.61,800,258.6,200,258.58,100,258.57,100,258.56,300,258.52,200,258.51,500,258.5,800,258.49,400,258.48,400,258.72,500,258.73,400,258.74,200,258.76,500,258.77,500,258.78,200,258.79,200,258.8,900,258.81,100,258.83,1100
2026-01-16 09:34:24,258.605,258.58,1,258.57,200,258.64,600,258.64,258.57,258.57,200,258.56,100,258.53,700,258.52,200,258.51,500,258.5,800,258.49,400,258.48,400,258.47,300,258.45,100,258.64,600,258.65,100,258.72,1000,258.73,400,258.74,200,258.76,500,258.77,500,258.78,200,258.79,200,258.8,900
2026-01-16 09:34:25,258.57,258.59,5,258.53,500,258.61,500,258.61,258.53,258.53,500,258.52,200,258.51,500,258.5,800,258.49,400,258.48,400,258.47,300,258.45,100,258.44,100,258.42,900,258.61,500,258.62,100,258.63,300,258.64,700,258.65,100,258.72,1000,258.73,400,258.74,200,258.76,500,258.77,500
2026-01-16 09:34:26,258.58,258.57,1,258.54,300,258.62,900,258.62,258.54,258.54,300,258.53,500,258.52,200,258.51,500,258.5,800,258.49,400,258.48,400,258.47,300,258.45,100,258.44,100,258.62,900,258.63,300,258.64,700,258.65,100,258.72,1000,258.73,400,258.74,200,258.76,500,258.77,500,258.78,200
2026-01-16 09:34:27,258.575,258.53,1,258.54,200,258.61,300,258.61,258.54,258.54,200,258.53,600,258.52,200,258.51,500,258.5,800,258.49,400,258.48,400,258.47,300,258.45,100,258.44,100,258.61,300,258.62,900,258.63,300,258.64,700,258.65,100,258.72,1000,258.73,400,258.74,200,258.76,500,258.77,500
2026-01-16 09:34:28,258.58,258.58,1,258.55,500,258.61,500,258.61,258.55,258.55,500,258.54,300,258.53,600,258.52,200,258.51,500,258.5,800,258.49,400,258.48,400,258.47,300,258.45,100,258.61,500,258.62,900,258.63,300,258.64,700,258.65,100,258.72,1000,258.73,400,258.74,200,258.76,500,258.77,500
2026-01-16 09:34:29,258.64,258.66,2,258.62,100,258.66,900,258.66,258.62,258.62,100,258.61,600,258.59,100,258.58,400,258.56,400,258.54,100,258.52,100,258.51,400,258.5,400,258.49,400,258.66,900,258.68,400,258.72,1000,258.73,400,258.74,200,258.76,500,258.77,500,258.78,200,258.79,200,258.8,900
2026-01-16 09:34:30,258.64,258.64,2,258.62,400,258.66,300,258.66,258.62,258.62,400,258.61,500,258.59,100,258.58,400,258.56,400,258.54,100,258.52,100,258.51,400,258.5,400,258.49,400,258.66,300,258.67,700,258.68,700,258.72,1000,258.73,400,258.74,200,258.76,500,258.77,500,258.78,200,258.79,200
2026-01-16 09:34:31,258.635,258.64,2,258.61,500,258.66,300,258.66,258.61,258.61,500,258.59,100,258.58,400,258.56,400,258.54,100,258.52,100,258.51,400,258.5,400,258.49,400,258.48,400,258.66,300,258.67,700,258.68,700,258.72,1000,258.73,400,258.74,200,258.76,500,258.77,500,258.78,200,258.79,200
2026-01-16 09:34:32,258.67,258.66,1,258.65,100,258.69,100,258.69,258.65,258.65,100,258.62,700,258.61,500,258.59,100,258.58,400,258.56,400,258.54,100,258.52,100,258.51,400,258.5,400,258.69,100,258.7,200,258.71,500,258.72,1100,258.73,400,258.74,200,258.76,500,258.77,500,258.78,200,258.79,200
2026-01-16 09:34:33,258.64,258.61,1,258.61,500,258.67,100,258.67,258.61,258.61,500,258.59,200,258.58,300,258.56,400,258.54,100,258.52,100,258.51,400,258.5,400,258.49,400,258.48,400,258.67,100,258.69,500,258.7,600,258.71,500,258.72,1100,258.73,400,258.74,200,258.76,500,258.77,500,258.78,200
2026-01-16 09:34:34,258.62,258.63,1,258.59,200,258.65,700,258.65,258.59,258.59,200,258.56,400,258.54,100,258.52,100,258.51,400,258.5,400,258.49,400,258.48,400,258.47,300,258.45,100,258.65,700,258.66,1400,258.67,300,258.69,500,258.7,600,258.71,500,258.72,1100,258.73,400,258.74,200,258.76,500
2026-01-16 09:34:35,258.515,258.5,1,258.49,500,258.54,400,258.54,258.49,258.49,500,258.48,400,258.47,300,258.45,100,258.44,100,258.42,900,258.41,100,258.4,400,258.39,1100,258.38,400,258.54,400,258.56,200,258.57,300,258.59,700,258.6,100,258.61,500,258.63,500,258.65,500,258.66,1400,258.67,300
2026-01-16 09:34:36,258.535,258.51,1,258.5,1000,258.57,600,258.57,258.5,258.5,1000,258.49,500,258.48,400,258.47,300,258.45,100,258.44,100,258.42,900,258.41,100,258.4,400,258.39,1100,258.57,600,258.6,200,258.61,500,258.63,500,258.65,500,258.66,1400,258.67,300,258.69,500,258.7,600,258.71,500
2026-01-16 09:34:37,258.535,258.53,1,258.5,1000,258.57,600,258.57,258.5,258.5,1000,258.49,500,258.48,400,258.47,300,258.45,100,258.44,100,258.42,900,258.41,100,258.4,400,258.39,1100,258.57,600,258.6,200,258.61,500,258.63,500,258.65,500,258.66,1400,258.67,300,258.69,500,258.7,600,258.71,500
2026-01-16 09:34:38,258.565,258.56,1,258.52,600,258.61,500,258.61,258.52,258.52,600,258.51,500,258.5,1300,258.49,500,258.48,400,258.47,300,258.45,100,258.44,100,258.42,900,258.41,100,258.61,500,258.63,500,258.65,500,258.66,1400,258.67,300,258.69,500,258.7,600,258.71,500,258.72,1100,258.73,400
2026-01-16 09:34:39,258.575,258.56,2,258.54,600,258.61,1100,258.61,258.54,258.54,600,258.53,500,258.52,500,258.51,500,258.5,1300,258.49,500,258.48,400,258.47,300,258.45,100,258.44,100,258.61,1100,258.63,500,258.65,500,258.66,1400,258.67,300,258.69,500,258.7,600,258.71,500,258.72,1100,258.73,400
2026-01-16 09:34:40,258.575,258.54,1,258.54,600,258.61,1100,258.61,258.54,258.54,600,258.53,500,258.52,500,258.51,500,258.5,1300,258.49,500,258.48,400,258.47,300,258.45,100,258.44,100,258.61,1100,258.63,500,258.65,500,258.66,1400,258.67,300,258.69,500,258.7,600,258.71,500,258.72,1100,258.73,400
2026-01-16 09:34:41,258.55,258.55,2,258.52,700,258.58,400,258.58,258.52,258.52,700,258.51,500,258.5,1300,258.49,500,258.48,400,258.47,300,258.45,100,258.44,100,258.42,900,258.41,100,258.58,400,258.59,200,258.61,1200,258.63,500,258.65,500,258.66,1400,258.67,300,258.69,500,258.7,600,258.71,500
2026-01-16 09:34:42,258.56,258.56,10,258.52,700,258.6,800,258.6,258.52,258.52,700,258.51,500,258.5,1300,258.49,500,258.48,400,258.47,300,258.45,100,258.44,100,258.42,900,258.41,100,258.6,800,258.61,1500,258.63,500,258.65,500,258.66,1400,258.67,300,258.69,500,258.7,600,258.71,500,258.72,1100
2026-01-16 09:34:43,258.555,258.56,2,258.52,700,258.59,600,258.59,258.52,258.52,700,258.51,500,258.5,1300,258.49,500,258.48,400,258.47,300,258.45,100,258.44,100,258.42,900,258.41,100,258.59,600,258.6,800,258.61,1500,258.63,500,258.65,500,258.66,1400,258.67,300,258.69,500,258.7,600,258.71,500
2026-01-16 09:34:44,258.56,258.55,1,258.54,200,258.58,1000,258.58,258.54,258.54,200,258.53,300,258.52,500,258.51,500,258.5,1300,258.49,500,258.48,400,258.47,300,258.45,100,258.44,100,258.58,1000,258.59,600,258.6,800,258.61,1500,258.63,500,258.65,500,258.66,1400,258.67,300,258.69,500,258.7,600
2026-01-16 09:34:45,258.5,258.5,1,258.49,400,258.51,100,258.51,258.49,258.49,400,258.48,400,258.47,300,258.45,100,258.44,100,258.42,900,258.41,100,258.4,400,258.39,1100,258.38,400,258.51,100,258.53,100,258.55,1200,258.58,1600,258.59,600,258.6,800,258.61,1500,258.63,500,258.65,500,258.66,1400
2026-01-16 09:34:46,258.47,258.45,1,258.44,400,258.5,1500,258.5,258.44,258.44,400,258.42,900,258.41,100,258.4,400,258.39,1100,258.38,400,258.37,700,258.35,100,258.34,100,258.33,500,258.5,1500,258.52,300,258.53,300,258.55,1200,258.58,1600,258.59,600,258.6,800,258.61,1500,258.63,500,258.65,500
2026-01-16 09:34:47,258.47,258.45,4,258.44,600,258.5,1600,258.5,258.44,258.44,600,258.42,900,258.41,100,258.4,400,258.39,1100,258.38,400,258.37,700,258.35,100,258.34,100,258.33,500,258.5,1600,258.52,300,258.53,300,258.55,1200,258.58,1600,258.59,600,258.6,800,258.61,1500,258.63,500,258.65,500
2026-01-16 09:34:48,258.41,258.44,1,258.4,500,258.42,300,258.42,258.4,258.4,500,258.39,1100,258.38,400,258.37,700,258.35,100,258.34,100,258.33,500,258.32,300,258.31,600,258.3,100,258.42,300,258.44,100,258.45,300,258.46,700,258.47,100,258.48,100,258.5,2100,258.52,300,258.53,300,258.55,1200
2026-01-16 09:34:49,258.425,258.42,2,258.4,500,258.45,800,258.45,258.4,258.4,500,258.39,1100,258.38,400,258.37,700,258.35,100,258.34,100,258.33,500,258.32,300,258.31,600,258.3,100,258.45,800,258.46,700,258.47,100,258.48,100,258.5,2100,258.52,300,258.53,300,258.55,1200,258.58,1600,258.59,600
2026-01-16 09:34:50,258.34,258.34,2,258.31,600,258.37,500,258.37,258.31,258.31,600,258.3,600,258.29,100,258.28,100,258.27,100,258.26,100,258.23,400,258.19,700,258.17,500,258.16,100,258.37,500,258.38,100,258.39,700,258.4,300,258.41,900,258.42,100,258.45,800,258.46,700,258.47,100,258.48,100
2026-01-16 09:34:51,258.375,258.38,1,258.34,400,258.41,1100,258.41,258.34,258.34,400,258.33,600,258.32,200,258.31,700,258.3,600,258.29,100,258.28,100,258.27,100,258.26,100,258.23,400,258.41,1100,258.42,100,258.45,800,258.46,700,258.47,100,258.48,100,258.5,2100,258.52,300,258.53,300,258.55,1200
2026-01-16 09:34:52,258.375,258.38,1,258.34,400,258.41,1800,258.41,258.34,258.34,400,258.33,600,258.32,200,258.31,700,258.3,600,258.29,100,258.28,100,258.27,100,258.26,100,258.23,400,258.41,1800,258.42,100,258.45,800,258.46,700,258.47,100,258.48,100,258.5,2100,258.52,300,258.53,300,258.55,1200
2026-01-16 09:34:53,258.365,258.34,7,258.33,600,258.4,500,258.4,258.33,258.33,600,258.32,200,258.31,100,258.3,200,258.29,200,258.27,200,258.26,100,258.23,400,258.19,700,258.17,500,258.4,500,258.41,1800,258.42,100,258.45,800,258.46,700,258.47,100,258.48,100,258.5,2100,258.52,300,258.53,300
2026-01-16 09:34:54,258.355,258.33,1,258.32,700,258.39,800,258.39,258.32,258.32,700,258.31,100,258.3,200,258.29,200,258.27,200,258.26,100,258.23,400,258.19,700,258.17,500,258.16,100,258.39,800,258.4,600,258.41,1800,258.42,100,258.45,800,258.46,700,258.47,100,258.48,100,258.5,2100,258.52,300
2026-01-16 09:34:55,258.34,258.32,2,258.32,300,258.36,200,258.36,258.32,258.32,300,258.31,300,258.3,600,258.29,1000,258.28,100,258.27,400,258.26,100,258.23,400,258.19,700,258.17,500,258.36,200,258.37,900,258.38,300,258.39,700,258.4,600,258.41,1800,258.42,100,258.45,800,258.46,700,258.47,100
2026-01-16 09:34:56,258.345,258.33,1,258.32,700,258.37,1100,258.37,258.32,258.32,700,258.3,600,258.29,900,258.28,100,258.27,400,258.26,100,258.23,400,258.19,700,258.17,500,258.16,100,258.37,1100,258.38,300,258.39,700,258.4,600,258.41,1800,258.42,100,258.45,800,258.46,700,258.47,100,258.48,100
2026-01-16 09:34:57,258.325,258.33,1,258.3,700,258.35,500,258.35,258.3,258.3,700,258.29,900,258.28,100,258.27,400,258.26,100,258.23,400,258.19,700,258.17,500,258.16,100,258.15,600,258.35,500,258.37,1500,258.38,300,258.39,700,258.4,600,258.41,1800,258.42,100,258.45,800,258.46,700,258.47,100
2026-01-16 09:34:58,258.29,258.29,1,258.27,400,258.31,200,258.31,258.27,258.27,400,258.26,100,258.25,200,258.23,400,258.19,700,258.17,500,258.16,100,258.15,600,258.13,100,258.09,400,258.31,200,258.33,100,258.35,500,258.37,1500,258.38,300,258.39,700,258.4,600,258.41,1800,258.42,100,258.45,800
2026-01-16 09:34:59,258.345,258.35,5,258.33,700,258.36,1000,258.36,258.33,258.33,700,258.3,500,258.29,400,258.27,400,258.26,100,258.25,200,258.23,400,258.19,700,258.17,500,258.16,100,258.36,1000,258.37,1500,258.38,300,258.39,700,258.4,600,258.41,1800,258.42,100,258.45,800,258.46,700,258.47,100
2026-01-16 09:35:00,258.34,258.34,1,258.32,900,258.36,600,258.36,258.32,258.32,900,258.3,500,258.29,400,258.27,400,258.26,100,258.25,200,258.23,400,258.19,700,258.17,500,258.16,100,258.36,600,258.37,1500,258.38,300,258.39,700,258.4,600,258.41,1800,258.42,100,258.45,800,258.46,700,258.47,100
2026-01-16 09:35:01,258.37,258.45,18,258.34,500,258.4,800,258.4,258.34,258.34,500,258.33,400,258.32,1100,258.3,500,258.29,400,258.27,400,258.26,100,258.25,200,258.23,400,258.19,700,258.4,800,258.41,500,258.43,100,258.45,800,258.46,700,258.47,100,258.48,100,258.5,2100,258.52,300,258.53,300
2026-01-16 09:35:02,258.37,258.34,7,258.34,800,258.4,800,258.4,258.34,258.34,800,258.33,400,258.32,1100,258.3,500,258.29,400,258.27,400,258.26,100,258.25,200,258.23,400,258.19,700,258.4,800,258.41,500,258.43,100,258.45,800,258.46,700,258.47,100,258.48,100,258.5,2100,258.52,300,258.53,300
2026-01-16 09:35:03,258.375,258.34,7,258.35,200,258.4,1100,258.4,258.35,258.35,200,258.34,800,258.33,400,258.32,1100,258.3,500,258.29,400,258.27,400,258.26,100,258.25,200,258.23,400,258.4,1100,258.41,500,258.43,100,258.45,800,258.46,700,258.47,100,258.48,100,258.5,2100,258.52,300,258.53,300
2026-01-16 09:35:04,258.255,258.24,1,258.23,500,258.28,1000,258.28,258.23,258.23,500,258.22,300,258.19,700,258.17,500,258.16,100,258.15,600,258.13,100,258.09,400,258.06,400,258.05,700,258.28,1000,258.3,900,258.31,200,258.32,400,258.35,1300,258.37,100,258.38,200,258.4,1200,258.41,500,258.43,100
2026-01-16 09:35:05,258.26,258.26,1,258.24,500,258.28,900,258.28,258.24,258.24,500,258.23,700,258.22,300,258.19,700,258.17,500,258.16,100,258.15,600,258.13,100,258.09,400,258.06,400,258.28,900,258.3,900,258.31,200,258.32,400,258.35,1300,258.37,100,258.38,200,258.4,1200,258.41,500,258.43,100
2026-01-16 09:35:06,258.31,258.33,2,258.28,600,258.34,200,258.34,258.28,258.28,600,258.27,600,258.26,400,258.25,200,258.24,700,258.23,700,258.22,300,258.19,700,258.17,500,258.16,100,258.34,200,258.35,1300,258.37,100,258.38,200,258.4,1200,258.41,500,258.43,100,258.45,800,258.46,700,258.47,100
2026-01-16 09:35:07,258.34,258.34,13,258.31,500,258.37,600,258.37,258.31,258.31,500,258.3,400,258.28,600,258.27,600,258.26,400,258.25,200,258.24,700,258.23,700,258.22,300,258.19,700,258.37,600,258.38,200,258.4,1200,258.41,500,258.43,100,258.45,800,258.46,700,258.47,100,258.48,100,258.5,2100
2026-01-16 09:35:08,258.31,258.31,1,258.28,600,258.34,600,258.34,258.28,258.28,600,258.27,600,258.26,400,258.25,200,258.24,700,258.23,700,258.22,300,258.19,700,258.17,500,258.16,100,258.34,600,258.35,300,258.36,600,258.37,700,258.38,200,258.4,1200,258.41,500,258.43,100,258.45,800,258.46,700
2026-01-16 09:35:09,258.315,258.31,1,258.29,300,258.34,900,258.34,258.29,258.29,300,258.28,800,258.27,600,258.26,400,258.25,200,258.24,700,258.23,700,258.22,300,258.19,700,258.17,500,258.34,900,258.35,300,258.36,600,258.37,700,258.38,200,258.4,1200,258.41,500,258.43,100,258.45,800,258.46,700
2026-01-16 09:35:10,258.34,258.32,1,258.31,600,258.37,600,258.37,258.31,258.31,600,258.3,100,258.29,700,258.28,800,258.27,600,258.26,400,258.25,200,258.24,700,258.23,700,258.22,300,258.37,600,258.4,800,258.41,500,258.43,100,258.45,800,258.46,700,258.47,100,258.48,100,258.5,2100,258.52,300
2026-01-16 09:35:11,258.29,258.29,1,258.27,300,258.31,1100,258.31,258.27,258.27,300,258.26,100,258.24,700,258.23,700,258.22,300,258.19,700,258.17,500,258.16,100,258.15,600,258.13,100,258.31,1100,258.35,700,258.37,600,258.4,800,258.41,500,258.43,100,258.45,800,258.46,700,258.47,100,258.48,100
2026-01-16 09:35:12,258.28,258.27,1,258.25,600,258.31,1000,258.31,258.25,258.25,600,258.24,500,258.23,700,258.22,300,258.19,700,258.17,500,258.16,100,258.15,600,258.13,100,258.09,400,258.31,1000,258.35,700,258.37,600,258.4,800,258.41,500,258.43,100,258.45,800,258.46,700,258.47,100,258.48,100
2026-01-16 09:35:13,258.28,258.27,1,258.25,800,258.31,1000,258.31,258.25,258.25,800,258.24,500,258.23,700,258.22,300,258.19,700,258.17,500,258.16,100,258.15,600,258.13,100,258.09,400,258.31,1000,258.35,700,258.37,600,258.4,800,258.41,500,258.43,100,258.45,800,258.46,700,258.47,100,258.48,100
2026-01-16 09:35:14,258.27,258.27,1,258.25,800,258.29,300,258.29,258.25,258.25,800,258.24,500,258.23,700,258.22,300,258.19,700,258.17,500,258.16,100,258.15,600,258.13,100,258.09,400,258.29,300,258.3,400,258.31,1000,258.35,700,258.37,600,258.4,800,258.41,500,258.43,100,258.45,800,258.46,700
2026-01-16 09:35:15,258.275,258.25,1,258.25,800,258.3,400,258.3,258.25,258.25,800,258.24,500,258.23,700,258.22,300,258.19,700,258.17,500,258.16,100,258.15,600,258.13,100,258.09,400,258.3,400,258.31,1000,258.35,700,258.37,600,258.4,800,258.41,500,258.43,100,258.45,800,258.46,700,258.47,100
2026-01-16 09:35:16,258.34,258.31,3,258.31,600,258.37,300,258.37,258.31,258.31,600,258.29,200,258.28,200,258.27,100,258.26,100,258.25,800,258.24,500,258.23,700,258.22,300,258.19,700,258.37,300,258.38,900,258.4,800,258.41,500,258.43,100,258.45,800,258.46,700,258.47,100,258.48,100,258.5,2100
2026-01-16 09:35:17,258.355,258.36,1,258.32,200,258.39,800,258.39,258.32,258.32,200,258.31,600,258.29,200,258.28,200,258.27,100,258.26,100,258.25,800,258.24,500,258.23,700,258.22,300,258.39,800,258.4,800,258.41,500,258.43,100,258.45,800,258.46,700,258.47,100,258.48,100,258.5,2100,258.52,300
2026-01-16 09:35:18,258.355,258.36,1,258.32,300,258.39,700,258.39,258.32,258.32,300,258.31,700,258.29,200,258.28,200,258.27,100,258.26,100,258.25,800,258.24,500,258.23,700,258.22,300,258.39,700,258.4,800,258.41,500,258.43,100,258.45,800,258.46,700,258.47,100,258.48,100,258.5,2100,258.52,300
2026-01-16 09:35:19,258.355,258.36,1,258.32,400,258.39,700,258.39,258.32,258.32,400,258.31,700,258.29,200,258.28,200,258.27,100,258.26,100,258.25,800,258.24,500,258.23,700,258.22,300,258.39,700,258.4,800,258.41,500,258.43,100,258.45,800,258.46,700,258.47,100,258.48,100,258.5,2100,258.52,300
2026-01-16 09:35:20,258.355,258.33,1,258.32,200,258.39,700,258.39,258.32,258.32,200,258.31,700,258.29,200,258.28,200,258.27,100,258.26,100,258.25,800,258.24,500,258.23,700,258.22,300,258.39,700,258.4,800,258.41,500,258.43,100,258.45,800,258.46,700,258.47,100,258.48,100,258.5,2100,258.52,300
2026-01-16 09:35:21,258.355,258.33,1,258.32,600,258.39,1000,258.39,258.32,258.32,600,258.31,700,258.29,200,258.28,200,258.27,100,258.26,100,258.25,800,258.24,500,258.23,700,258.22,300,258.39,1000,258.4,800,258.41,500,258.43,100,258.45,800,258.46,700,258.47,100,258.48,100,258.5,2100,258.52,300
2026-01-16 09:35:22,258.355,258.36,1,258.32,500,258.39,1000,258.39,258.32,258.32,500,258.31,700,258.29,200,258.28,200,258.27,100,258.26,100,258.25,800,258.24,500,258.23,700,258.22,300,258.39,1000,258.4,800,258.41,500,258.43,100,258.45,800,258.46,700,258.47,100,258.48,100,258.5,2100,258.52,300
2026-01-16 09:35:23,258.355,258.36,1,258.32,500,258.39,1100,258.39,258.32,258.32,500,258.31,700,258.29,200,258.28,200,258.27,100,258.26,100,258.25,800,258.24,500,258.23,700,258.22,300,258.39,1100,258.4,800,258.41,500,258.43,100,258.45,800,258.46,700,258.47,100,258.48,100,258.5,2100,258.52,300
2026-01-16 09:35:24,258.21,258.2,1,258.19,1700,258.23,400,258.23,258.19,258.19,1700,258.17,500,258.16,100,258.15,600,258.13,100,258.09,400,258.06,400,258.05,700,258.04,700,258.02,600,258.23,400,258.24,100,258.25,100,258.26,500,258.27,100,258.28,100,258.31,300,258.32,1000,258.34,100,258.35,100
2026-01-16 09:35:25,258.255,258.23,1,258.22,500,258.29,600,258.29,258.22,258.22,500,258.21,800,258.2,500,258.19,1700,258.17,500,258.16,100,258.15,600,258.13,100,258.09,400,258.06,400,258.29,600,258.3,400,258.31,300,258.32,1000,258.34,100,258.35,100,258.36,200,258.39,1200,258.4,800,258.41,500
2026-01-16 09:35:26,258.255,258.23,1,258.22,700,258.29,600,258.29,258.22,258.22,700,258.21,900,258.2,500,258.19,1700,258.17,500,258.16,100,258.15,600,258.13,100,258.09,400,258.06,400,258.29,600,258.3,400,258.31,300,258.32,1000,258.34,100,258.35,100,258.36,200,258.39,1200,258.4,800,258.41,500
2026-01-16 09:35:27,258.255,258.29,1,258.22,800,258.29,500,258.29,258.22,258.22,800,258.21,900,258.2,500,258.19,1700,258.17,500,258.16,100,258.15,600,258.13,100,258.09,400,258.06,400,258.29,500,258.3,400,258.31,300,258.32,1000,258.34,100,258.35,100,258.36,200,258.39,1200,258.4,800,258.41,500
2026-01-16 09:35:28,258.255,258.26,1,258.23,900,258.28,400,258.28,258.23,258.23,900,258.22,1000,258.21,900,258.2,500,258.19,1700,258.17,500,258.16,100,258.15,600,258.13,100,258.09,400,258.28,400,258.29,600,258.3,400,258.31,300,258.32,1000,258.34,100,258.35,100,258.36,200,258.39,1200,258.4,800
2026-01-16 09:35:29,258.36,258.33,1,258.33,400,258.39,1400,258.39,258.33,258.33,400,258.31,600,258.3,200,258.29,100,258.28,100,258.27,800,258.26,100,258.25,200,258.23,300,258.22,1000,258.39,1400,258.4,800,258.41,500,258.43,100,258.45,800,258.46,700,258.47,100,258.48,100,258.5,2100,258.52,300
2026-01-16 09:35:30,258.355,258.33,1,258.32,400,258.39,1500,258.39,258.32,258.32,400,258.31,600,258.3,200,258.29,100,258.28,100,258.27,800,258.26,100,258.25,200,258.23,300,258.22,1000,258.39,1500,258.4,800,258.41,500,258.43,100,258.45,800,258.46,700,258.47,100,258.48,100,258.5,2100,258.52,300
2026-01-16 09:35:31,258.365,258.36,2,258.34,500,258.39,1400,258.39,258.34,258.34,500,258.33,300,258.32,400,258.31,600,258.3,200,258.29,100,258.28,100,258.27,800,258.26,100,258.25,200,258.39,1400,258.4,800,258.41,500,258.43,100,258.45,800,258.46,700,258.47,100,258.48,100,258.5,2100,258.52,300
2026-01-16 09:35:32,258.36,258.36,3,258.33,400,258.39,1600,258.39,258.33,258.33,400,258.32,400,258.31,600,258.3,200,258.29,100,258.28,100,258.27,800,258.26,100,258.25,200,258.23,300,258.39,1600,258.4,800,258.41,500,258.43,100,258.45,800,258.46,700,258.47,100,258.48,100,258.5,2100,258.52,300
2026-01-16 09:35:33,258.355,258.36,1,258.33,700,258.38,900,258.38,258.33,258.33,700,258.32,400,258.31,600,258.3,200,258.29,100,258.28,100,258.27,800,258.26,100,258.25,200,258.23,300,258.38,900,258.39,1700,258.4,800,258.41,500,258.43,100,258.45,800,258.46,700,258.47,100,258.48,100,258.5,2100
2026-01-16 09:35:34,258.305,258.29,1,258.28,300,258.33,600,258.33,258.28,258.28,300,258.26,500,258.25,200,258.23,300,258.22,1000,258.21,900,258.2,500,258.19,1700,258.17,500,258.16,100,258.33,600,258.34,400,258.35,800,258.36,100,258.38,600,258.39,1700,258.4,800,258.41,500,258.43,100,258.45,800
2026-01-16 09:35:35,258.28,258.27,1,258.26,600,258.3,600,258.3,258.26,258.26,600,258.25,200,258.23,300,258.22,1000,258.21,900,258.2,500,258.19,1700,258.17,500,258.16,100,258.15,600,258.3,600,258.31,100,258.32,100,258.33,700,258.34,400,258.35,800,258.36,100,258.38,600,258.39,1700,258.4,800
2026-01-16 09:35:36,258.22,258.22,1,258.2,800,258.24,500,258.24,258.2,258.2,800,258.19,1700,258.17,500,258.16,100,258.15,600,258.13,100,258.09,400,258.06,400,258.05,700,258.04,700,258.24,500,258.25,500,258.26,100,258.28,200,258.29,200,258.3,700,258.31,100,258.32,100,258.33,700,258.34,400
2026-01-16 09:35:37,258.22,258.24,1,258.2,800,258.24,900,258.24,258.2,258.2,800,258.19,1700,258.17,500,258.16,100,258.15,600,258.13,100,258.09,400,258.06,400,258.05,700,258.04,700,258.24,900,258.25,500,258.26,100,258.28,200,258.29,200,258.3,700,258.31,100,258.32,100,258.33,700,258.34,400
2026-01-16 09:35:38,258.17,258.18,1,258.15,400,258.19,900,258.19,258.15,258.15,400,258.12,400,258.09,400,258.06,400,258.05,700,258.04,700,258.02,600,258.01,900,258.0,1800,257.9,100,258.19,900,258.2,500,258.22,300,258.23,200,258.24,900,258.25,500,258.26,100,258.28,200,258.29,200,258.3,700
2026-01-16 09:35:39,258.145,258.14,2,258.13,100,258.16,400,258.16,258.13,258.13,100,258.12,400,258.09,400,258.06,400,258.05,700,258.04,700,258.02,600,258.01,900,258.0,1800,257.9,100,258.16,400,258.17,100,258.19,900,258.2,500,258.22,300,258.23,200,258.24,900,258.25,500,258.26,100,258.28,200
2026-01-16 09:35:40,258.125,258.12,1,258.1,600,258.15,600,258.15,258.1,258.1,600,258.09,100,258.08,400,258.05,700,258.04,700,258.02,600,258.01,900,258.0,1800,257.9,100,257.88,200,258.15,600,258.16,300,258.17,100,258.19,900,258.2,500,258.22,300,258.23,200,258.24,900,258.25,500,258.26,100
2026-01-16 09:35:41,258.155,258.13,1,258.11,400,258.2,1600,258.2,258.11,258.11,400,258.1,300,258.09,500,258.08,400,258.05,700,258.04,700,258.02,600,258.01,900,258.0,1800,257.9,100,258.2,1600,258.22,300,258.23,200,258.24,900,258.25,500,258.26,100,258.28,200,258.29,200,258.3,700,258.31,100
2026-01-16 09:35:42,258.15,258.13,2,258.11,400,258.19,700,258.19,258.11,258.11,400,258.1,300,258.09,500,258.08,400,258.05,700,258.04,700,258.02,600,258.01,900,258.0,1800,257.9,100,258.19,700,258.2,1600,258.22,300,258.23,200,258.24,900,258.25,500,258.26,100,258.28,200,258.29,200,258.3,700
2026-01-16 09:35:43,258.15,258.15,1,258.11,500,258.19,800,258.19,258.11,258.11,500,258.1,300,258.08,700,258.06,100,258.05,600,258.04,700,258.02,600,258.01,900,258.0,1800,257.9,100,258.19,800,258.2,1600,258.22,300,258.23,200,258.24,900,258.25,500,258.26,100,258.28,200,258.29,200,258.3,700
2026-01-16 09:35:44,258.16,258.13,1,258.13,800,258.19,100,258.19,258.13,258.13,800,258.11,400,258.1,500,258.08,700,258.06,100,258.05,600,258.04,700,258.02,600,258.01,900,258.0,1800,258.19,100,258.2,1600,258.22,300,258.23,200,258.24,900,258.25,500,258.26,100,258.28,200,258.29,200,258.3,700
2026-01-16 09:35:45,258.14,258.14,3,258.11,600,258.17,300,258.17,258.11,258.11,600,258.1,500,258.08,700,258.06,100,258.05,600,258.04,700,258.02,600,258.01,900,258.0,1800,257.9,100,258.17,300,258.18,600,258.19,400,258.2,1600,258.22,300,258.23,200,258.24,900,258.25,500,258.26,100,258.28,200
2026-01-16 09:35:46,258.29,258.25,2,258.26,900,258.32,300,258.32,258.26,258.26,900,258.25,600,258.24,400,258.21,200,258.19,200,258.18,400,258.17,200,258.16,100,258.15,800,258.13,200,258.32,300,258.34,500,258.35,800,258.36,100,258.38,600,258.39,1700,258.4,800,258.41,500,258.43,100,258.45,800
2026-01-16 09:35:47,258.285,258.28,5,258.26,1000,258.31,700,258.31,258.26,258.26,1000,258.25,600,258.24,400,258.21,200,258.19,200,258.18,400,258.17,200,258.16,100,258.15,800,258.13,200,258.31,700,258.34,500,258.35,800,258.36,100,258.38,600,258.39,1700,258.4,800,258.41,500,258.43,100,258.45,800
2026-01-16 09:35:48,258.305,258.3,3,258.27,600,258.34,500,258.34,258.27,258.27,600,258.26,900,258.25,600,258.24,400,258.21,200,258.19,200,258.18,400,258.17,200,258.16,100,258.15,800,258.34,500,258.35,800,258.36,100,258.38,600,258.39,1700,258.4,800,258.41,500,258.43,100,258.45,800,258.46,700
2026-01-16 09:35:49,258.32,258.31,1,258.3,100,258.34,500,258.34,258.3,258.3,100,258.27,900,258.26,900,258.25,600,258.24,400,258.21,200,258.19,200,258.18,400,258.17,200,258.16,100,258.34,500,258.35,800,258.36,100,258.38,600,258.39,1700,258.4,800,258.41,500,258.43,100,258.45,800,258.46,700
2026-01-16 09:35:50,258.3,258.33,1,258.26,1000,258.34,800,258.34,258.26,258.26,1000,258.25,600,258.24,400,258.21,200,258.19,200,258.18,400,258.17,200,258.16,100,258.15,800,258.13,200,258.34,800,258.35,800,258.36,100,258.38,600,258.39,1700,258.4,800,258.41,500,258.43,100,258.45,800,258.46,700
2026-01-16 09:35:51,258.305,258.32,5,258.27,300,258.34,800,258.34,258.27,258.27,300,258.26,1000,258.25,600,258.24,400,258.21,200,258.19,200,258.18,400,258.17,200,258.16,100,258.15,800,258.34,800,258.35,800,258.36,100,258.38,600,258.39,1700,258.4,800,258.41,500,258.43,100,258.45,800,258.46,700
2026-01-16 09:35:52,258.305,258.32,5,258.27,500,258.34,800,258.34,258.27,258.27,500,258.26,1000,258.25,600,258.24,400,258.21,200,258.19,200,258.18,400,258.17,200,258.16,100,258.15,800,258.34,800,258.35,800,258.36,100,258.38,600,258.39,1700,258.4,800,258.41,500,258.43,100,258.45,800,258.46,700
2026-01-16 09:35:53,258.285,258.32,5,258.27,600,258.3,200,258.3,258.27,258.27,600,258.26,1000,258.25,600,258.24,400,258.21,200,258.19,200,258.18,400,258.17,200,258.16,100,258.15,800,258.3,200,258.31,400,258.34,800,258.35,800,258.36,100,258.38,600,258.39,1700,258.4,800,258.41,500,258.43,100
2026-01-16 09:35:54,258.23,258.25,1,258.21,400,258.25,200,258.25,258.21,258.21,400,258.2,400,258.19,200,258.18,400,258.17,200,258.16,100,258.15,800,258.13,200,258.12,200,258.11,700,258.25,200,258.26,300,258.27,100,258.28,200,258.3,400,258.31,100,258.32,100,258.33,200,258.34,800,258.35,800
2026-01-16 09:35:55,258.235,258.23,1,258.21,600,258.26,400,258.26,258.21,258.21,600,258.2,400,258.19,200,258.18,400,258.17,200,258.16,100,258.15,800,258.13,200,258.12,200,258.11,700,258.26,400,258.27,100,258.28,200,258.3,400,258.31,100,258.32,100,258.33,200,258.34,800,258.35,800,258.36,100
2026-01-16 09:35:56,258.28,258.26,2,258.24,600,258.32,400,258.32,258.24,258.24,600,258.23,600,258.22,1000,258.21,500,258.2,400,258.19,200,258.18,400,258.17,200,258.16,100,258.15,800,258.32,400,258.33,200,258.34,800,258.35,800,258.36,100,258.38,600,258.39,1700,258.4,800,258.41,500,258.43,100
2026-01-16 09:35:57,258.25,258.27,1,258.22,900,258.28,800,258.28,258.22,258.22,900,258.21,500,258.2,400,258.19,200,258.18,400,258.17,200,258.16,100,258.15,800,258.13,200,258.12,200,258.28,800,258.29,200,258.3,300,258.31,500,258.33,100,258.34,400,258.35,300,258.37,100,258.38,600,258.39,1700
2026-01-16 09:35:58,258.24,258.25,2,258.22,800,258.26,400,258.26,258.22,258.22,800,258.21,500,258.2,400,258.19,200,258.18,400,258.17,200,258.16,100,258.15,800,258.13,200,258.12,200,258.26,400,258.27,300,258.28,800,258.29,200,258.3,300,258.31,500,258.33,100,258.34,400,258.35,300,258.37,100
2026-01-16 09:35:59,258.21,258.21,2,258.2,400,258.22,400,258.22,258.2,258.2,400,258.19,200,258.18,400,258.17,200,258.16,100,258.15,800,258.13,200,258.12,200,258.11,700,258.1,500,258.22,400,258.23,100,258.24,300,258.25,100,258.26,300,258.27,300,258.28,800,258.29,200,258.3,300,258.31,500
2026-01-16 09:36:00,258.17,258.19,10,258.15,1100,258.19,600,258.19,258.15,258.15,1100,258.13,200,258.12,200,258.11,700,258.1,500,258.08,700,258.06,100,258.05,600,258.04,700,258.02,600,258.19,600,258.2,400,258.21,300,258.22,100,258.23,200,258.24,300,258.25,100,258.26,300,258.27,300,258.28,800
2026-01-16 09:36:01,258.155,258.15,1,258.12,400,258.19,600,258.19,258.12,258.12,400,258.11,600,258.1,500,258.08,700,258.06,100,258.05,600,258.04,700,258.02,600,258.01,900,258.0,1800,258.19,600,258.21,700,258.23,500,258.24,400,258.25,200,258.27,200,258.28,800,258.29,200,258.3,300,258.31,500
2026-01-16 09:36:02,258.125,258.13,2,258.09,800,258.16,400,258.16,258.09,258.09,800,258.08,400,258.05,700,258.04,700,258.02,600,258.01,900,258.0,1800,257.9,100,257.88,200,257.85,100,258.16,400,258.17,100,258.18,500,258.21,700,258.23,500,258.24,400,258.25,200,258.27,200,258.28,800,258.29,200
2026-01-16 09:36:03,258.125,258.13,2,258.09,800,258.16,400,258.16,258.09,258.09,800,258.08,400,258.05,700,258.04,700,258.02,600,258.01,900,258.0,1800,257.9,100,257.88,200,257.85,100,258.16,400,258.17,100,258.18,500,258.21,700,258.23,500,258.24,400,258.25,200,258.27,200,258.28,800,258.29,200
2026-01-16 09:36:04,258.12,258.16,1,258.09,1000,258.15,300,258.15,258.09,258.09,1000,258.08,400,258.05,700,258.04,700,258.02,600,258.01,900,258.0,1800,257.9,100,257.88,200,257.85,100,258.15,300,258.16,700,258.19,100,258.21,700,258.23,500,258.24,400,258.25,200,258.27,200,258.28,800,258.29,200
2026-01-16 09:36:05,258.12,258.16,1,258.09,1200,258.15,300,258.15,258.09,258.09,1200,258.08,400,258.05,700,258.04,700,258.02,600,258.01,900,258.0,1800,257.9,100,257.88,200,257.85,100,258.15,300,258.16,800,258.19,100,258.21,700,258.23,500,258.24,400,258.25,200,258.27,200,258.28,800,258.29,200
2026-01-16 09:36:06,258.12,258.12,1,258.09,1200,258.15,500,258.15,258.09,258.09,1200,258.08,400,258.05,700,258.04,700,258.02,600,258.01,900,258.0,1800,257.9,100,257.88,200,257.85,100,258.15,500,258.16,800,258.19,100,258.21,700,258.23,500,258.24,400,258.25,200,258.27,200,258.28,800,258.29,200
2026-01-16 09:36:07,258.115,258.12,1,258.09,1200,258.14,300,258.14,258.09,258.09,1200,258.08,400,258.05,700,258.04,700,258.02,600,258.01,900,258.0,1800,257.9,100,257.88,200,257.85,100,258.14,300,258.15,1000,258.16,800,258.19,100,258.21,700,258.23,500,258.24,400,258.25,200,258.27,200,258.28,800
2026-01-16 09:36:08,258.055,258.07,1,258.04,400,258.07,100,258.07,258.04,258.04,400,258.03,100,258.01,1000,258.0,1800,257.9,100,257.88,200,257.85,100,,,,,,,258.07,100,258.08,600,258.1,200,258.12,200,258.14,600,258.15,1000,258.16,800,258.19,100,258.21,700,258.23,500
2026-01-16 09:36:09,258.06,258.07,1,258.04,300,258.08,700,258.08,258.04,258.04,300,258.03,100,258.01,1000,258.0,1800,257.9,100,257.88,200,257.85,100,,,,,,,258.08,700,258.1,200,258.12,200,258.14,600,258.15,1000,258.16,800,258.19,100,258.21,700,258.23,500,258.24,400
2026-01-16 09:36:10,258.06,258.04,2,258.04,300,258.08,700,258.08,258.04,258.04,300,258.03,100,258.01,1000,258.0,1800,257.9,100,257.88,200,257.85,100,,,,,,,258.08,700,258.1,200,258.12,200,258.14,600,258.15,1000,258.16,800,258.19,100,258.21,700,258.23,500,258.24,400
2026-01-16 09:36:11,258.065,258.06,1,258.05,100,258.08,800,258.08,258.05,258.05,100,258.04,400,258.03,100,258.01,1000,258.0,1800,257.9,100,257.88,200,257.85,100,,,,,258.08,800,258.1,200,258.12,200,258.14,600,258.15,1000,258.16,800,258.19,100,258.21,700,258.23,500,258.24,400
2026-01-16 09:36:12,258.085,258.09,2,258.05,1000,258.12,100,258.12,258.05,258.05,1000,258.04,400,258.03,100,258.01,1000,258.0,1800,257.9,100,257.88,200,257.85,100,,,,,258.12,100,258.13,1000,258.14,600,258.15,1000,258.16,800,258.19,100,258.21,700,258.23,500,258.24,400,258.25,200
2026-01-16 09:36:13,258.09,257.54,2,258.06,800,258.12,200,258.12,258.06,258.06,800,258.05,1100,258.04,400,258.03,100,258.01,1000,258.0,1800,257.9,100,257.88,200,257.85,100,,,258.12,200,258.13,1100,258.14,600,258.15,1000,258.16,800,258.19,100,258.21,700,258.23,500,258.24,400,258.25,200
2026-01-16 09:36:14,258.11,258.11,1,258.09,200,258.13,1500,258.13,258.09,258.09,200,258.08,100,258.07,200,258.06,600,258.05,1100,258.04,400,258.03,100,258.01,1000,258.0,1800,257.9,100,258.13,1500,258.14,600,258.15,1000,258.16,800,258.19,100,258.21,700,258.23,500,258.24,400,258.25,200,258.27,200
2026-01-16 09:36:15,258.11,258.09,4,258.09,300,258.13,1500,258.13,258.09,258.09,300,258.08,100,258.07,200,258.06,600,258.05,1100,258.04,400,258.03,100,258.01,1000,258.0,1800,257.9,100,258.13,1500,258.14,600,258.15,1000,258.16,800,258.19,100,258.21,700,258.23,500,258.24,400,258.25,200,258.27,200
2026-01-16 09:36:16,258.11,258.12,1,258.09,400,258.13,1500,258.13,258.09,258.09,400,258.08,300,258.07,400,258.06,600,258.05,1100,258.04,400,258.03,100,258.01,1000,258.0,1800,257.9,100,258.13,1500,258.14,600,258.15,1000,258.16,800,258.19,100,258.21,700,258.23,500,258.24,400,258.25,200,258.27,200
2026-01-16 09:36:17,258.145,258.16,5,258.12,600,258.17,200,258.17,258.12,258.12,600,258.11,200,258.09,300,258.08,300,258.07,400,258.06,600,258.05,1100,258.04,400,258.03,100,258.01,1000,258.17,200,258.19,100,258.21,800,258.23,500,258.24,400,258.25,200,258.27,200,258.28,800,258.29,200,258.3,300
2026-01-16 09:36:18,258.145,258.12,3,258.12,700,258.17,600,258.17,258.12,258.12,700,258.11,200,258.09,300,258.08,300,258.07,400,258.06,600,258.05,1100,258.04,400,258.03,100,258.01,1000,258.17,600,258.19,100,258.21,800,258.23,500,258.24,400,258.25,200,258.27,200,258.28,800,258.29,200,258.3,300
2026-01-16 09:36:19,258.145,258.16,3,258.13,300,258.16,600,258.16,258.13,258.13,300,258.12,700,258.11,200,258.09,300,258.08,300,258.07,400,258.06,600,258.05,1100,258.04,400,258.03,100,258.16,600,258.17,600,258.19,100,258.21,800,258.23,500,258.24,400,258.25,200,258.27,200,258.28,800,258.29,200
2026-01-16 09:36:20,258.17,258.17,1,258.14,600,258.2,200,258.2,258.14,258.14,600,258.13,700,258.12,700,258.11,200,258.09,300,258.08,300,258.07,400,258.06,600,258.05,1100,258.04,400,258.2,200,258.21,800,258.23,500,258.24,400,258.25,200,258.27,200,258.28,800,258.29,200,258.3,300,258.31,500
2026-01-16 09:36:21,258.175,258.17,1,258.15,300,258.2,400,258.2,258.15,258.15,300,258.14,600,258.13,700,258.12,700,258.11,200,258.09,300,258.08,300,258.07,400,258.06,600,258.05,1100,258.2,400,258.21,800,258.23,500,258.24,400,258.25,200,258.27,200,258.28,800,258.29,200,258.3,300,258.31,500
2026-01-16 09:36:22,258.14,258.13,1,258.13,100,258.15,500,258.15,258.13,258.13,100,258.12,700,258.11,200,258.09,300,258.08,300,258.07,400,258.06,600,258.05,1100,258.04,400,258.03,100,258.15,500,258.17,200,258.2,400,258.21,800,258.23,500,258.24,400,258.25,200,258.27,200,258.28,800,258.29,200
2026-01-16 09:36:23,258.175,258.18,1,258.15,400,258.2,500,258.2,258.15,258.15,400,258.14,500,258.13,600,258.12,700,258.11,200,258.09,300,258.08,300,258.07,400,258.06,600,258.05,1100,258.2,500,258.21,800,258.23,500,258.24,400,258.25,200,258.27,200,258.28,800,258.29,200,258.3,300,258.31,500
