sim_time,mid_price,last_price,last_size,best_bid_price,best_bid_size,best_ask_price,best_ask_size,close_price_buy,close_price_sell,bid1_price,bid1_size,bid2_price,bid2_size,bid3_price,bid3_size,bid4_price,bid4_size,bid5_price,bid5_size,bid6_price,bid6_size,bid7_price,bid7_size,bid8_price,bid8_size,bid9_price,bid9_size,bid10_price,bid10_size,ask1_price,ask1_size,ask2_price,ask2_size,ask3_price,ask3_size,ask4_price,ask4_size,ask5_price,ask5_size,ask6_price,ask6_size,ask7_price,ask7_size,ask8_price,ask8_size,ask9_price,ask9_size,ask10_price,ask10_size
2026-01-16 09:30:36,330.81,0.0,0,330.4,40,331.22,200,331.22,330.4,330.4,40,330.06,200,330.03,320,329.54,40,329.5,40,328.7,200,,,,,,,,,331.22,200,331.39,320,331.52,160,,,,,,,,,,,,,,
2026-01-16 09:30:37,330.81,0.0,0,330.4,40,331.22,200,331.22,330.4,330.4,40,330.06,200,330.03,320,329.54,40,329.5,40,328.7,200,,,,,,,,,331.22,200,331.39,320,331.52,160,,,,,,,,,,,,,,
2026-01-16 09:30:38,330.81,0.0,0,330.4,40,331.22,200,331.22,330.4,330.4,40,330.06,200,330.03,320,329.54,40,329.5,40,328.7,200,,,,,,,,,331.22,200,331.39,320,331.52,160,,,,,,,,,,,,,,
2026-01-16 09:30:38,330.81,0.0,0,330.4,40,331.22,200,331.22,330.4,330.4,40,330.06,200,330.03,320,329.54,40,329.5,40,328.7,200,,,,,,,,,331.22,200,331.39,320,331.52,160,,,,,,,,,,,,,,
2026-01-16 09:30:39,330.81,0.0,0,330.4,40,331.22,200,331.22,330.4,330.4,40,330.06,200,330.03,320,329.54,40,329.5,40,328.7,200,,,,,,,,,331.22,200,331.39,320,331.52,160,,,,,,,,,,,,,,
2026-01-16 09:30:39,330.81,0.0,0,330.4,40,331.22,200,331.22,330.4,330.4,40,330.06,200,330.03,320,329.54,40,329.5,40,328.7,200,,,,,,,,,331.22,200,331.39,320,331.52,160,,,,,,,,,,,,,,
2026-01-16 09:30:41,330.81,0.0,0,330.4,40,331.22,200,331.22,330.4,330.4,40,330.06,200,330.03,320,329.54,40,329.5,40,328.7,200,,,,,,,,,331.22,200,331.39,320,331.52,160,,,,,,,,,,,,,,
2026-01-16 09:30:43,330.81,330.81,1,330.4,40,331.22,200,331.22,330.4,330.4,40,330.06,200,330.03,320,329.54,40,329.5,40,328.7,200,,,,,,,,,331.22,200,331.39,320,331.52,160,,,,,,,,,,,,,,
2026-01-16 09:30:44,330.81,330.81,1,330.4,40,331.22,200,331.22,330.4,330.4,40,330.06,200,330.03,320,329.54,40,329.5,40,328.7,200,,,,,,,,,331.22,200,331.39,320,331.52,160,,,,,,,,,,,,,,
2026-01-16 09:30:45,330.81,330.81,1,330.4,40,331.22,200,331.22,330.4,330.4,40,330.06,200,330.03,320,329.54,40,329.5,40,328.7,200,,,,,,,,,331.22,200,331.39,320,331.52,160,,,,,,,,,,,,,,
2026-01-16 09:30:46,330.81,330.81,1,330.4,40,331.22,200,331.22,330.4,330.4,40,330.06,200,330.03,320,329.54,40,329.5,40,328.7,200,,,,,,,,,331.22,200,331.39,320,331.52,160,,,,,,,,,,,,,,
2026-01-16 09:30:47,330.81,330.81,1,330.4,40,331.22,200,331.22,330.4,330.4,40,330.06,200,330.03,320,329.54,40,329.5,40,328.7,200,,,,,,,,,331.22,200,331.39,320,331.52,160,,,,,,,,,,,,,,
2026-01-16 09:30:48,330.81,330.81,1,330.4,40,331.22,200,331.22,330.4,330.4,40,330.06,200,330.03,320,329.54,40,329.5,40,328.7,200,,,,,,,,,331.22,200,331.39,320,331.52,160,,,,,,,,,,,,,,
2026-01-16 09:30:49,330.785,330.81,1,330.35,40,331.22,200,331.22,330.35,330.35,40,330.06,200,330.03,320,329.54,40,329.5,40,328.7,200,,,,,,,,,331.22,200,331.39,320,331.52,160,,,,,,,,,,,,,,
2026-01-16 09:30:50,330.785,330.81,1,330.35,40,331.22,200,331.22,330.35,330.35,40,330.06,200,330.03,320,329.54,40,329.5,40,328.7,200,,,,,,,,,331.22,200,331.39,320,331.52,160,,,,,,,,,,,,,,
2026-01-16 09:30:51,330.785,330.81,1,330.35,40,331.22,200,331.22,330.35,330.35,40,330.06,200,330.03,320,329.54,40,329.5,40,328.7,200,,,,,,,,,331.22,200,331.39,320,331.52,160,,,,,,,,,,,,,,
2026-01-16 09:30:52,330.785,330.81,1,330.35,40,331.22,200,331.22,330.35,330.35,40,330.06,200,330.03,320,329.54,40,329.5,40,328.7,200,,,,,,,,,331.22,200,331.39,320,331.52,160,,,,,,,,,,,,,,
2026-01-16 09:30:53,330.785,330.81,1,330.35,40,331.22,200,331.22,330.35,330.35,40,330.06,200,330.03,320,329.54,40,329.5,40,328.7,200,,,,,,,,,331.22,200,331.39,320,331.52,160,,,,,,,,,,,,,,
2026-01-16 09:30:54,330.785,330.81,1,330.35,40,331.22,200,331.22,330.35,330.35,40,330.06,200,330.03,320,329.54,40,329.5,40,328.7,200,,,,,,,,,331.22,200,331.39,320,331.52,160,,,,,,,,,,,,,,
2026-01-16 09:30:55,330.785,330.81,1,330.35,40,331.22,200,331.22,330.35,330.35,40,330.06,200,330.03,320,329.54,40,329.5,40,328.7,200,,,,,,,,,331.22,200,331.39,320,331.52,160,,,,,,,,,,,,,,
2026-01-16 09:30:56,330.81,330.81,1,330.4,40,331.22,200,331.22,330.4,330.4,40,330.35,40,330.06,200,330.03,320,329.54,40,329.5,40,328.7,200,,,,,,,331.22,200,331.39,320,331.52,160,,,,,,,,,,,,,,
2026-01-16 09:30:57,330.81,330.81,1,330.4,40,331.22,200,331.22,330.4,330.4,40,330.35,40,330.06,200,330.03,320,329.54,40,329.5,40,328.7,200,,,,,,,331.22,200,331.39,320,331.52,160,,,,,,,,,,,,,,
2026-01-16 09:30:58,330.81,330.81,1,330.4,40,331.22,200,331.22,330.4,330.4,40,330.35,40,330.06,200,330.03,320,329.54,40,329.5,40,328.7,200,,,,,,,331.22,200,331.39,320,331.52,160,,,,,,,,,,,,,,
2026-01-16 09:30:59,330.81,330.81,1,330.4,40,331.22,200,331.22,330.4,330.4,40,330.35,40,330.06,200,330.03,320,329.54,40,329.5,40,328.7,200,,,,,,,331.22,200,331.39,320,331.52,160,,,,,,,,,,,,,,
2026-01-16 09:31:00,330.815,330.81,1,330.41,40,331.22,200,331.22,330.41,330.41,40,330.4,40,330.35,40,330.06,200,330.03,320,329.54,40,329.5,40,328.7,200,,,,,331.22,200,331.39,320,331.52,160,,,,,,,,,,,,,,
2026-01-16 09:31:01,330.815,330.81,1,330.41,40,331.22,200,331.22,330.41,330.41,40,330.4,40,330.35,40,330.06,200,330.03,320,329.54,40,329.5,40,328.7,200,,,,,331.22,200,331.39,320,331.52,160,,,,,,,,,,,,,,
2026-01-16 09:31:02,330.815,330.82,1,330.41,40,331.22,200,331.22,330.41,330.41,40,330.4,40,330.35,40,330.06,200,330.03,320,329.54,40,329.5,40,328.7,200,,,,,331.22,200,331.39,320,331.52,160,,,,,,,,,,,,,,
2026-01-16 09:31:03,330.815,330.82,1,330.41,40,331.22,200,331.22,330.41,330.41,40,330.4,40,330.35,40,330.06,200,330.03,320,329.54,40,329.5,40,328.7,200,,,,,331.22,200,331.39,320,331.52,160,,,,,,,,,,,,,,
2026-01-16 09:31:04,330.815,330.82,1,330.41,40,331.22,200,331.22,330.41,330.41,40,330.4,40,330.35,40,330.06,200,330.03,320,329.54,40,329.5,40,328.7,200,,,,,331.22,200,331.39,320,331.52,160,,,,,,,,,,,,,,
2026-01-16 09:31:05,330.815,330.82,1,330.41,40,331.22,200,331.22,330.41,330.41,40,330.4,40,330.35,40,330.06,200,330.03,320,329.54,40,329.5,40,328.7,200,,,,,331.22,200,331.39,320,331.52,160,,,,,,,,,,,,,,
2026-01-16 09:31:06,330.815,330.82,1,330.41,40,331.22,200,331.22,330.41,330.41,40,330.4,40,330.35,40,330.06,200,330.03,320,329.54,40,329.5,40,328.7,200,,,,,331.22,200,331.39,320,331.52,160,,,,,,,,,,,,,,
2026-01-16 09:31:07,330.815,330.82,1,330.41,40,331.22,200,331.22,330.41,330.41,40,330.4,40,330.35,40,330.06,200,330.03,320,329.54,40,329.5,40,328.7,200,,,,,331.22,200,331.39,320,331.52,160,,,,,,,,,,,,,,
2026-01-16 09:31:08,331.085,330.82,1,330.65,40,331.52,80,331.52,330.65,330.65,40,330.41,40,330.4,40,330.35,40,330.06,200,330.03,320,329.54,40,329.5,40,328.7,200,,,331.52,80,,,,,,,,,,,,,,,,,,
2026-01-16 09:31:09,331.085,330.82,1,330.65,80,331.52,160,331.52,330.65,330.65,80,330.41,40,330.4,40,330.35,40,330.06,200,330.03,320,329.54,40,329.5,40,328.7,200,,,331.52,160,,,,,,,,,,,,,,,,,,
2026-01-16 09:31:10,331.125,331.52,1,330.65,80,331.6,80,331.6,330.65,330.65,80,330.41,40,330.4,40,330.35,40,330.06,200,330.03,320,329.54,40,329.5,40,328.7,200,,,331.6,80,,,,,,,,,,,,,,,,,,
2026-01-16 09:31:11,331.125,331.13,1,330.65,80,331.6,80,331.6,330.65,330.65,80,330.41,40,330.4,40,330.35,40,330.06,200,330.03,320,329.54,40,329.5,40,328.7,200,,,331.6,80,,,,,,,,,,,,,,,,,,
2026-01-16 09:31:12,331.125,331.13,1,330.65,80,331.6,80,331.6,330.65,330.65,80,330.41,40,330.4,40,330.35,40,330.06,200,330.03,320,329.54,40,329.5,40,328.7,200,,,331.6,80,,,,,,,,,,,,,,,,,,
2026-01-16 09:31:13,331.125,331.13,1,330.65,80,331.6,80,331.6,330.65,330.65,80,330.41,40,330.4,40,330.35,40,330.06,200,330.03,320,329.54,40,329.5,40,328.7,200,,,331.6,80,,,,,,,,,,,,,,,,,,
2026-01-16 09:31:14,331.125,331.13,1,330.65,80,331.6,80,331.6,330.65,330.65,80,330.41,40,330.4,40,330.35,40,330.06,200,330.03,320,329.54,40,329.5,40,328.7,200,,,331.6,80,,,,,,,,,,,,,,,,,,
2026-01-16 09:31:15,331.125,331.13,1,330.65,80,331.6,80,331.6,330.65,330.65,80,330.41,40,330.4,40,330.35,40,330.06,200,330.03,320,329.54,40,329.5,40,328.7,200,,,331.6,80,,,,,,,,,,,,,,,,,,
2026-01-16 09:31:16,331.125,331.13,1,330.65,80,331.6,80,331.6,330.65,330.65,80,330.41,40,330.4,40,330.35,40,330.06,200,330.03,320,329.54,40,329.5,40,328.7,200,,,331.6,80,,,,,,,,,,,,,,,,,,
2026-01-16 09:31:17,331.125,331.13,1,330.65,80,331.6,80,331.6,330.65,330.65,80,330.41,40,330.4,40,330.35,40,330.06,200,330.03,320,329.54,40,329.5,40,328.7,200,,,331.6,80,,,,,,,,,,,,,,,,,,
2026-01-16 09:31:18,331.125,331.13,1,330.65,80,331.6,80,331.6,330.65,330.65,80,330.41,40,330.4,40,330.35,40,330.06,200,330.03,320,329.54,40,329.5,40,328.7,200,,,331.6,80,,,,,,,,,,,,,,,,,,
2026-01-16 09:31:19,331.125,331.13,1,330.65,80,331.6,80,331.6,330.65,330.65,80,330.41,40,330.4,40,330.35,40,330.06,200,330.03,320,329.54,40,329.5,40,328.7,200,,,331.6,80,,,,,,,,,,,,,,,,,,
2026-01-16 09:31:20,331.125,331.13,1,330.65,80,331.6,80,331.6,330.65,330.65,80,330.41,40,330.4,40,330.35,40,330.06,200,330.03,320,329.54,40,329.5,40,328.7,200,,,331.6,80,,,,,,,,,,,,,,,,,,
2026-01-16 09:31:21,331.125,331.13,1,330.65,80,331.6,80,331.6,330.65,330.65,80,330.41,40,330.4,40,330.35,40,330.06,200,330.03,320,329.54,40,329.5,40,328.7,200,,,331.6,80,,,,,,,,,,,,,,,,,,
2026-01-16 09:31:22,331.125,331.13,1,330.65,80,331.6,80,331.6,330.65,330.65,80,330.41,40,330.4,40,330.35,40,330.06,200,330.03,320,329.54,40,329.5,40,328.7,200,,,331.6,80,,,,,,,,,,,,,,,,,,
2026-01-16 09:31:23,331.125,331.13,1,330.65,80,331.6,80,331.6,330.65,330.65,80,330.41,40,330.4,40,330.35,40,330.06,200,330.03,320,329.54,40,329.5,40,328.7,200,,,331.6,80,,,,,,,,,,,,,,,,,,
2026-01-16 09:31:24,331.125,331.13,1,330.65,80,331.6,80,331.6,330.65,330.65,80,330.41,40,330.4,40,330.35,40,330.06,200,330.03,320,329.54,40,329.5,40,328.7,200,,,331.6,80,,,,,,,,,,,,,,,,,,
2026-01-16 09:31:25,331.125,331.13,1,330.65,80,331.6,80,331.6,330.65,330.65,80,330.41,40,330.4,40,330.35,40,330.06,200,330.03,320,329.54,40,329.5,40,328.7,200,,,331.6,80,,,,,,,,,,,,,,,,,,
2026-01-16 09:31:26,331.125,331.13,1,330.65,80,331.6,80,331.6,330.65,330.65,80,330.41,40,330.4,40,330.35,40,330.06,200,330.03,320,329.54,40,329.5,40,328.7,200,,,331.6,80,,,,,,,,,,,,,,,,,,
2026-01-16 09:31:27,331.125,331.13,1,330.65,80,331.6,80,331.6,330.65,330.65,80,330.41,40,330.4,40,330.35,40,330.06,200,330.03,320,329.54,40,329.5,40,328.7,200,,,331.6,80,,,,,,,,,,,,,,,,,,
2026-01-16 09:31:28,331.125,331.13,1,330.65,80,331.6,80,331.6,330.65,330.65,80,330.41,40,330.4,40,330.35,40,330.06,200,330.03,320,329.54,40,329.5,40,328.7,200,,,331.6,80,,,,,,,,,,,,,,,,,,
2026-01-16 09:31:29,331.125,331.13,1,330.65,80,331.6,80,331.6,330.65,330.65,80,330.41,40,330.4,40,330.35,40,330.06,200,330.03,320,329.54,40,329.5,40,328.7,200,,,331.6,80,,,,,,,,,,,,,,,,,,
2026-01-16 09:31:30,331.125,331.13,1,330.65,80,331.6,80,331.6,330.65,330.65,80,330.41,40,330.4,40,330.35,40,330.06,200,330.03,320,329.54,40,329.5,40,328.7,200,,,331.6,80,,,,,,,,,,,,,,,,,,
2026-01-16 09:31:31,331.125,331.13,1,330.65,80,331.6,80,331.6,330.65,330.65,80,330.41,40,330.4,40,330.35,40,330.06,200,330.03,320,329.54,40,329.5,40,328.7,200,,,331.6,80,,,,,,,,,,,,,,,,,,
2026-01-16 09:31:32,331.125,331.13,1,330.65,80,331.6,80,331.6,330.65,330.65,80,330.41,40,330.4,40,330.35,40,330.06,200,330.03,320,329.54,40,329.5,40,328.7,200,,,331.6,80,,,,,,,,,,,,,,,,,,
2026-01-16 09:31:33,331.125,331.13,1,330.65,120,331.6,80,331.6,330.65,330.65,120,330.41,40,330.4,40,330.35,40,330.06,200,330.03,320,329.54,40,329.5,40,328.7,200,,,331.6,80,,,,,,,,,,,,,,,,,,
2026-01-16 09:31:34,331.125,331.13,1,330.65,120,331.6,80,331.6,330.65,330.65,120,330.41,40,330.4,40,330.35,40,330.06,200,330.03,320,329.54,40,329.5,40,328.7,200,,,331.6,80,,,,,,,,,,,,,,,,,,
2026-01-16 09:31:35,331.125,331.13,1,330.65,120,331.6,80,331.6,330.65,330.65,120,330.41,40,330.4,40,330.35,40,330.06,200,330.03,320,329.54,40,329.5,40,328.7,200,,,331.6,80,,,,,,,,,,,,,,,,,,
2026-01-16 09:31:36,331.125,331.13,1,330.65,160,331.6,80,331.6,330.65,330.65,160,330.41,40,330.4,40,330.35,40,330.06,200,330.03,320,329.54,40,329.5,40,328.7,200,,,331.6,80,,,,,,,,,,,,,,,,,,
2026-01-16 09:31:37,331.125,331.13,1,330.65,160,331.6,80,331.6,330.65,330.65,160,330.41,40,330.4,40,330.35,40,330.06,200,330.03,320,329.54,40,329.5,40,328.7,200,,,331.6,80,,,,,,,,,,,,,,,,,,
2026-01-16 09:31:38,331.125,331.13,1,330.65,160,331.6,80,331.6,330.65,330.65,160,330.41,40,330.4,40,330.35,40,330.06,200,330.03,320,329.54,40,329.5,40,328.7,200,,,331.6,80,,,,,,,,,,,,,,,,,,
2026-01-16 09:31:39,331.125,331.13,1,330.65,160,331.6,80,331.6,330.65,330.65,160,330.41,40,330.4,40,330.35,40,330.06,200,330.03,320,329.54,40,329.5,40,328.7,200,,,331.6,80,,,,,,,,,,,,,,,,,,
2026-01-16 09:31:40,331.125,331.13,1,330.65,160,331.6,80,331.6,330.65,330.65,160,330.41,40,330.4,40,330.35,40,330.06,200,330.03,320,329.54,40,329.5,40,328.7,200,,,331.6,80,,,,,,,,,,,,,,,,,,
2026-01-16 09:31:41,331.125,331.13,1,330.65,160,331.6,80,331.6,330.65,330.65,160,330.41,40,330.4,40,330.35,40,330.06,200,330.03,320,329.54,40,329.5,40,328.7,200,,,331.6,80,,,,,,,,,,,,,,,,,,
2026-01-16 09:31:42,331.125,331.13,1,330.65,160,331.6,80,331.6,330.65,330.65,160,330.41,40,330.4,40,330.35,40,330.06,200,330.03,320,329.54,40,329.5,40,328.7,200,,,331.6,80,,,,,,,,,,,,,,,,,,
2026-01-16 09:31:43,331.125,331.13,1,330.65,160,331.6,80,331.6,330.65,330.65,160,330.41,40,330.4,40,330.35,40,330.06,200,330.03,320,329.54,40,329.5,40,328.7,200,,,331.6,80,,,,,,,,,,,,,,,,,,
2026-01-16 09:31:44,331.125,331.13,1,330.65,160,331.6,80,331.6,330.65,330.65,160,330.41,40,330.4,40,330.35,40,330.06,200,330.03,320,329.54,40,329.5,40,328.7,200,,,331.6,80,,,,,,,,,,,,,,,,,,
2026-01-16 09:31:45,331.125,331.13,1,330.65,160,331.6,80,331.6,330.65,330.65,160,330.41,40,330.4,40,330.35,40,330.06,200,330.03,320,329.54,40,329.5,40,328.7,200,,,331.6,80,,,,,,,,,,,,,,,,,,
2026-01-16 09:31:46,331.125,331.13,1,330.65,160,331.6,80,331.6,330.65,330.65,160,330.41,40,330.4,40,330.35,40,330.06,200,330.03,320,329.54,40,329.5,40,328.7,200,,,331.6,80,,,,,,,,,,,,,,,,,,
2026-01-16 09:31:47,331.125,331.13,1,330.65,160,331.6,80,331.6,330.65,330.65,160,330.41,40,330.4,40,330.35,40,330.06,200,330.03,320,329.54,40,329.5,40,328.7,200,,,331.6,80,,,,,,,,,,,,,,,,,,
2026-01-16 09:31:48,331.125,331.13,1,330.65,160,331.6,80,331.6,330.65,330.65,160,330.41,40,330.4,40,330.35,40,330.06,200,330.03,320,329.54,40,329.5,40,328.7,200,,,331.6,80,,,,,,,,,,,,,,,,,,
2026-01-16 09:31:49,331.125,331.13,1,330.65,160,331.6,80,331.6,330.65,330.65,160,330.41,40,330.4,40,330.35,40,330.06,200,330.03,320,329.54,40,329.5,40,328.7,200,,,331.6,80,,,,,,,,,,,,,,,,,,
2026-01-16 09:31:50,331.125,331.13,1,330.65,160,331.6,80,331.6,330.65,330.65,160,330.41,40,330.4,40,330.35,40,330.06,200,330.03,320,329.54,40,329.5,40,328.7,200,,,331.6,80,,,,,,,,,,,,,,,,,,
2026-01-16 09:31:51,331.125,331.13,1,330.65,120,331.6,80,331.6,330.65,330.65,120,330.41,40,330.4,40,330.35,40,330.06,200,330.03,320,329.54,40,329.5,40,328.7,200,,,331.6,80,,,,,,,,,,,,,,,,,,
2026-01-16 09:31:52,331.125,331.13,1,330.65,120,331.6,80,331.6,330.65,330.65,120,330.41,40,330.4,40,330.35,40,330.06,200,330.03,320,329.54,40,329.5,40,328.7,200,,,331.6,80,,,,,,,,,,,,,,,,,,
2026-01-16 09:31:53,331.125,331.13,1,330.65,120,331.6,80,331.6,330.65,330.65,120,330.41,40,330.4,40,330.35,40,330.06,200,330.03,320,329.54,40,329.5,40,328.7,200,,,331.6,80,,,,,,,,,,,,,,,,,,
2026-01-16 09:31:54,331.125,331.13,1,330.65,120,331.6,80,331.6,330.65,330.65,120,330.41,40,330.4,40,330.35,40,330.06,200,330.03,320,329.54,40,329.5,40,328.7,200,,,331.6,80,,,,,,,,,,,,,,,,,,
2026-01-16 09:31:55,331.125,331.13,1,330.65,120,331.6,80,331.6,330.65,330.65,120,330.41,40,330.4,40,330.35,40,330.06,200,330.03,320,329.54,40,329.5,40,328.7,200,,,331.6,80,,,,,,,,,,,,,,,,,,
2026-01-16 09:31:56,331.13,331.13,1,330.66,80,331.6,80,331.6,330.66,330.66,80,330.65,120,330.41,40,330.4,40,330.35,40,330.06,200,330.03,320,329.54,40,329.5,40,328.7,200,331.6,80,,,,,,,,,,,,,,,,,,
2026-01-16 09:31:57,331.13,331.13,1,330.66,80,331.6,80,331.6,330.66,330.66,80,330.65,120,330.41,40,330.4,40,330.35,40,330.06,200,330.03,320,329.54,40,329.5,40,328.7,200,331.6,80,,,,,,,,,,,,,,,,,,
2026-01-16 09:31:58,331.13,331.13,1,330.66,80,331.6,80,331.6,330.66,330.66,80,330.65,120,330.41,40,330.4,40,330.35,40,330.06,200,330.03,320,329.54,40,329.5,40,328.7,200,331.6,80,,,,,,,,,,,,,,,,,,
2026-01-16 09:31:59,331.13,331.13,1,330.66,80,331.6,80,331.6,330.66,330.66,80,330.65,120,330.41,40,330.4,40,330.35,40,330.06,200,330.03,320,329.54,40,329.5,40,328.7,200,331.6,80,,,,,,,,,,,,,,,,,,
2026-01-16 09:32:00,331.13,331.13,1,330.66,80,331.6,80,331.6,330.66,330.66,80,330.65,120,330.41,40,330.4,40,330.35,40,330.06,200,330.03,320,329.54,40,329.5,40,328.7,200,331.6,80,,,,,,,,,,,,,,,,,,
2026-01-16 09:32:01,331.13,331.13,1,330.66,80,331.6,80,331.6,330.66,330.66,80,330.65,120,330.41,40,330.4,40,330.35,40,330.06,200,330.03,320,329.54,40,329.5,40,328.7,200,331.6,80,,,,,,,,,,,,,,,,,,
2026-01-16 09:32:02,331.13,331.13,1,330.66,80,331.6,80,331.6,330.66,330.66,80,330.65,120,330.41,40,330.4,40,330.35,40,330.06,200,330.03,320,329.54,40,329.5,40,328.7,200,331.6,80,,,,,,,,,,,,,,,,,,
2026-01-16 09:32:03,331.13,331.13,1,330.66,80,331.6,80,331.6,330.66,330.66,80,330.65,120,330.41,40,330.4,40,330.35,40,330.06,200,330.03,320,329.54,40,329.5,40,328.7,200,331.6,80,,,,,,,,,,,,,,,,,,
2026-01-16 09:32:04,331.13,331.13,1,330.66,80,331.6,80,331.6,330.66,330.66,80,330.65,120,330.41,40,330.4,40,330.35,40,330.06,200,330.03,320,329.54,40,329.5,40,328.7,200,331.6,80,,,,,,,,,,,,,,,,,,
2026-01-16 09:32:05,331.13,331.13,1,330.66,80,331.6,80,331.6,330.66,330.66,80,330.65,120,330.41,40,330.4,40,330.35,40,330.06,200,330.03,320,329.54,40,329.5,40,328.7,200,331.6,80,,,,,,,,,,,,,,,,,,
2026-01-16 09:32:06,331.13,331.13,1,330.66,80,331.6,80,331.6,330.66,330.66,80,330.65,120,330.41,40,330.4,40,330.35,40,330.06,200,330.03,320,329.54,40,329.5,40,328.7,200,331.6,80,,,,,,,,,,,,,,,,,,
2026-01-16 09:32:07,331.13,331.13,1,330.66,80,331.6,80,331.6,330.66,330.66,80,330.65,120,330.41,40,330.4,40,330.35,40,330.06,200,330.03,320,329.54,40,329.5,40,328.7,200,331.6,80,,,,,,,,,,,,,,,,,,
2026-01-16 09:32:08,331.13,331.13,1,330.66,80,331.6,80,331.6,330.66,330.66,80,330.65,120,330.41,40,330.4,40,330.35,40,330.06,200,330.03,320,329.54,40,329.5,40,328.7,200,331.6,80,,,,,,,,,,,,,,,,,,
2026-01-16 09:32:09,331.13,331.13,1,330.66,80,331.6,80,331.6,330.66,330.66,80,330.65,120,330.41,40,330.4,40,330.35,40,330.06,200,330.03,320,329.54,40,329.5,40,328.7,200,331.6,80,,,,,,,,,,,,,,,,,,
2026-01-16 09:32:10,331.13,331.13,1,330.66,80,331.6,80,331.6,330.66,330.66,80,330.65,120,330.41,40,330.4,40,330.35,40,330.06,200,330.03,320,329.54,40,329.5,40,328.7,200,331.6,80,,,,,,,,,,,,,,,,,,
2026-01-16 09:32:11,331.13,331.13,1,330.66,80,331.6,80,331.6,330.66,330.66,80,330.65,120,330.41,40,330.4,40,330.35,40,330.06,200,330.03,320,329.54,40,329.5,40,328.7,200,331.6,80,,,,,,,,,,,,,,,,,,
2026-01-16 09:32:12,331.13,331.13,1,330.66,80,331.6,80,331.6,330.66,330.66,80,330.65,120,330.41,40,330.4,40,330.35,40,330.06,200,330.03,320,329.54,40,329.5,40,328.7,200,331.6,80,,,,,,,,,,,,,,,,,,
2026-01-16 09:32:13,331.13,331.13,1,330.66,80,331.6,120,331.6,330.66,330.66,80,330.65,120,330.41,40,330.4,40,330.35,40,330.06,200,330.03,320,329.54,40,329.5,40,328.7,200,331.6,120,,,,,,,,,,,,,,,,,,
2026-01-16 09:32:14,331.13,331.13,1,330.66,80,331.6,120,331.6,330.66,330.66,80,330.65,120,330.41,40,330.4,40,330.35,40,330.06,200,330.03,320,329.54,40,329.5,40,328.7,200,331.6,120,,,,,,,,,,,,,,,,,,
2026-01-16 09:32:15,331.13,331.13,1,330.66,80,331.6,120,331.6,330.66,330.66,80,330.65,120,330.41,40,330.4,40,330.35,40,330.06,200,330.03,320,329.54,40,329.5,40,328.7,200,331.6,120,,,,,,,,,,,,,,,,,,
2026-01-16 09:32:16,331.13,331.13,1,330.66,80,331.6,120,331.6,330.66,330.66,80,330.65,120,330.41,40,330.4,40,330.35,40,330.06,200,330.03,320,329.54,40,329.5,40,328.7,200,331.6,120,,,,,,,,,,,,,,,,,,
2026-01-16 09:32:17,331.13,331.13,1,330.66,80,331.6,120,331.6,330.66,330.66,80,330.65,120,330.41,40,330.4,40,330.35,40,330.06,200,330.03,320,329.54,40,329.5,40,328.7,200,331.6,120,,,,,,,,,,,,,,,,,,
2026-01-16 09:32:18,331.13,331.13,1,330.66,80,331.6,120,331.6,330.66,330.66,80,330.65,120,330.41,40,330.4,40,330.35,40,330.06,200,330.03,320,329.54,40,329.5,40,328.7,200,331.6,120,,,,,,,,,,,,,,,,,,
2026-01-16 09:32:19,331.13,331.13,1,330.66,80,331.6,120,331.6,330.66,330.66,80,330.65,120,330.41,40,330.4,40,330.35,40,330.06,200,330.03,320,329.54,40,329.5,40,328.7,200,331.6,120,,,,,,,,,,,,,,,,,,
2026-01-16 09:32:20,331.13,331.13,1,330.66,80,331.6,120,331.6,330.66,330.66,80,330.65,120,330.41,40,330.4,40,330.35,40,330.06,200,330.03,320,329.54,40,329.5,40,328.7,200,331.6,120,,,,,,,,,,,,,,,,,,
2026-01-16 09:32:21,331.13,331.13,1,330.66,80,331.6,80,331.6,330.66,330.66,80,330.65,120,330.41,40,330.4,40,330.35,40,330.06,200,330.03,320,329.54,40,329.5,40,328.7,200,331.6,80,,,,,,,,,,,,,,,,,,
2026-01-16 09:32:22,331.13,331.13,1,330.66,80,331.6,80,331.6,330.66,330.66,80,330.65,120,330.41,40,330.4,40,330.35,40,330.06,200,330.03,320,329.54,40,329.5,40,328.7,200,331.6,80,,,,,,,,,,,,,,,,,,
2026-01-16 09:32:24,331.13,331.13,1,330.66,80,331.6,80,331.6,330.66,330.66,80,330.65,120,330.41,40,330.4,40,330.35,40,330.06,200,330.03,320,329.54,40,329.5,40,328.7,200,331.6,80,,,,,,,,,,,,,,,,,,
2026-01-16 09:32:25,331.13,331.13,1,330.66,80,331.6,80,331.6,330.66,330.66,80,330.65,120,330.41,40,330.4,40,330.35,40,330.06,200,330.03,320,329.54,40,329.5,40,328.7,200,331.6,80,,,,,,,,,,,,,,,,,,
2026-01-16 09:32:26,331.13,331.13,1,330.66,120,331.6,80,331.6,330.66,330.66,120,330.65,120,330.41,40,330.4,40,330.35,40,330.06,200,330.03,320,329.54,40,329.5,40,328.7,200,331.6,80,,,,,,,,,,,,,,,,,,
2026-01-16 09:32:26,331.13,331.13,1,330.66,120,331.6,80,331.6,330.66,330.66,120,330.65,120,330.41,40,330.4,40,330.35,40,330.06,200,330.03,320,329.54,40,329.5,40,328.7,200,331.6,80,,,,,,,,,,,,,,,,,,
2026-01-16 09:32:27,330.925,330.66,1,330.25,200,331.6,160,331.6,330.25,330.25,200,330.03,280,329.54,40,329.5,40,328.7,200,,,,,,,,,,,331.6,160,,,,,,,,,,,,,,,,,,
2026-01-16 09:32:29,330.93,330.66,1,330.26,40,331.6,160,331.6,330.26,330.26,40,330.25,200,330.03,280,329.54,40,329.5,40,328.7,200,,,,,,,,,331.6,160,,,,,,,,,,,,,,,,,,
2026-01-16 09:32:30,330.93,330.66,1,330.26,40,331.6,160,331.6,330.26,330.26,40,330.25,200,330.03,280,329.54,40,329.5,40,328.7,200,,,,,,,,,331.6,160,,,,,,,,,,,,,,,,,,
2026-01-16 09:32:30,330.93,330.66,1,330.26,40,331.6,160,331.6,330.26,330.26,40,330.25,200,330.03,280,329.54,40,329.5,40,328.7,200,,,,,,,,,331.6,160,,,,,,,,,,,,,,,,,,
2026-01-16 09:32:31,330.93,330.66,1,330.26,40,331.6,160,331.6,330.26,330.26,40,330.25,200,330.03,280,329.54,40,329.5,40,328.7,200,,,,,,,,,331.6,160,,,,,,,,,,,,,,,,,,
2026-01-16 09:32:33,330.93,330.66,1,330.26,40,331.6,160,331.6,330.26,330.26,40,330.25,200,330.03,280,329.54,40,329.5,40,328.7,200,,,,,,,,,331.6,160,,,,,,,,,,,,,,,,,,
2026-01-16 09:32:33,330.93,330.66,1,330.26,40,331.6,160,331.6,330.26,330.26,40,330.25,200,330.03,280,329.54,40,329.5,40,328.7,200,,,,,,,,,331.6,160,,,,,,,,,,,,,,,,,,
2026-01-16 09:32:35,330.82,330.66,1,330.26,80,331.38,200,331.38,330.26,330.26,80,330.25,200,330.03,280,329.54,40,329.5,40,328.7,200,,,,,,,,,331.38,200,331.6,160,,,,,,,,,,,,,,,,
2026-01-16 09:32:35,330.82,330.66,1,330.26,80,331.38,200,331.38,330.26,330.26,80,330.25,200,330.03,280,329.54,40,329.5,40,328.7,200,,,,,,,,,331.38,200,331.6,160,,,,,,,,,,,,,,,,
2026-01-16 09:32:36,330.82,330.66,1,330.26,80,331.38,80,331.38,330.26,330.26,80,330.25,200,330.03,280,329.54,40,329.5,40,328.7,200,,,,,,,,,331.38,80,331.6,160,,,,,,,,,,,,,,,,
2026-01-16 09:32:37,330.82,330.66,1,330.26,80,331.38,80,331.38,330.26,330.26,80,330.25,200,330.03,280,329.54,40,329.5,40,328.7,200,,,,,,,,,331.38,80,331.6,160,,,,,,,,,,,,,,,,
2026-01-16 09:32:39,330.82,330.66,1,330.26,80,331.38,80,331.38,330.26,330.26,80,330.25,200,330.03,280,329.54,40,329.5,40,328.7,200,,,,,,,,,331.38,80,331.6,160,,,,,,,,,,,,,,,,
2026-01-16 09:32:40,330.82,330.66,1,330.26,80,331.38,80,331.38,330.26,330.26,80,330.25,200,330.03,280,329.54,40,329.5,40,328.7,200,,,,,,,,,331.38,80,331.6,160,,,,,,,,,,,,,,,,
2026-01-16 09:32:41,330.82,330.66,1,330.26,80,331.38,80,331.38,330.26,330.26,80,330.25,200,330.03,280,329.54,40,329.5,40,328.7,200,,,,,,,,,331.38,80,331.6,160,,,,,,,,,,,,,,,,
2026-01-16 09:32:42,330.82,330.66,1,330.26,80,331.38,80,331.38,330.26,330.26,80,330.25,200,330.03,280,329.54,40,329.5,40,328.7,200,,,,,,,,,331.38,80,331.6,160,,,,,,,,,,,,,,,,
2026-01-16 09:32:43,330.82,330.66,1,330.26,80,331.38,80,331.38,330.26,330.26,80,330.25,200,330.03,280,329.54,40,329.5,40,328.7,200,,,,,,,,,331.38,80,331.6,160,,,,,,,,,,,,,,,,
2026-01-16 09:32:44,330.82,330.66,1,330.26,80,331.38,80,331.38,330.26,330.26,80,330.25,200,330.03,280,329.54,40,329.5,40,328.7,200,,,,,,,,,331.38,80,331.6,160,,,,,,,,,,,,,,,,
2026-01-16 09:32:45,330.82,330.66,1,330.26,80,331.38,80,331.38,330.26,330.26,80,330.25,200,330.03,280,329.54,40,329.5,40,328.7,200,,,,,,,,,331.38,80,331.6,160,,,,,,,,,,,,,,,,
2026-01-16 09:32:46,330.82,330.66,1,330.26,80,331.38,80,331.38,330.26,330.26,80,330.25,200,330.03,280,329.54,40,329.5,40,328.7,200,,,,,,,,,331.38,80,331.6,160,,,,,,,,,,,,,,,,
2026-01-16 09:32:47,330.82,330.66,1,330.26,80,331.38,80,331.38,330.26,330.26,80,330.25,200,330.03,280,329.54,40,329.5,40,328.7,200,,,,,,,,,331.38,80,331.6,160,,,,,,,,,,,,,,,,
2026-01-16 09:32:48,330.82,330.82,2,330.26,80,331.38,80,331.38,330.26,330.26,80,330.25,200,330.03,280,329.54,40,329.5,40,328.7,200,,,,,,,,,331.38,80,331.6,160,,,,,,,,,,,,,,,,
2026-01-16 09:32:48,330.82,330.82,2,330.26,80,331.38,80,331.38,330.26,330.26,80,330.25,200,330.03,280,329.54,40,329.5,40,328.7,200,,,,,,,,,331.38,80,331.6,160,,,,,,,,,,,,,,,,
2026-01-16 09:32:50,330.82,330.82,2,330.26,80,331.38,80,331.38,330.26,330.26,80,330.25,200,330.03,280,329.54,40,329.5,40,328.7,200,,,,,,,,,331.38,80,331.6,160,,,,,,,,,,,,,,,,
2026-01-16 09:32:51,330.82,330.82,2,330.26,80,331.38,80,331.38,330.26,330.26,80,330.25,200,330.03,280,329.54,40,329.5,40,328.7,200,,,,,,,,,331.38,80,331.6,160,,,,,,,,,,,,,,,,
2026-01-16 09:32:52,330.82,330.82,2,330.26,80,331.38,80,331.38,330.26,330.26,80,330.25,200,330.03,280,329.54,40,329.5,40,328.7,200,,,,,,,,,331.38,80,331.6,160,,,,,,,,,,,,,,,,
2026-01-16 09:32:52,330.82,330.82,2,330.26,80,331.38,80,331.38,330.26,330.26,80,330.25,200,330.03,280,329.54,40,329.5,40,328.7,200,,,,,,,,,331.38,80,331.6,160,,,,,,,,,,,,,,,,
2026-01-16 09:32:54,330.82,330.82,2,330.26,80,331.38,80,331.38,330.26,330.26,80,330.25,200,330.03,280,329.54,40,329.5,40,328.7,200,,,,,,,,,331.38,80,331.6,160,,,,,,,,,,,,,,,,
2026-01-16 09:32:55,330.82,330.82,2,330.26,80,331.38,80,331.38,330.26,330.26,80,330.25,200,330.03,280,329.54,40,329.5,40,328.7,200,,,,,,,,,331.38,80,331.6,160,,,,,,,,,,,,,,,,
2026-01-16 09:32:56,330.16,329.96,1,329.5,80,330.82,40,330.82,329.5,329.5,80,328.7,200,,,,,,,,,,,,,,,,,330.82,40,331.22,40,331.43,80,331.6,160,,,,,,,,,,,,
2026-01-16 09:32:57,330.16,329.96,1,329.5,80,330.82,120,330.82,329.5,329.5,80,328.7,200,,,,,,,,,,,,,,,,,330.82,120,331.22,40,331.43,80,331.6,160,,,,,,,,,,,,
2026-01-16 09:32:58,330.16,329.96,1,329.5,80,330.82,120,330.82,329.5,329.5,80,328.7,200,,,,,,,,,,,,,,,,,330.82,120,331.22,40,331.43,80,331.6,160,,,,,,,,,,,,
2026-01-16 09:32:59,330.16,329.96,1,329.5,80,330.82,120,330.82,329.5,329.5,80,328.7,200,,,,,,,,,,,,,,,,,330.82,120,331.22,40,331.43,80,331.6,160,,,,,,,,,,,,
2026-01-16 09:33:00,330.16,329.96,1,329.5,80,330.82,120,330.82,329.5,329.5,80,328.7,200,,,,,,,,,,,,,,,,,330.82,120,331.22,40,331.43,80,331.6,160,,,,,,,,,,,,
2026-01-16 09:33:01,330.16,329.96,1,329.5,80,330.82,120,330.82,329.5,329.5,80,328.7,200,,,,,,,,,,,,,,,,,330.82,120,331.22,40,331.43,80,331.6,160,,,,,,,,,,,,
2026-01-16 09:33:02,330.16,329.96,1,329.5,80,330.82,80,330.82,329.5,329.5,80,328.7,200,,,,,,,,,,,,,,,,,330.82,80,331.22,40,331.43,80,331.6,160,,,,,,,,,,,,
2026-01-16 09:33:03,330.15,329.96,1,329.5,80,330.8,160,330.8,329.5,329.5,80,328.7,200,,,,,,,,,,,,,,,,,330.8,160,330.82,40,331.22,40,331.43,80,331.6,160,,,,,,,,,,
2026-01-16 09:33:04,330.15,329.96,1,329.5,80,330.8,160,330.8,329.5,329.5,80,328.7,200,,,,,,,,,,,,,,,,,330.8,160,330.82,40,331.22,40,331.43,80,331.6,160,,,,,,,,,,
2026-01-16 09:33:05,330.15,329.96,1,329.5,80,330.8,160,330.8,329.5,329.5,80,328.7,200,,,,,,,,,,,,,,,,,330.8,160,330.82,40,331.22,40,331.43,80,331.6,160,,,,,,,,,,
2026-01-16 09:33:06,330.15,329.96,1,329.5,80,330.8,160,330.8,329.5,329.5,80,328.7,200,,,,,,,,,,,,,,,,,330.8,160,330.82,40,331.22,40,331.43,80,331.6,160,,,,,,,,,,
2026-01-16 09:33:07,330.15,329.96,1,329.5,80,330.8,160,330.8,329.5,329.5,80,328.7,200,,,,,,,,,,,,,,,,,330.8,160,330.82,40,331.22,40,331.43,80,331.6,160,,,,,,,,,,
2026-01-16 09:33:08,330.15,329.96,1,329.5,80,330.8,160,330.8,329.5,329.5,80,328.7,200,,,,,,,,,,,,,,,,,330.8,160,330.82,40,331.22,40,331.43,80,331.6,160,,,,,,,,,,
2026-01-16 09:33:09,330.15,329.96,1,329.5,80,330.8,160,330.8,329.5,329.5,80,328.7,200,,,,,,,,,,,,,,,,,330.8,160,330.82,40,331.22,40,331.43,80,331.6,160,,,,,,,,,,
2026-01-16 09:33:10,330.15,329.96,1,329.5,80,330.8,160,330.8,329.5,329.5,80,328.7,200,,,,,,,,,,,,,,,,,330.8,160,330.82,40,331.22,40,331.43,80,331.6,160,,,,,,,,,,
2026-01-16 09:33:11,330.15,329.96,1,329.5,80,330.8,160,330.8,329.5,329.5,80,328.7,200,,,,,,,,,,,,,,,,,330.8,160,330.82,40,331.22,40,331.43,80,331.6,160,,,,,,,,,,
2026-01-16 09:33:12,330.15,329.96,1,329.5,80,330.8,160,330.8,329.5,329.5,80,328.7,200,,,,,,,,,,,,,,,,,330.8,160,330.82,40,331.22,40,331.43,80,331.6,160,,,,,,,,,,
2026-01-16 09:33:13,330.15,329.96,1,329.5,80,330.8,160,330.8,329.5,329.5,80,328.7,200,,,,,,,,,,,,,,,,,330.8,160,330.82,40,331.22,40,331.43,80,331.6,160,,,,,,,,,,
2026-01-16 09:33:14,329.98,329.96,1,329.16,80,330.8,280,330.8,329.16,329.16,80,328.7,200,,,,,,,,,,,,,,,,,330.8,280,330.82,40,331.22,40,331.43,80,331.6,160,,,,,,,,,,
2026-01-16 09:33:15,329.98,329.96,1,329.16,80,330.8,240,330.8,329.16,329.16,80,328.7,200,,,,,,,,,,,,,,,,,330.8,240,330.82,40,331.22,40,331.43,80,331.6,160,,,,,,,,,,
2026-01-16 09:33:16,329.98,329.96,1,329.16,80,330.8,240,330.8,329.16,329.16,80,328.7,200,,,,,,,,,,,,,,,,,330.8,240,330.82,40,331.22,40,331.43,80,331.6,160,,,,,,,,,,
2026-01-16 09:33:17,329.98,329.96,1,329.16,80,330.8,280,330.8,329.16,329.16,80,328.7,200,,,,,,,,,,,,,,,,,330.8,280,330.82,40,331.22,40,331.43,80,331.6,160,,,,,,,,,,
2026-01-16 09:33:18,329.915,329.96,1,329.16,80,330.67,80,330.67,329.16,329.16,80,328.7,200,,,,,,,,,,,,,,,,,330.67,80,330.8,280,330.82,40,331.22,40,331.43,80,331.6,160,,,,,,,,
2026-01-16 09:33:19,329.75,329.96,1,329.16,80,330.34,80,330.34,329.16,329.16,80,328.7,200,,,,,,,,,,,,,,,,,330.34,80,330.67,80,330.8,280,330.82,40,331.22,40,331.43,80,331.6,160,,,,,,
2026-01-16 09:33:20,329.75,329.96,1,329.16,80,330.34,80,330.34,329.16,329.16,80,328.7,200,,,,,,,,,,,,,,,,,330.34,80,330.67,80,330.8,280,330.82,40,331.22,40,331.43,80,331.6,160,,,,,,
2026-01-16 09:33:21,329.75,329.96,1,329.16,80,330.34,80,330.34,329.16,329.16,80,328.7,200,,,,,,,,,,,,,,,,,330.34,80,330.67,80,330.8,280,330.82,40,331.22,40,331.43,80,331.6,160,,,,,,
2026-01-16 09:33:22,329.75,329.96,1,329.16,80,330.34,80,330.34,329.16,329.16,80,328.7,200,,,,,,,,,,,,,,,,,330.34,80,330.67,80,330.8,280,330.82,40,331.22,40,331.43,80,331.6,160,,,,,,
2026-01-16 09:33:23,329.75,329.96,1,329.16,80,330.34,80,330.34,329.16,329.16,80,328.7,200,,,,,,,,,,,,,,,,,330.34,80,330.67,80,330.8,280,330.82,40,331.22,40,331.43,80,331.6,160,,,,,,
2026-01-16 09:33:24,329.75,329.96,1,329.16,80,330.34,80,330.34,329.16,329.16,80,328.7,200,,,,,,,,,,,,,,,,,330.34,80,330.67,80,330.8,280,330.82,40,331.22,40,331.43,80,331.6,160,,,,,,
2026-01-16 09:33:25,329.75,329.96,1,329.16,80,330.34,80,330.34,329.16,329.16,80,328.7,200,,,,,,,,,,,,,,,,,330.34,80,330.67,80,330.8,280,330.82,40,331.22,40,331.43,80,331.6,160,,,,,,
2026-01-16 09:33:26,329.75,329.96,1,329.16,80,330.34,80,330.34,329.16,329.16,80,328.7,200,,,,,,,,,,,,,,,,,330.34,80,330.67,80,330.8,280,330.82,40,331.22,40,331.43,80,331.6,160,,,,,,
2026-01-16 09:33:27,329.75,329.96,1,329.16,80,330.34,80,330.34,329.16,329.16,80,328.7,200,,,,,,,,,,,,,,,,,330.34,80,330.67,80,330.8,280,330.82,40,331.22,40,331.43,80,331.6,160,,,,,,
2026-01-16 09:33:28,329.75,329.96,1,329.16,80,330.34,80,330.34,329.16,329.16,80,328.7,200,,,,,,,,,,,,,,,,,330.34,80,330.67,80,330.8,280,330.82,40,331.22,40,331.43,80,331.6,160,,,,,,
2026-01-16 09:33:29,329.75,329.96,1,329.16,80,330.34,80,330.34,329.16,329.16,80,328.7,200,,,,,,,,,,,,,,,,,330.34,80,330.67,80,330.8,280,330.82,40,331.22,40,331.43,80,331.6,160,,,,,,
2026-01-16 09:33:30,329.75,329.96,1,329.16,80,330.34,80,330.34,329.16,329.16,80,328.7,200,,,,,,,,,,,,,,,,,330.34,80,330.67,80,330.8,280,330.82,40,331.22,40,331.43,80,331.6,160,,,,,,
2026-01-16 09:33:31,329.75,329.96,1,329.16,80,330.34,80,330.34,329.16,329.16,80,328.7,200,,,,,,,,,,,,,,,,,330.34,80,330.67,80,330.8,280,330.82,40,331.22,40,331.43,80,331.6,160,,,,,,
2026-01-16 09:33:32,329.75,329.96,1,329.16,80,330.34,80,330.34,329.16,329.16,80,328.7,200,,,,,,,,,,,,,,,,,330.34,80,330.67,80,330.8,280,330.82,40,331.22,40,331.43,80,331.6,160,,,,,,
2026-01-16 09:33:33,329.75,329.96,1,329.16,80,330.34,80,330.34,329.16,329.16,80,328.7,200,,,,,,,,,,,,,,,,,330.34,80,330.67,80,330.8,280,330.82,40,331.22,40,331.43,80,331.6,160,,,,,,
2026-01-16 09:33:34,329.71,329.7,1,329.08,200,330.34,80,330.34,329.08,329.08,200,328.7,200,,,,,,,,,,,,,,,,,330.34,80,330.67,80,330.8,280,330.82,40,331.22,40,331.43,80,331.6,160,,,,,,
2026-01-16 09:33:35,329.71,329.71,1,329.08,200,330.34,40,330.34,329.08,329.08,200,328.7,200,,,,,,,,,,,,,,,,,330.34,40,330.67,80,330.8,280,330.82,40,331.22,40,331.43,80,331.6,160,,,,,,
2026-01-16 09:33:36,329.71,329.71,1,329.08,200,330.34,40,330.34,329.08,329.08,200,328.7,200,,,,,,,,,,,,,,,,,330.34,40,330.67,80,330.8,280,330.82,40,331.22,40,331.43,80,331.6,160,,,,,,
2026-01-16 09:33:37,329.585,329.71,1,328.83,40,330.34,40,330.34,328.83,328.83,40,328.7,200,,,,,,,,,,,,,,,,,330.34,40,330.67,80,330.8,280,330.82,40,331.22,40,331.43,80,331.6,160,,,,,,
2026-01-16 09:33:38,329.585,329.71,1,328.83,40,330.34,40,330.34,328.83,328.83,40,328.7,200,,,,,,,,,,,,,,,,,330.34,40,330.67,80,330.8,280,330.82,40,331.22,40,331.43,80,331.6,160,,,,,,
2026-01-16 09:33:39,329.555,329.71,1,328.83,40,330.28,160,330.28,328.83,328.83,40,328.7,200,,,,,,,,,,,,,,,,,330.28,160,330.34,40,330.67,80,330.8,280,330.82,40,331.22,40,331.43,80,331.6,160,,,,
2026-01-16 09:33:40,329.555,329.71,1,328.83,40,330.28,160,330.28,328.83,328.83,40,328.7,200,,,,,,,,,,,,,,,,,330.28,160,330.34,40,330.67,80,330.8,280,330.82,40,331.22,40,331.43,80,331.6,160,,,,
2026-01-16 09:33:41,329.555,329.71,1,328.83,40,330.28,240,330.28,328.83,328.83,40,328.7,200,,,,,,,,,,,,,,,,,330.28,240,330.34,40,330.67,80,330.8,280,330.82,40,331.22,40,331.43,80,331.6,160,,,,
2026-01-16 09:33:42,329.555,329.71,1,328.83,40,330.28,240,330.28,328.83,328.83,40,328.7,200,,,,,,,,,,,,,,,,,330.28,240,330.34,40,330.67,80,330.8,280,330.82,40,331.22,40,331.43,80,331.6,160,,,,
2026-01-16 09:33:43,329.555,329.71,1,328.83,40,330.28,240,330.28,328.83,328.83,40,328.7,200,,,,,,,,,,,,,,,,,330.28,240,330.34,40,330.67,80,330.8,280,330.82,40,331.22,40,331.43,80,331.6,160,,,,
2026-01-16 09:33:44,329.555,329.71,1,328.83,40,330.28,240,330.28,328.83,328.83,40,328.7,200,,,,,,,,,,,,,,,,,330.28,240,330.34,40,330.67,80,330.8,280,330.82,40,331.22,40,331.43,80,331.6,160,,,,
2026-01-16 09:33:45,329.555,329.71,1,328.83,40,330.28,240,330.28,328.83,328.83,40,328.7,200,,,,,,,,,,,,,,,,,330.28,240,330.34,40,330.67,80,330.8,280,330.82,40,331.22,40,331.43,80,331.6,160,,,,
2026-01-16 09:33:46,329.555,329.71,1,328.83,40,330.28,240,330.28,328.83,328.83,40,328.7,200,,,,,,,,,,,,,,,,,330.28,240,330.34,40,330.67,80,330.8,280,330.82,40,331.22,40,331.43,80,331.6,160,,,,
2026-01-16 09:33:47,329.555,329.71,1,328.83,40,330.28,240,330.28,328.83,328.83,40,328.7,200,,,,,,,,,,,,,,,,,330.28,240,330.34,40,330.67,80,330.8,280,330.82,40,331.22,40,331.43,80,331.6,160,,,,
2026-01-16 09:33:48,329.555,329.71,1,328.83,40,330.28,240,330.28,328.83,328.83,40,328.7,200,,,,,,,,,,,,,,,,,330.28,240,330.34,40,330.67,80,330.8,280,330.82,40,331.22,40,331.43,80,331.6,160,,,,
2026-01-16 09:33:49,329.555,329.71,1,328.83,40,330.28,240,330.28,328.83,328.83,40,328.7,200,,,,,,,,,,,,,,,,,330.28,240,330.34,40,330.67,80,330.8,280,330.82,40,331.22,40,331.43,80,331.6,160,,,,
2026-01-16 09:33:50,329.555,329.71,1,328.83,40,330.28,240,330.28,328.83,328.83,40,328.7,200,,,,,,,,,,,,,,,,,330.28,240,330.34,40,330.67,80,330.8,280,330.82,40,331.22,40,331.43,80,331.6,160,,,,
2026-01-16 09:33:51,329.555,329.71,1,328.83,40,330.28,240,330.28,328.83,328.83,40,328.7,200,,,,,,,,,,,,,,,,,330.28,240,330.34,40,330.67,80,330.8,280,330.82,40,331.22,40,331.43,80,331.6,160,,,,
2026-01-16 09:33:52,329.555,329.71,1,328.83,40,330.28,240,330.28,328.83,328.83,40,328.7,200,,,,,,,,,,,,,,,,,330.28,240,330.34,40,330.67,80,330.8,280,330.82,40,331.22,40,331.43,80,331.6,160,,,,
2026-01-16 09:33:53,329.555,329.71,1,328.83,40,330.28,240,330.28,328.83,328.83,40,328.7,200,,,,,,,,,,,,,,,,,330.28,240,330.34,40,330.67,80,330.8,280,330.82,40,331.22,40,331.43,80,331.6,160,,,,
2026-01-16 09:33:54,329.555,329.71,1,328.83,40,330.28,240,330.28,328.83,328.83,40,328.7,200,,,,,,,,,,,,,,,,,330.28,240,330.34,40,330.67,80,330.8,280,330.82,40,331.22,40,331.43,80,331.6,160,,,,
2026-01-16 09:33:55,329.765,329.71,1,328.83,40,330.7,200,330.7,328.83,328.83,40,328.7,200,,,,,,,,,,,,,,,,,330.7,200,330.8,280,330.82,40,331.22,40,331.43,80,331.6,160,,,,,,,,
2026-01-16 09:33:56,329.565,329.71,1,328.83,40,330.3,80,330.3,328.83,328.83,40,328.7,200,,,,,,,,,,,,,,,,,330.3,80,330.7,200,330.8,280,330.82,40,331.22,40,331.43,80,331.6,160,,,,,,
2026-01-16 09:33:57,329.565,329.71,1,328.83,40,330.3,80,330.3,328.83,328.83,40,328.7,200,,,,,,,,,,,,,,,,,330.3,80,330.7,200,330.8,280,330.82,40,331.22,40,331.43,80,331.6,160,,,,,,
2026-01-16 09:33:58,329.565,329.71,1,328.83,40,330.3,80,330.3,328.83,328.83,40,328.7,200,,,,,,,,,,,,,,,,,330.3,80,330.7,200,330.8,280,330.82,40,331.22,40,331.43,80,331.6,160,,,,,,
2026-01-16 09:33:59,329.565,329.71,1,328.83,40,330.3,80,330.3,328.83,328.83,40,328.7,200,,,,,,,,,,,,,,,,,330.3,80,330.7,200,330.8,280,330.82,40,331.22,40,331.43,80,331.6,160,,,,,,
2026-01-16 09:34:00,329.565,329.71,1,328.83,40,330.3,40,330.3,328.83,328.83,40,328.7,200,,,,,,,,,,,,,,,,,330.3,40,330.7,200,330.8,280,330.82,40,331.22,40,331.43,80,331.6,160,,,,,,
2026-01-16 09:34:01,329.69,329.71,1,328.7,240,330.68,80,330.68,328.7,328.7,240,,,,,,,,,,,,,,,,,,,330.68,80,330.7,200,330.8,280,330.82,40,331.22,40,331.43,80,331.6,160,,,,,,
2026-01-16 09:34:02,329.69,329.71,1,328.7,240,330.68,80,330.68,328.7,328.7,240,,,,,,,,,,,,,,,,,,,330.68,80,330.7,200,330.8,280,330.82,40,331.22,40,331.43,80,331.6,160,,,,,,
2026-01-16 09:34:03,329.69,329.71,1,328.7,240,330.68,80,330.68,328.7,328.7,240,,,,,,,,,,,,,,,,,,,330.68,80,330.7,200,330.8,280,330.82,40,331.22,40,331.43,80,331.6,160,,,,,,
2026-01-16 09:34:04,329.69,329.71,1,328.7,240,330.68,80,330.68,328.7,328.7,240,,,,,,,,,,,,,,,,,,,330.68,80,330.7,200,330.8,280,330.82,40,331.22,40,331.43,80,331.6,160,,,,,,
2026-01-16 09:34:05,329.69,329.71,1,328.7,240,330.68,80,330.68,328.7,328.7,240,,,,,,,,,,,,,,,,,,,330.68,80,330.7,200,330.8,280,330.82,40,331.22,40,331.43,80,331.6,160,,,,,,
2026-01-16 09:34:06,329.69,329.71,1,328.7,240,330.68,80,330.68,328.7,328.7,240,,,,,,,,,,,,,,,,,,,330.68,80,330.7,200,330.8,280,330.82,40,331.22,40,331.43,80,331.6,160,,,,,,
2026-01-16 09:34:07,329.69,329.71,1,328.7,240,330.68,80,330.68,328.7,328.7,240,,,,,,,,,,,,,,,,,,,330.68,80,330.7,200,330.8,280,330.82,40,331.22,40,331.43,80,331.6,160,,,,,,
2026-01-16 09:34:08,329.69,329.71,1,328.7,240,330.68,80,330.68,328.7,328.7,240,,,,,,,,,,,,,,,,,,,330.68,80,330.7,200,330.8,280,330.82,40,331.22,40,331.43,80,331.6,160,,,,,,
2026-01-16 09:34:09,329.69,329.71,1,328.7,240,330.68,80,330.68,328.7,328.7,240,,,,,,,,,,,,,,,,,,,330.68,80,330.7,200,330.8,280,330.82,40,331.22,40,331.43,80,331.6,160,,,,,,
2026-01-16 09:34:10,329.69,329.71,1,328.7,240,330.68,80,330.68,328.7,328.7,240,,,,,,,,,,,,,,,,,,,330.68,80,330.7,200,330.8,280,330.82,40,331.22,40,331.43,80,331.6,160,,,,,,
2026-01-16 09:34:11,329.69,329.71,1,328.7,240,330.68,80,330.68,328.7,328.7,240,,,,,,,,,,,,,,,,,,,330.68,80,330.7,200,330.8,280,330.82,40,331.22,40,331.43,80,331.6,160,,,,,,
2026-01-16 09:34:12,329.69,329.71,1,328.7,240,330.68,80,330.68,328.7,328.7,240,,,,,,,,,,,,,,,,,,,330.68,80,330.7,200,330.8,280,330.82,40,331.22,40,331.43,80,331.6,160,,,,,,
2026-01-16 09:34:13,329.69,329.71,1,328.7,240,330.68,80,330.68,328.7,328.7,240,,,,,,,,,,,,,,,,,,,330.68,80,330.7,200,330.8,280,330.82,40,331.22,40,331.43,80,331.6,160,,,,,,
2026-01-16 09:34:14,329.69,329.71,1,328.7,240,330.68,80,330.68,328.7,328.7,240,,,,,,,,,,,,,,,,,,,330.68,80,330.7,200,330.8,280,330.82,40,331.22,40,331.43,80,331.6,160,,,,,,
2026-01-16 09:34:15,329.69,329.71,1,328.7,240,330.68,80,330.68,328.7,328.7,240,,,,,,,,,,,,,,,,,,,330.68,80,330.7,200,330.8,280,330.82,40,331.22,40,331.43,80,331.6,160,,,,,,
2026-01-16 09:34:16,329.69,329.71,1,328.7,240,330.68,80,330.68,328.7,328.7,240,,,,,,,,,,,,,,,,,,,330.68,80,330.7,200,330.8,280,330.82,40,331.22,40,331.43,80,331.6,160,,,,,,
2026-01-16 09:34:17,329.69,329.71,1,328.7,240,330.68,80,330.68,328.7,328.7,240,,,,,,,,,,,,,,,,,,,330.68,80,330.7,200,330.8,280,330.82,40,331.22,40,331.43,80,331.6,160,,,,,,
2026-01-16 09:34:18,329.69,329.71,1,328.7,240,330.68,80,330.68,328.7,328.7,240,,,,,,,,,,,,,,,,,,,330.68,80,330.7,200,330.8,280,330.82,40,331.22,40,331.43,80,331.6,160,,,,,,
2026-01-16 09:34:19,329.69,329.69,2,328.7,240,330.68,80,330.68,328.7,328.7,240,,,,,,,,,,,,,,,,,,,330.68,80,330.7,200,330.8,280,330.82,40,331.22,40,331.43,80,331.6,160,,,,,,
2026-01-16 09:34:20,329.69,329.69,2,328.7,240,330.68,80,330.68,328.7,328.7,240,,,,,,,,,,,,,,,,,,,330.68,80,330.7,200,330.8,280,330.82,40,331.22,40,331.43,80,331.6,160,,,,,,
2026-01-16 09:34:21,329.69,329.69,2,328.7,240,330.68,80,330.68,328.7,328.7,240,,,,,,,,,,,,,,,,,,,330.68,80,330.7,200,330.8,280,330.82,40,331.22,40,331.43,80,331.6,160,,,,,,
2026-01-16 09:34:22,329.69,329.69,2,328.7,240,330.68,80,330.68,328.7,328.7,240,,,,,,,,,,,,,,,,,,,330.68,80,330.7,200,330.8,280,330.82,40,331.22,40,331.43,80,331.6,160,,,,,,
2026-01-16 09:34:23,329.69,329.69,2,328.7,240,330.68,80,330.68,328.7,328.7,240,,,,,,,,,,,,,,,,,,,330.68,80,330.7,200,330.8,280,330.82,40,331.22,40,331.43,80,331.6,160,,,,,,
2026-01-16 09:34:24,329.69,329.69,2,328.7,240,330.68,80,330.68,328.7,328.7,240,,,,,,,,,,,,,,,,,,,330.68,80,330.7,200,330.8,280,330.82,40,331.22,40,331.43,80,331.6,160,,,,,,
2026-01-16 09:34:25,329.69,329.69,2,328.7,240,330.68,80,330.68,328.7,328.7,240,,,,,,,,,,,,,,,,,,,330.68,80,330.7,200,330.8,280,330.82,40,331.22,40,331.43,80,331.6,160,,,,,,
2026-01-16 09:34:26,329.69,329.69,2,328.7,240,330.68,80,330.68,328.7,328.7,240,,,,,,,,,,,,,,,,,,,330.68,80,330.7,200,330.8,280,330.82,40,331.22,40,331.43,80,331.6,160,,,,,,
2026-01-16 09:34:27,329.69,329.69,2,328.7,240,330.68,80,330.68,328.7,328.7,240,,,,,,,,,,,,,,,,,,,330.68,80,330.7,200,330.8,280,330.82,40,331.22,40,331.43,80,331.6,160,,,,,,
2026-01-16 09:34:28,329.69,329.69,2,328.7,240,330.68,80,330.68,328.7,328.7,240,,,,,,,,,,,,,,,,,,,330.68,80,330.7,200,330.8,280,330.82,40,331.22,40,331.43,80,331.6,160,,,,,,
2026-01-16 09:34:29,329.69,329.69,2,328.7,240,330.68,80,330.68,328.7,328.7,240,,,,,,,,,,,,,,,,,,,330.68,80,330.7,200,330.8,280,330.82,40,331.22,40,331.43,80,331.6,160,,,,,,
2026-01-16 09:34:30,329.69,329.69,2,328.7,240,330.68,80,330.68,328.7,328.7,240,,,,,,,,,,,,,,,,,,,330.68,80,330.7,200,330.8,280,330.82,40,331.22,40,331.43,80,331.6,160,,,,,,
2026-01-16 09:34:31,329.69,329.69,2,328.7,240,330.68,80,330.68,328.7,328.7,240,,,,,,,,,,,,,,,,,,,330.68,80,330.7,200,330.8,280,330.82,40,331.22,40,331.43,80,331.6,160,,,,,,
2026-01-16 09:34:32,329.69,329.69,2,328.7,240,330.68,80,330.68,328.7,328.7,240,,,,,,,,,,,,,,,,,,,330.68,80,330.7,200,330.8,280,330.82,40,331.22,40,331.43,80,331.6,160,,,,,,
2026-01-16 09:34:33,329.45,329.69,1,328.7,240,330.2,40,330.2,328.7,328.7,240,,,,,,,,,,,,,,,,,,,330.2,40,330.67,40,330.68,80,330.7,200,330.8,280,330.82,40,331.22,40,331.43,80,331.6,160,,
2026-01-16 09:34:34,329.45,329.69,1,328.7,240,330.2,40,330.2,328.7,328.7,240,,,,,,,,,,,,,,,,,,,330.2,40,330.67,40,330.68,80,330.7,200,330.8,280,330.82,40,331.22,40,331.43,80,331.6,160,,
2026-01-16 09:34:35,329.515,329.69,1,328.83,40,330.2,40,330.2,328.83,328.83,40,328.7,240,,,,,,,,,,,,,,,,,330.2,40,330.67,40,330.68,80,330.7,200,330.8,280,330.82,40,331.22,40,331.43,80,331.6,160,,
2026-01-16 09:34:36,329.535,329.69,1,328.87,160,330.2,40,330.2,328.87,328.87,160,328.83,40,328.7,240,,,,,,,,,,,,,,,330.2,40,330.67,40,330.68,80,330.7,200,330.8,280,330.82,40,331.22,40,331.43,80,331.6,160,,
2026-01-16 09:34:37,329.535,329.69,1,328.87,160,330.2,40,330.2,328.87,328.87,160,328.83,40,328.7,240,,,,,,,,,,,,,,,330.2,40,330.67,40,330.68,80,330.7,200,330.8,280,330.82,40,331.22,40,331.43,80,331.6,160,,
2026-01-16 09:34:38,329.535,329.69,1,328.87,160,330.2,40,330.2,328.87,328.87,160,328.83,40,328.7,240,,,,,,,,,,,,,,,330.2,40,330.67,40,330.68,80,330.7,200,330.8,280,330.82,40,331.22,40,331.43,80,331.6,160,,
2026-01-16 09:34:39,329.535,329.69,1,328.87,200,330.2,40,330.2,328.87,328.87,200,328.83,40,328.7,240,,,,,,,,,,,,,,,330.2,40,330.67,40,330.68,80,330.7,200,330.8,280,330.82,40,331.22,40,331.43,80,331.6,160,,
2026-01-16 09:34:40,329.535,329.69,1,328.87,200,330.2,40,330.2,328.87,328.87,200,328.83,40,328.7,240,,,,,,,,,,,,,,,330.2,40,330.67,40,330.68,80,330.7,200,330.8,280,330.82,40,331.22,40,331.43,80,331.6,160,,
2026-01-16 09:34:41,329.535,329.69,1,328.87,200,330.2,40,330.2,328.87,328.87,200,328.83,40,328.7,240,,,,,,,,,,,,,,,330.2,40,330.67,40,330.68,80,330.7,200,330.8,280,330.82,40,331.22,40,331.43,80,331.6,160,,
2026-01-16 09:34:42,329.535,329.69,1,328.87,200,330.2,40,330.2,328.87,328.87,200,328.83,40,328.7,240,,,,,,,,,,,,,,,330.2,40,330.67,40,330.68,80,330.7,200,330.8,280,330.82,40,331.22,40,331.43,80,331.6,160,,
2026-01-16 09:34:43,330.265,329.69,1,329.85,40,330.68,80,330.68,329.85,329.85,40,329.51,40,329.5,40,329.16,40,329.15,40,328.87,200,328.83,40,328.7,240,,,,,330.68,80,330.7,200,330.8,280,330.82,40,331.22,40,331.43,80,331.6,160,,,,,,
2026-01-16 09:34:44,330.27,329.69,1,329.86,200,330.68,80,330.68,329.86,329.86,200,329.85,40,329.51,40,329.5,40,329.16,40,329.15,40,328.87,200,328.83,40,328.7,240,,,330.68,80,330.7,200,330.8,280,330.82,40,331.22,40,331.43,80,331.6,160,,,,,,
2026-01-16 09:34:45,330.27,329.69,1,329.86,200,330.68,80,330.68,329.86,329.86,200,329.85,40,329.51,40,329.5,40,329.16,40,329.15,40,328.87,200,328.83,40,328.7,240,,,330.68,80,330.7,200,330.8,280,330.82,40,331.22,40,331.43,80,331.6,160,,,,,,
2026-01-16 09:34:46,330.27,329.69,1,329.86,200,330.68,80,330.68,329.86,329.86,200,329.85,40,329.51,40,329.5,40,329.16,40,329.15,40,328.87,200,328.83,40,328.7,240,,,330.68,80,330.7,200,330.8,280,330.82,40,331.22,40,331.43,80,331.6,160,,,,,,
2026-01-16 09:34:47,330.27,329.69,1,329.86,200,330.68,80,330.68,329.86,329.86,200,329.85,40,329.51,40,329.5,40,329.16,40,329.15,40,328.87,200,328.83,40,328.7,240,,,330.68,80,330.7,200,330.8,280,330.82,40,331.22,40,331.43,80,331.6,160,,,,,,
2026-01-16 09:34:48,330.27,329.69,1,329.86,240,330.68,80,330.68,329.86,329.86,240,329.85,40,329.51,40,329.5,40,329.16,40,329.15,40,328.87,200,328.83,40,328.7,240,,,330.68,80,330.7,200,330.8,280,330.82,40,331.22,40,331.43,80,331.6,160,,,,,,
2026-01-16 09:34:49,330.27,329.69,1,329.86,240,330.68,80,330.68,329.86,329.86,240,329.85,40,329.51,40,329.5,40,329.16,40,329.15,40,328.87,200,328.83,40,328.7,240,,,330.68,80,330.7,200,330.8,280,330.82,40,331.22,40,331.43,80,331.6,160,,,,,,
2026-01-16 09:34:50,330.27,329.69,1,329.86,240,330.68,80,330.68,329.86,329.86,240,329.85,40,329.51,40,329.5,40,329.16,40,329.15,40,328.87,200,328.83,40,328.7,240,,,330.68,80,330.7,200,330.8,280,330.82,40,331.22,40,331.43,80,331.6,160,,,,,,
2026-01-16 09:34:51,330.27,329.69,1,329.86,240,330.68,80,330.68,329.86,329.86,240,329.85,40,329.51,40,329.5,40,329.16,40,329.15,40,328.87,200,328.83,40,328.7,240,,,330.68,80,330.7,200,330.8,280,330.82,40,331.22,40,331.43,80,331.6,160,,,,,,
2026-01-16 09:34:52,330.27,329.69,1,329.86,240,330.68,80,330.68,329.86,329.86,240,329.85,40,329.51,40,329.5,40,329.16,40,329.15,40,328.87,200,328.83,40,328.7,240,,,330.68,80,330.7,200,330.8,280,330.82,40,331.22,40,331.43,80,331.6,160,,,,,,
2026-01-16 09:34:53,330.27,329.69,1,329.86,240,330.68,80,330.68,329.86,329.86,240,329.85,40,329.51,40,329.5,40,329.16,40,329.15,40,328.87,200,328.83,40,328.7,240,,,330.68,80,330.7,200,330.8,280,330.82,40,331.22,40,331.43,80,331.6,160,,,,,,
2026-01-16 09:34:54,330.27,329.69,1,329.86,240,330.68,80,330.68,329.86,329.86,240,329.85,40,329.51,40,329.5,40,329.16,40,329.15,40,328.87,200,328.83,40,328.7,240,,,330.68,80,330.7,200,330.8,280,330.82,40,331.22,40,331.43,80,331.6,160,,,,,,
2026-01-16 09:34:55,330.27,329.69,1,329.86,240,330.68,80,330.68,329.86,329.86,240,329.85,40,329.51,40,329.5,40,329.16,40,329.15,40,328.87,200,328.83,40,328.7,240,,,330.68,80,330.7,200,330.8,280,330.82,40,331.22,40,331.43,80,331.6,160,,,,,,
2026-01-16 09:34:56,330.27,329.69,1,329.86,240,330.68,80,330.68,329.86,329.86,240,329.85,40,329.51,40,329.5,40,329.16,40,329.15,40,328.87,200,328.83,40,328.7,240,,,330.68,80,330.7,200,330.8,280,330.82,40,331.22,40,331.43,80,331.6,160,,,,,,
2026-01-16 09:34:57,330.27,329.69,1,329.86,240,330.68,80,330.68,329.86,329.86,240,329.85,40,329.51,40,329.5,40,329.16,40,329.15,40,328.87,200,328.83,40,328.7,240,,,330.68,80,330.7,200,330.8,280,330.82,40,331.22,40,331.43,80,331.6,160,,,,,,
2026-01-16 09:34:58,330.38,329.69,1,330.08,80,330.68,80,330.68,330.08,330.08,80,329.86,240,329.85,40,329.51,40,329.5,40,329.16,40,329.15,40,328.87,200,328.83,40,328.7,240,330.68,80,330.7,200,330.8,280,330.82,40,331.22,40,331.43,80,331.6,160,,,,,,
2026-01-16 09:34:59,330.38,329.69,1,330.08,80,330.68,80,330.68,330.08,330.08,80,329.86,240,329.85,40,329.51,40,329.5,40,329.16,40,329.15,40,328.87,200,328.83,40,328.7,240,330.68,80,330.7,200,330.8,280,330.82,40,331.22,40,331.43,80,331.6,160,,,,,,
2026-01-16 09:35:00,330.38,329.69,1,330.08,80,330.68,80,330.68,330.08,330.08,80,329.86,240,329.85,40,329.51,40,329.5,40,329.16,40,329.15,40,328.87,200,328.83,40,328.7,240,330.68,80,330.7,200,330.8,280,330.82,40,331.22,40,331.43,80,331.6,160,,,,,,
2026-01-16 09:35:01,330.38,329.69,1,330.08,80,330.68,80,330.68,330.08,330.08,80,329.86,240,329.85,40,329.51,40,329.5,40,329.16,40,329.15,40,328.87,200,328.83,40,328.7,240,330.68,80,330.7,200,330.8,280,330.82,40,331.22,40,331.43,80,331.6,160,,,,,,
2026-01-16 09:35:02,330.38,329.69,1,330.08,80,330.68,80,330.68,330.08,330.08,80,329.86,240,329.85,40,329.51,40,329.5,40,329.16,40,329.15,40,328.87,200,328.83,40,328.7,240,330.68,80,330.7,200,330.8,280,330.82,40,331.22,40,331.43,80,331.6,160,,,,,,
2026-01-16 09:35:03,330.38,329.69,1,330.08,80,330.68,80,330.68,330.08,330.08,80,329.86,240,329.85,40,329.51,40,329.5,40,329.16,40,329.15,40,328.87,200,328.83,40,328.7,240,330.68,80,330.7,200,330.8,280,330.82,40,331.22,40,331.43,80,331.6,160,,,,,,
2026-01-16 09:35:04,330.38,329.69,1,330.08,120,330.68,80,330.68,330.08,330.08,120,329.86,240,329.85,40,329.51,40,329.5,40,329.16,40,329.15,40,328.87,200,328.83,40,328.7,240,330.68,80,330.7,200,330.8,280,330.82,40,331.22,40,331.43,80,331.6,160,,,,,,
2026-01-16 09:35:05,330.385,329.69,1,330.09,80,330.68,80,330.68,330.09,330.09,80,330.08,120,329.86,240,329.85,40,329.51,40,329.5,40,329.16,40,329.15,40,328.87,200,328.83,40,330.68,80,330.7,200,330.8,280,330.82,40,331.22,40,331.43,80,331.6,160,,,,,,
2026-01-16 09:35:06,329.95,329.69,1,329.22,40,330.68,80,330.68,329.22,329.22,40,328.83,40,328.7,240,,,,,,,,,,,,,,,330.68,80,330.7,200,330.8,280,330.82,40,331.22,40,331.43,80,331.6,160,,,,,,
2026-01-16 09:35:07,329.905,329.69,1,329.13,40,330.68,80,330.68,329.13,329.13,40,328.83,40,328.7,240,,,,,,,,,,,,,,,330.68,80,330.7,200,330.8,280,330.82,40,331.22,40,331.43,80,331.6,160,,,,,,
2026-01-16 09:35:08,329.905,329.69,1,329.13,40,330.68,80,330.68,329.13,329.13,40,328.83,40,328.7,240,,,,,,,,,,,,,,,330.68,80,330.7,200,330.8,280,330.82,40,331.22,40,331.43,80,331.6,160,,,,,,
2026-01-16 09:35:09,329.905,329.69,1,329.13,80,330.68,80,330.68,329.13,329.13,80,328.83,40,328.7,240,,,,,,,,,,,,,,,330.68,80,330.7,200,330.8,280,330.82,40,331.22,40,331.43,80,331.6,160,,,,,,
2026-01-16 09:35:10,329.905,329.69,1,329.13,80,330.68,80,330.68,329.13,329.13,80,328.83,40,328.7,240,,,,,,,,,,,,,,,330.68,80,330.7,200,330.8,280,330.82,40,331.22,40,331.43,80,331.6,160,,,,,,
2026-01-16 09:35:11,329.995,329.69,1,329.31,40,330.68,80,330.68,329.31,329.31,40,329.13,80,328.83,40,328.7,240,,,,,,,,,,,,,330.68,80,330.7,200,330.8,280,330.82,40,331.22,40,331.43,80,331.6,160,,,,,,
2026-01-16 09:35:12,329.995,329.69,1,329.31,40,330.68,40,330.68,329.31,329.31,40,329.13,80,328.83,40,328.7,240,,,,,,,,,,,,,330.68,40,330.7,200,330.8,280,330.82,40,331.22,40,331.43,80,331.6,160,,,,,,
2026-01-16 09:35:13,329.995,329.69,1,329.31,40,330.68,40,330.68,329.31,329.31,40,329.13,80,328.83,40,328.7,240,,,,,,,,,,,,,330.68,40,330.7,200,330.8,280,330.82,40,331.22,40,331.43,80,331.6,160,,,,,,
2026-01-16 09:35:14,329.995,329.69,1,329.31,40,330.68,40,330.68,329.31,329.31,40,329.13,80,328.83,40,328.7,240,,,,,,,,,,,,,330.68,40,330.7,200,330.8,280,330.82,40,331.22,40,331.43,80,331.6,160,,,,,,
2026-01-16 09:35:15,329.995,329.69,1,329.31,40,330.68,40,330.68,329.31,329.31,40,329.13,80,328.83,40,328.7,240,,,,,,,,,,,,,330.68,40,330.7,200,330.8,280,330.82,40,331.22,40,331.43,80,331.6,160,,,,,,
2026-01-16 09:35:16,329.995,329.69,1,329.31,40,330.68,40,330.68,329.31,329.31,40,329.13,80,328.83,40,328.7,240,,,,,,,,,,,,,330.68,40,330.7,200,330.8,280,330.82,40,331.22,40,331.43,80,331.6,160,,,,,,
2026-01-16 09:35:17,329.995,329.69,1,329.31,40,330.68,40,330.68,329.31,329.31,40,329.13,80,328.83,40,328.7,240,,,,,,,,,,,,,330.68,40,330.7,200,330.8,280,330.82,40,331.22,40,331.43,80,331.6,160,,,,,,
2026-01-16 09:35:18,329.995,329.69,1,329.31,40,330.68,40,330.68,329.31,329.31,40,329.13,80,328.83,40,328.7,240,,,,,,,,,,,,,330.68,40,330.7,200,330.8,280,330.82,40,331.22,40,331.43,80,331.6,160,,,,,,
2026-01-16 09:35:19,329.995,329.69,1,329.31,40,330.68,40,330.68,329.31,329.31,40,329.13,80,328.83,40,328.7,240,,,,,,,,,,,,,330.68,40,330.7,200,330.8,280,330.82,40,331.22,40,331.43,80,331.6,160,,,,,,
2026-01-16 09:35:20,329.995,329.69,1,329.31,40,330.68,40,330.68,329.31,329.31,40,329.13,80,328.83,40,328.7,240,,,,,,,,,,,,,330.68,40,330.7,200,330.8,280,330.82,40,331.22,40,331.43,80,331.6,160,,,,,,
2026-01-16 09:35:21,329.995,329.69,1,329.31,40,330.68,40,330.68,329.31,329.31,40,329.13,80,328.83,40,328.7,240,,,,,,,,,,,,,330.68,40,330.7,200,330.8,280,330.82,40,331.22,40,331.43,80,331.6,160,,,,,,
2026-01-16 09:35:22,329.995,329.69,1,329.31,40,330.68,40,330.68,329.31,329.31,40,329.13,80,328.83,40,328.7,240,,,,,,,,,,,,,330.68,40,330.7,200,330.8,280,330.82,40,331.22,40,331.43,80,331.6,160,,,,,,
2026-01-16 09:35:23,329.995,329.69,1,329.31,40,330.68,40,330.68,329.31,329.31,40,329.13,80,328.83,40,328.7,240,,,,,,,,,,,,,330.68,40,330.7,200,330.8,280,330.82,40,331.22,40,331.43,80,331.6,160,,,,,,
2026-01-16 09:35:24,329.995,329.69,1,329.31,40,330.68,40,330.68,329.31,329.31,40,329.13,80,328.83,40,328.7,240,,,,,,,,,,,,,330.68,40,330.7,200,330.8,280,330.82,40,331.22,40,331.43,80,331.6,160,,,,,,
2026-01-16 09:35:25,329.995,329.69,1,329.31,40,330.68,40,330.68,329.31,329.31,40,329.13,80,328.83,40,328.7,240,,,,,,,,,,,,,330.68,40,330.7,200,330.8,280,330.82,40,331.22,40,331.43,80,331.6,160,,,,,,
2026-01-16 09:35:26,329.995,329.69,1,329.31,40,330.68,40,330.68,329.31,329.31,40,329.13,80,328.83,40,328.7,240,,,,,,,,,,,,,330.68,40,330.7,200,330.8,280,330.82,40,331.22,40,331.43,80,331.6,160,,,,,,
2026-01-16 09:35:27,329.995,329.69,1,329.31,40,330.68,40,330.68,329.31,329.31,40,329.13,80,328.83,40,328.7,240,,,,,,,,,,,,,330.68,40,330.7,200,330.8,280,330.82,40,331.22,40,331.43,80,331.6,160,,,,,,
2026-01-16 09:35:28,329.995,329.69,1,329.31,40,330.68,40,330.68,329.31,329.31,40,329.13,80,328.83,40,328.7,240,,,,,,,,,,,,,330.68,40,330.7,200,330.8,280,330.82,40,331.22,40,331.43,80,331.6,160,,,,,,
2026-01-16 09:35:29,329.995,329.69,1,329.31,40,330.68,40,330.68,329.31,329.31,40,329.13,80,328.83,40,328.7,240,,,,,,,,,,,,,330.68,40,330.7,200,330.8,280,330.82,40,331.22,40,331.43,80,331.6,160,,,,,,
2026-01-16 09:35:30,329.995,329.69,1,329.31,40,330.68,40,330.68,329.31,329.31,40,329.13,80,328.83,40,328.7,240,,,,,,,,,,,,,330.68,40,330.7,200,330.8,280,330.82,40,331.22,40,331.43,80,331.6,160,,,,,,
2026-01-16 09:35:31,329.995,329.69,1,329.31,40,330.68,40,330.68,329.31,329.31,40,329.13,80,328.83,40,328.7,240,,,,,,,,,,,,,330.68,40,330.7,200,330.8,280,330.82,40,331.22,40,331.43,80,331.6,160,,,,,,
2026-01-16 09:35:32,329.995,329.69,1,329.31,40,330.68,40,330.68,329.31,329.31,40,329.13,80,328.83,40,328.7,240,,,,,,,,,,,,,330.68,40,330.7,200,330.8,280,330.82,40,331.22,40,331.43,80,331.6,160,,,,,,
2026-01-16 09:35:33,329.995,329.69,1,329.31,40,330.68,40,330.68,329.31,329.31,40,329.13,80,328.83,40,328.7,240,,,,,,,,,,,,,330.68,40,330.7,200,330.8,280,330.82,40,331.22,40,331.43,80,331.6,160,,,,,,
2026-01-16 09:35:34,329.995,329.69,1,329.31,40,330.68,40,330.68,329.31,329.31,40,329.13,80,328.83,40,328.7,240,,,,,,,,,,,,,330.68,40,330.7,200,330.8,280,330.82,40,331.22,40,331.43,80,331.6,160,,,,,,
2026-01-16 09:35:35,329.995,329.69,1,329.31,40,330.68,40,330.68,329.31,329.31,40,329.13,80,328.83,40,328.7,240,,,,,,,,,,,,,330.68,40,330.7,200,330.8,280,330.82,40,331.22,40,331.43,80,331.6,160,,,,,,
2026-01-16 09:35:36,330.105,329.69,1,329.53,40,330.68,80,330.68,329.53,329.53,40,329.31,40,329.13,80,328.83,40,328.7,240,,,,,,,,,,,330.68,80,330.7,200,330.8,280,330.82,40,331.22,40,331.43,80,331.6,160,,,,,,
2026-01-16 09:35:37,330.105,329.69,1,329.53,40,330.68,80,330.68,329.53,329.53,40,329.31,40,329.13,80,328.83,40,328.7,240,,,,,,,,,,,330.68,80,330.7,200,330.8,280,330.82,40,331.22,40,331.43,80,331.6,160,,,,,,
2026-01-16 09:35:38,330.105,329.69,1,329.53,40,330.68,80,330.68,329.53,329.53,40,329.31,40,329.13,80,328.83,40,328.7,240,,,,,,,,,,,330.68,80,330.7,200,330.8,280,330.82,40,331.22,40,331.43,80,331.6,160,,,,,,
2026-01-16 09:35:39,330.105,329.69,1,329.53,40,330.68,80,330.68,329.53,329.53,40,329.31,40,329.13,80,328.83,40,328.7,240,,,,,,,,,,,330.68,80,330.7,200,330.8,280,330.82,40,331.22,40,331.43,80,331.6,160,,,,,,
2026-01-16 09:35:40,330.105,329.69,1,329.53,40,330.68,80,330.68,329.53,329.53,40,329.31,40,329.13,80,328.83,40,328.7,240,,,,,,,,,,,330.68,80,330.7,200,330.8,280,330.82,40,331.22,40,331.43,80,331.6,160,,,,,,
2026-01-16 09:35:41,330.105,329.69,1,329.53,40,330.68,80,330.68,329.53,329.53,40,329.31,40,329.13,80,328.83,40,328.7,240,,,,,,,,,,,330.68,80,330.7,200,330.8,280,330.82,40,331.22,40,331.43,80,331.6,160,,,,,,
2026-01-16 09:35:42,330.105,329.69,1,329.53,40,330.68,80,330.68,329.53,329.53,40,329.31,40,329.13,80,328.83,40,328.7,240,,,,,,,,,,,330.68,80,330.7,200,330.8,280,330.82,40,331.22,40,331.43,80,331.6,160,,,,,,
2026-01-16 09:35:43,330.105,329.69,1,329.53,40,330.68,80,330.68,329.53,329.53,40,329.31,40,329.13,80,328.83,40,328.7,240,,,,,,,,,,,330.68,80,330.7,200,330.8,280,330.82,40,331.22,40,331.43,80,331.6,160,,,,,,
2026-01-16 09:35:44,330.105,329.69,1,329.53,40,330.68,80,330.68,329.53,329.53,40,329.31,40,329.13,80,328.83,40,328.7,240,,,,,,,,,,,330.68,80,330.7,200,330.8,280,330.82,40,331.22,40,331.43,80,331.6,160,,,,,,
2026-01-16 09:35:45,330.105,329.69,1,329.53,40,330.68,80,330.68,329.53,329.53,40,329.31,40,329.13,80,328.83,40,328.7,240,,,,,,,,,,,330.68,80,330.7,200,330.8,280,330.82,40,331.22,40,331.43,80,331.6,160,,,,,,
2026-01-16 09:35:46,330.105,329.69,1,329.53,40,330.68,80,330.68,329.53,329.53,40,329.31,40,329.13,80,328.83,40,328.7,240,,,,,,,,,,,330.68,80,330.7,200,330.8,280,330.82,40,331.22,40,331.43,80,331.6,160,,,,,,
2026-01-16 09:35:47,330.105,329.69,1,329.53,40,330.68,40,330.68,329.53,329.53,40,329.31,40,329.13,80,328.83,40,328.7,240,,,,,,,,,,,330.68,40,330.7,200,330.8,280,330.82,40,331.22,40,331.43,80,331.6,160,,,,,,
2026-01-16 09:35:48,330.105,329.69,1,329.53,40,330.68,80,330.68,329.53,329.53,40,329.31,40,329.13,80,328.83,40,328.7,240,,,,,,,,,,,330.68,80,330.7,200,330.8,280,330.82,40,331.22,40,331.43,80,331.6,160,,,,,,
2026-01-16 09:35:49,330.105,329.69,1,329.53,40,330.68,80,330.68,329.53,329.53,40,329.31,40,329.13,80,328.83,40,328.7,240,,,,,,,,,,,330.68,80,330.7,200,330.8,280,330.82,40,331.22,40,331.43,80,331.6,160,,,,,,
2026-01-16 09:35:50,330.105,329.69,1,329.53,40,330.68,80,330.68,329.53,329.53,40,329.31,40,329.13,80,328.83,40,328.7,240,,,,,,,,,,,330.68,80,330.7,200,330.8,280,330.82,40,331.22,40,331.43,80,331.6,160,,,,,,
2026-01-16 09:35:51,330.08,329.69,1,329.53,40,330.63,80,330.63,329.53,329.53,40,329.31,40,329.13,80,328.83,40,328.7,240,,,,,,,,,,,330.63,80,330.68,80,330.7,200,330.8,280,330.82,40,331.22,40,331.43,80,331.6,160,,,,
2026-01-16 09:35:52,330.08,329.69,1,329.53,40,330.63,80,330.63,329.53,329.53,40,329.31,40,329.13,80,328.83,40,328.7,240,,,,,,,,,,,330.63,80,330.68,80,330.7,200,330.8,280,330.82,40,331.22,40,331.43,80,331.6,160,,,,
2026-01-16 09:35:53,330.08,329.69,1,329.53,40,330.63,80,330.63,329.53,329.53,40,329.31,40,329.13,80,328.83,40,328.7,240,,,,,,,,,,,330.63,80,330.68,80,330.7,200,330.8,280,330.82,40,331.22,40,331.43,80,331.6,160,,,,
2026-01-16 09:35:54,330.045,329.69,1,329.53,40,330.56,80,330.56,329.53,329.53,40,329.31,40,329.13,80,328.83,40,328.7,240,,,,,,,,,,,330.56,80,330.63,80,330.68,80,330.7,200,330.8,280,330.82,40,331.22,40,331.43,80,331.6,160,,
2026-01-16 09:35:55,329.635,329.69,1,329.31,40,329.96,80,329.96,329.31,329.31,40,329.13,80,328.83,40,328.7,240,,,,,,,,,,,,,329.96,80,330.21,40,330.38,40,330.56,80,330.63,80,330.68,80,330.7,200,330.8,280,330.82,40,331.22,40
2026-01-16 09:35:56,329.635,329.69,1,329.31,40,329.96,80,329.96,329.31,329.31,40,329.13,80,328.83,40,328.7,240,,,,,,,,,,,,,329.96,80,330.21,40,330.38,40,330.56,80,330.63,80,330.68,80,330.7,200,330.8,280,330.82,40,331.22,40
2026-01-16 09:35:57,329.64,329.69,1,329.32,40,329.96,80,329.96,329.32,329.32,40,329.31,40,329.13,80,328.83,40,328.7,240,,,,,,,,,,,329.96,80,330.21,40,330.38,40,330.56,80,330.63,80,330.68,80,330.7,200,330.8,280,330.82,40,331.22,40
2026-01-16 09:35:58,329.64,329.69,1,329.32,40,329.96,40,329.96,329.32,329.32,40,329.31,40,329.13,80,328.83,40,328.7,240,,,,,,,,,,,329.96,40,330.21,40,330.38,40,330.56,80,330.63,80,330.68,80,330.7,200,330.8,280,330.82,40,331.22,40
2026-01-16 09:35:59,329.64,329.69,1,329.32,40,329.96,40,329.96,329.32,329.32,40,329.31,40,329.13,80,328.83,40,328.7,240,,,,,,,,,,,329.96,40,330.21,40,330.38,40,330.56,80,330.63,80,330.68,80,330.7,200,330.8,280,330.82,40,331.22,40
2026-01-16 09:36:00,329.64,329.69,1,329.32,80,329.96,40,329.96,329.32,329.32,80,329.31,40,329.13,80,328.83,40,328.7,240,,,,,,,,,,,329.96,40,330.21,40,330.38,40,330.56,80,330.63,80,330.68,80,330.7,200,330.8,280,330.82,40,331.22,40
2026-01-16 09:36:01,329.63,329.69,1,329.32,80,329.94,40,329.94,329.32,329.32,80,329.31,40,329.13,80,328.83,40,328.7,240,,,,,,,,,,,329.94,40,329.96,40,330.21,40,330.38,40,330.56,80,330.63,80,330.68,80,330.7,200,330.8,280,330.82,40
2026-01-16 09:36:02,329.63,329.69,1,329.32,80,329.94,40,329.94,329.32,329.32,80,329.31,40,329.13,80,328.83,40,328.7,240,,,,,,,,,,,329.94,40,329.96,40,330.21,40,330.38,40,330.56,80,330.63,80,330.68,80,330.7,200,330.8,280,330.82,40
2026-01-16 09:36:03,329.63,329.69,1,329.32,80,329.94,40,329.94,329.32,329.32,80,329.31,40,329.13,80,328.83,40,328.7,240,,,,,,,,,,,329.94,40,329.96,40,330.21,40,330.38,40,330.56,80,330.63,80,330.68,80,330.7,200,330.8,280,330.82,40
2026-01-16 09:36:04,329.605,329.69,1,329.32,80,329.89,40,329.89,329.32,329.32,80,329.31,40,329.13,80,328.83,40,328.7,240,,,,,,,,,,,329.89,40,329.94,120,329.96,40,330.21,40,330.38,40,330.56,80,330.63,80,330.68,80,330.7,200,330.8,280
2026-01-16 09:36:05,329.605,329.69,1,329.32,80,329.89,80,329.89,329.32,329.32,80,329.31,40,329.13,80,328.83,40,328.7,240,,,,,,,,,,,329.89,80,329.94,120,329.96,40,330.21,40,330.38,40,330.56,80,330.63,80,330.68,80,330.7,200,330.8,280
2026-01-16 09:36:06,329.605,329.69,1,329.32,80,329.89,80,329.89,329.32,329.32,80,329.31,40,329.13,80,328.83,40,328.7,240,,,,,,,,,,,329.89,80,329.94,120,329.96,40,330.21,40,330.38,40,330.56,80,330.63,80,330.68,80,330.7,200,330.8,280
2026-01-16 09:36:07,329.605,329.69,1,329.32,80,329.89,80,329.89,329.32,329.32,80,329.31,40,329.13,80,328.83,40,328.7,240,,,,,,,,,,,329.89,80,329.94,120,329.96,40,330.21,40,330.38,40,330.56,80,330.63,80,330.68,80,330.7,200,330.8,280
2026-01-16 09:36:08,329.605,329.69,1,329.32,80,329.89,80,329.89,329.32,329.32,80,329.31,40,329.13,80,328.83,40,328.7,240,,,,,,,,,,,329.89,80,329.94,120,329.96,40,330.21,40,330.38,40,330.56,80,330.63,80,330.68,80,330.7,200,330.8,280
2026-01-16 09:36:09,329.605,329.69,1,329.32,80,329.89,40,329.89,329.32,329.32,80,329.31,40,329.13,80,328.83,40,328.7,240,,,,,,,,,,,329.89,40,329.94,120,329.96,40,330.21,40,330.38,40,330.56,80,330.63,80,330.68,80,330.7,200,330.8,280
2026-01-16 09:36:10,329.605,329.69,1,329.32,80,329.89,40,329.89,329.32,329.32,80,329.31,40,329.13,80,328.83,40,328.7,240,,,,,,,,,,,329.89,40,329.94,120,329.96,40,330.21,40,330.38,40,330.56,80,330.63,80,330.68,80,330.7,200,330.8,280
2026-01-16 09:36:11,329.605,329.69,1,329.32,80,329.89,40,329.89,329.32,329.32,80,329.31,40,329.13,80,328.83,40,328.7,240,,,,,,,,,,,329.89,40,329.94,120,329.96,40,330.21,40,330.38,40,330.56,80,330.63,80,330.68,80,330.7,200,330.8,280
2026-01-16 09:36:12,329.605,329.69,1,329.32,80,329.89,40,329.89,329.32,329.32,80,329.31,40,329.13,80,328.83,40,328.7,240,,,,,,,,,,,329.89,40,329.94,120,329.96,40,330.21,40,330.38,40,330.56,80,330.63,80,330.68,80,330.7,200,330.8,280
2026-01-16 09:36:13,329.605,329.69,1,329.32,80,329.89,40,329.89,329.32,329.32,80,329.31,40,329.13,80,328.83,40,328.7,240,,,,,,,,,,,329.89,40,329.94,120,329.96,40,330.21,40,330.38,40,330.56,80,330.63,80,330.68,80,330.7,200,330.8,280
2026-01-16 09:36:14,329.605,329.69,1,329.32,80,329.89,40,329.89,329.32,329.32,80,329.31,40,329.13,80,328.83,40,328.7,240,,,,,,,,,,,329.89,40,329.94,120,329.96,40,330.21,40,330.38,40,330.56,80,330.63,80,330.68,80,330.7,200,330.8,280
2026-01-16 09:36:15,329.605,329.69,1,329.32,80,329.89,40,329.89,329.32,329.32,80,329.31,40,329.13,80,328.83,40,328.7,240,,,,,,,,,,,329.89,40,329.94,120,329.96,40,330.21,40,330.38,40,330.56,80,330.63,80,330.68,80,330.7,200,330.8,280
2026-01-16 09:36:16,329.605,329.69,1,329.32,80,329.89,40,329.89,329.32,329.32,80,329.31,40,329.13,80,328.83,40,328.7,240,,,,,,,,,,,329.89,40,329.94,120,329.96,40,330.21,40,330.38,40,330.56,80,330.63,80,330.68,80,330.7,200,330.8,280
2026-01-16 09:36:17,329.605,329.32,1,329.32,80,329.89,40,329.89,329.32,329.32,80,329.31,40,329.13,80,328.83,40,328.7,240,,,,,,,,,,,329.89,40,329.94,120,329.96,40,330.21,40,330.38,40,330.56,80,330.63,80,330.68,80,330.7,200,330.8,280
2026-01-16 09:36:18,329.605,329.32,1,329.32,80,329.89,40,329.89,329.32,329.32,80,329.31,40,329.13,80,328.83,40,328.7,240,,,,,,,,,,,329.89,40,329.94,120,329.96,40,330.21,40,330.38,40,330.56,80,330.63,80,330.68,80,330.7,200,330.8,280
2026-01-16 09:36:19,329.605,329.32,1,329.32,80,329.89,40,329.89,329.32,329.32,80,329.31,40,329.13,80,328.83,40,328.7,240,,,,,,,,,,,329.89,40,329.94,120,329.96,40,330.21,40,330.38,40,330.56,80,330.63,80,330.68,80,330.7,200,330.8,280
2026-01-16 09:36:20,329.605,329.32,1,329.32,80,329.89,40,329.89,329.32,329.32,80,329.31,40,329.13,80,328.83,40,328.7,240,,,,,,,,,,,329.89,40,329.94,120,329.96,40,330.21,40,330.38,40,330.56,80,330.63,80,330.68,80,330.7,200,330.8,280
2026-01-16 09:36:21,329.605,329.32,1,329.32,80,329.89,40,329.89,329.32,329.32,80,329.31,40,329.13,80,328.83,40,328.7,240,,,,,,,,,,,329.89,40,329.94,120,329.96,40,330.21,40,330.38,40,330.56,80,330.63,80,330.68,80,330.7,200,330.8,280
2026-01-16 09:36:22,329.605,329.32,1,329.32,80,329.89,40,329.89,329.32,329.32,80,329.31,40,329.13,80,328.83,40,328.7,240,,,,,,,,,,,329.89,40,329.94,120,329.96,40,330.21,40,330.38,40,330.56,80,330.63,80,330.68,80,330.7,200,330.8,280
2026-01-16 09:36:23,329.605,329.32,1,329.32,80,329.89,40,329.89,329.32,329.32,80,329.31,40,329.13,80,328.83,40,328.7,240,,,,,,,,,,,329.89,40,329.94,120,329.96,40,330.21,40,330.38,40,330.56,80,330.63,80,330.68,80,330.7,200,330.8,280
2026-01-16 09:36:25,329.605,329.32,1,329.32,80,329.89,40,329.89,329.32,329.32,80,329.31,40,329.13,80,328.83,40,328.7,240,,,,,,,,,,,329.89,40,329.94,120,329.96,40,330.21,40,330.38,40,330.56,80,330.63,80,330.68,80,330.7,200,330.8,280
2026-01-16 09:36:26,329.605,329.32,1,329.32,80,329.89,40,329.89,329.32,329.32,80,329.31,40,329.13,80,328.83,40,328.7,240,,,,,,,,,,,329.89,40,329.94,120,329.96,40,330.21,40,330.38,40,330.56,80,330.63,80,330.68,80,330.7,200,330.8,280
2026-01-16 09:36:27,329.605,329.32,1,329.32,80,329.89,40,329.89,329.32,329.32,80,329.31,40,329.13,80,328.83,40,328.7,240,,,,,,,,,,,329.89,40,329.94,120,329.96,40,330.21,40,330.38,40,330.56,80,330.63,80,330.68,80,330.7,200,330.8,280
2026-01-16 09:36:28,329.605,329.32,1,329.32,80,329.89,40,329.89,329.32,329.32,80,329.31,40,329.13,80,328.83,40,328.7,240,,,,,,,,,,,329.89,40,329.94,120,329.96,40,330.21,40,330.38,40,330.56,80,330.63,80,330.68,80,330.7,200,330.8,280
2026-01-16 09:36:29,329.605,329.32,1,329.32,80,329.89,40,329.89,329.32,329.32,80,329.31,40,329.13,80,328.83,40,328.7,240,,,,,,,,,,,329.89,40,329.94,120,329.96,40,330.21,40,330.38,40,330.56,80,330.63,80,330.68,80,330.7,200,330.8,280
2026-01-16 09:36:30,329.605,329.32,1,329.32,80,329.89,40,329.89,329.32,329.32,80,329.31,40,329.13,80,328.83,40,328.7,240,,,,,,,,,,,329.89,40,329.94,120,329.96,40,330.21,40,330.38,40,330.56,80,330.63,80,330.68,80,330.7,200,330.8,280
2026-01-16 09:36:31,329.605,329.32,1,329.32,80,329.89,40,329.89,329.32,329.32,80,329.31,40,329.13,80,328.83,40,328.7,240,,,,,,,,,,,329.89,40,329.94,120,329.96,40,330.21,40,330.38,40,330.56,80,330.63,80,330.68,80,330.7,200,330.8,280
2026-01-16 09:36:32,329.605,329.32,1,329.32,80,329.89,40,329.89,329.32,329.32,80,329.31,40,329.13,80,328.83,40,328.7,240,,,,,,,,,,,329.89,40,329.94,120,329.96,40,330.21,40,330.38,40,330.56,80,330.63,80,330.68,80,330.7,200,330.8,280
2026-01-16 09:36:33,329.605,329.32,1,329.32,80,329.89,40,329.89,329.32,329.32,80,329.31,40,329.13,80,328.83,40,328.7,240,,,,,,,,,,,329.89,40,329.94,120,329.96,40,330.21,40,330.38,40,330.56,80,330.63,80,330.68,80,330.7,200,330.8,280
2026-01-16 09:36:34,329.605,329.32,1,329.32,80,329.89,40,329.89,329.32,329.32,80,329.31,40,329.13,80,328.83,40,328.7,240,,,,,,,,,,,329.89,40,329.94,120,329.96,40,330.21,40,330.38,40,330.56,80,330.63,80,330.68,80,330.7,200,330.8,280
2026-01-16 09:36:35,329.605,329.32,1,329.32,80,329.89,40,329.89,329.32,329.32,80,329.31,40,329.13,80,328.83,40,328.7,240,,,,,,,,,,,329.89,40,329.94,120,329.96,40,330.21,40,330.38,40,330.56,80,330.63,80,330.68,80,330.7,200,330.8,280
2026-01-16 09:36:36,329.605,329.32,1,329.32,80,329.89,40,329.89,329.32,329.32,80,329.31,40,329.13,80,328.83,40,328.7,240,,,,,,,,,,,329.89,40,329.94,120,329.96,40,330.21,40,330.38,40,330.56,80,330.63,80,330.68,80,330.7,200,330.8,280
2026-01-16 09:36:37,329.605,329.32,1,329.32,80,329.89,40,329.89,329.32,329.32,80,329.31,40,329.13,80,328.83,40,328.7,240,,,,,,,,,,,329.89,40,329.94,120,329.96,40,330.21,40,330.38,40,330.56,80,330.63,80,330.68,80,330.7,200,330.8,280
2026-01-16 09:36:38,329.605,329.32,1,329.32,80,329.89,40,329.89,329.32,329.32,80,329.31,40,329.13,80,328.83,40,328.7,240,,,,,,,,,,,329.89,40,329.94,120,329.96,40,330.21,40,330.38,40,330.56,80,330.63,80,330.68,80,330.7,200,330.8,280
2026-01-16 09:36:39,329.605,329.32,1,329.32,80,329.89,40,329.89,329.32,329.32,80,329.31,40,329.13,80,328.83,40,328.7,240,,,,,,,,,,,329.89,40,329.94,120,329.96,40,330.21,40,330.38,40,330.56,80,330.63,80,330.68,80,330.7,200,330.8,280
2026-01-16 09:36:40,329.605,329.88,1,329.32,80,329.89,40,329.89,329.32,329.32,80,329.31,40,329.13,80,328.83,40,328.7,240,,,,,,,,,,,329.89,40,329.94,120,329.96,40,330.21,40,330.38,40,330.56,80,330.63,80,330.68,80,330.7,200,330.8,280
2026-01-16 09:36:41,329.605,329.61,1,329.32,80,329.89,40,329.89,329.32,329.32,80,329.31,40,329.13,80,328.83,40,328.7,240,,,,,,,,,,,329.89,40,329.94,120,329.96,40,330.21,40,330.38,40,330.56,80,330.63,80,330.68,80,330.7,200,330.8,280
2026-01-16 09:36:42,329.605,329.61,1,329.32,80,329.89,40,329.89,329.32,329.32,80,329.31,40,329.13,80,328.83,40,328.7,240,,,,,,,,,,,329.89,40,329.94,120,329.96,40,330.21,40,330.38,40,330.56,80,330.63,80,330.68,80,330.7,200,330.8,280
2026-01-16 09:36:43,329.605,329.61,1,329.32,80,329.89,40,329.89,329.32,329.32,80,329.31,40,329.13,80,328.83,40,328.7,240,,,,,,,,,,,329.89,40,329.94,120,329.96,40,330.21,40,330.38,40,330.56,80,330.63,80,330.68,80,330.7,200,330.8,280
2026-01-16 09:36:44,329.605,329.61,1,329.32,80,329.89,40,329.89,329.32,329.32,80,329.31,40,329.13,80,328.83,40,328.7,240,,,,,,,,,,,329.89,40,329.94,120,329.96,40,330.21,40,330.38,40,330.56,80,330.63,80,330.68,80,330.7,200,330.8,280
2026-01-16 09:36:45,329.605,329.61,1,329.32,80,329.89,40,329.89,329.32,329.32,80,329.31,40,329.13,80,328.83,40,328.7,240,,,,,,,,,,,329.89,40,329.94,120,329.96,40,330.21,40,330.38,40,330.56,80,330.63,80,330.68,80,330.7,200,330.8,280
2026-01-16 09:36:46,329.605,329.61,1,329.32,80,329.89,40,329.89,329.32,329.32,80,329.31,40,329.13,80,328.83,40,328.7,240,,,,,,,,,,,329.89,40,329.94,120,329.96,40,330.21,40,330.38,40,330.56,80,330.63,80,330.68,80,330.7,200,330.8,280
2026-01-16 09:36:47,329.77,329.61,1,329.6,40,329.94,40,329.94,329.6,329.6,40,329.32,80,329.31,40,329.13,80,328.83,40,328.7,240,,,,,,,,,329.94,40,330.18,40,330.21,40,330.38,40,330.56,80,330.63,80,330.68,80,330.7,200,330.8,280,330.82,40
2026-01-16 09:36:48,329.75,329.75,1,329.61,40,329.89,320,329.89,329.61,329.61,40,329.6,40,329.32,80,329.31,40,329.13,80,328.83,40,328.7,240,,,,,,,329.89,320,329.94,40,330.44,160,330.56,80,330.63,80,330.68,80,330.7,200,330.8,280,330.82,40,331.22,40
2026-01-16 09:36:49,329.75,329.75,1,329.61,40,329.89,320,329.89,329.61,329.61,40,329.6,40,329.32,80,329.31,40,329.13,80,328.83,40,328.7,240,,,,,,,329.89,320,329.94,40,330.44,160,330.56,80,330.63,80,330.68,80,330.7,200,330.8,280,330.82,40,331.22,40
2026-01-16 09:36:50,329.75,329.75,1,329.61,40,329.89,320,329.89,329.61,329.61,40,329.6,40,329.32,80,329.31,40,329.13,80,328.83,40,328.7,240,,,,,,,329.89,320,329.94,40,330.44,160,330.56,80,330.63,80,330.68,80,330.7,200,330.8,280,330.82,40,331.22,40
2026-01-16 09:36:51,329.75,329.75,1,329.61,40,329.89,320,329.89,329.61,329.61,40,329.6,40,329.32,80,329.31,40,329.13,80,328.83,40,328.7,240,,,,,,,329.89,320,329.94,40,330.44,160,330.56,80,330.63,80,330.68,80,330.7,200,330.8,280,330.82,40,331.22,40
2026-01-16 09:36:52,329.75,329.75,1,329.61,80,329.89,320,329.89,329.61,329.61,80,329.6,40,329.32,80,329.31,40,329.13,80,328.83,40,328.7,240,,,,,,,329.89,320,329.94,40,330.44,160,330.56,80,330.63,80,330.68,80,330.7,200,330.8,280,330.82,40,331.22,40
2026-01-16 09:36:53,329.75,329.75,1,329.61,80,329.89,320,329.89,329.61,329.61,80,329.6,40,329.32,80,329.31,40,329.13,80,328.83,40,328.7,240,,,,,,,329.89,320,329.94,40,330.44,160,330.56,80,330.63,80,330.68,80,330.7,200,330.8,280,330.82,40,331.22,40
2026-01-16 09:36:54,329.75,329.75,1,329.61,80,329.89,320,329.89,329.61,329.61,80,329.6,40,329.32,80,329.31,40,329.13,80,328.83,40,328.7,240,,,,,,,329.89,320,329.94,40,330.44,160,330.56,80,330.63,80,330.68,80,330.7,200,330.8,280,330.82,40,331.22,40
2026-01-16 09:36:55,329.75,329.75,1,329.61,80,329.89,320,329.89,329.61,329.61,80,329.6,40,329.32,80,329.31,40,329.13,80,328.83,40,328.7,240,,,,,,,329.89,320,329.94,40,330.44,160,330.56,80,330.63,80,330.68,80,330.7,200,330.8,280,330.82,40,331.22,40
2026-01-16 09:36:56,329.75,329.75,1,329.61,80,329.89,320,329.89,329.61,329.61,80,329.6,40,329.32,80,329.31,40,329.13,80,328.83,40,328.7,240,,,,,,,329.89,320,329.94,40,330.44,160,330.56,80,330.63,80,330.68,80,330.7,200,330.8,280,330.82,40,331.22,40
2026-01-16 09:36:57,329.75,329.75,1,329.61,80,329.89,320,329.89,329.61,329.61,80,329.6,40,329.32,80,329.31,40,329.13,80,328.83,40,328.7,240,,,,,,,329.89,320,329.94,40,330.44,160,330.56,80,330.63,80,330.68,80,330.7,200,330.8,280,330.82,40,331.22,40
2026-01-16 09:36:58,329.75,329.75,1,329.61,80,329.89,320,329.89,329.61,329.61,80,329.6,40,329.32,80,329.31,40,329.13,80,328.83,40,328.7,240,,,,,,,329.89,320,329.94,40,330.44,160,330.56,80,330.63,80,330.68,80,330.7,200,330.8,280,330.82,40,331.22,40
2026-01-16 09:36:59,329.75,329.75,1,329.61,80,329.89,320,329.89,329.61,329.61,80,329.6,40,329.32,80,329.31,40,329.13,80,328.83,40,328.7,240,,,,,,,329.89,320,329.94,40,330.44,160,330.56,80,330.63,80,330.68,80,330.7,200,330.8,280,330.82,40,331.22,40
2026-01-16 09:37:00,329.75,329.75,1,329.61,80,329.89,320,329.89,329.61,329.61,80,329.6,40,329.32,80,329.31,40,329.13,80,328.83,40,328.7,240,,,,,,,329.89,320,329.94,40,330.44,160,330.56,80,330.63,80,330.68,80,330.7,200,330.8,280,330.82,40,331.22,40
2026-01-16 09:37:01,329.28,329.75,1,328.83,40,329.73,280,329.73,328.83,328.83,40,328.7,240,,,,,,,,,,,,,,,,,329.73,280,329.75,120,329.89,320,329.94,40,330.44,160,330.56,80,330.63,80,330.68,80,330.7,200,330.8,280
2026-01-16 09:37:02,329.365,329.75,1,329.0,80,329.73,280,329.73,329.0,329.0,80,328.81,160,328.7,240,,,,,,,,,,,,,,,329.73,280,329.75,120,329.89,320,329.94,40,330.44,160,330.56,80,330.63,80,330.68,80,330.7,200,330.8,280
2026-01-16 09:37:03,329.365,329.75,1,329.0,80,329.73,280,329.73,329.0,329.0,80,328.81,160,328.7,240,,,,,,,,,,,,,,,329.73,280,329.75,120,329.89,320,329.94,40,330.44,160,330.56,80,330.63,80,330.68,80,330.7,200,330.8,280
2026-01-16 09:37:04,329.355,329.75,1,329.0,80,329.71,320,329.71,329.0,329.0,80,328.81,160,328.7,240,,,,,,,,,,,,,,,329.71,320,329.73,280,329.75,120,329.89,320,329.94,40,330.44,160,330.56,80,330.63,80,330.68,80,330.7,200
2026-01-16 09:37:05,329.355,329.75,1,329.0,80,329.71,320,329.71,329.0,329.0,80,328.81,160,328.7,240,,,,,,,,,,,,,,,329.71,320,329.73,280,329.75,120,329.89,320,329.94,40,330.44,160,330.56,80,330.63,80,330.68,80,330.7,200
2026-01-16 09:37:06,329.515,329.75,1,329.32,40,329.71,320,329.71,329.32,329.32,40,329.0,80,328.81,160,328.7,240,,,,,,,,,,,,,329.71,320,329.73,280,329.75,120,329.89,320,329.94,40,330.44,160,330.56,80,330.63,80,330.68,80,330.7,200
2026-01-16 09:37:07,329.515,329.75,1,329.32,40,329.71,320,329.71,329.32,329.32,40,329.0,80,328.81,160,328.7,240,,,,,,,,,,,,,329.71,320,329.73,280,329.75,120,329.89,320,329.94,40,330.44,160,330.56,80,330.63,80,330.68,80,330.7,200
2026-01-16 09:37:08,329.515,329.75,1,329.32,40,329.71,320,329.71,329.32,329.32,40,329.0,80,328.81,160,328.7,240,,,,,,,,,,,,,329.71,320,329.73,280,329.75,120,329.89,320,329.94,40,330.44,160,330.56,80,330.63,80,330.68,80,330.7,200
2026-01-16 09:37:09,329.515,329.75,1,329.32,40,329.71,320,329.71,329.32,329.32,40,329.0,80,328.81,160,328.7,240,,,,,,,,,,,,,329.71,320,329.73,280,329.75,120,329.89,320,329.94,40,330.44,160,330.56,80,330.63,80,330.68,80,330.7,200
2026-01-16 09:37:10,329.515,329.75,1,329.32,40,329.71,320,329.71,329.32,329.32,40,329.0,80,328.81,160,328.7,240,,,,,,,,,,,,,329.71,320,329.73,280,329.75,120,329.89,320,329.94,40,330.44,160,330.56,80,330.63,80,330.68,80,330.7,200
2026-01-16 09:37:11,329.515,329.75,1,329.32,40,329.71,320,329.71,329.32,329.32,40,329.0,80,328.81,160,328.7,240,,,,,,,,,,,,,329.71,320,329.73,280,329.75,120,329.89,320,329.94,40,330.44,160,330.56,80,330.63,80,330.68,80,330.7,200
2026-01-16 09:37:12,329.515,329.75,1,329.32,40,329.71,320,329.71,329.32,329.32,40,329.0,80,328.81,160,328.7,240,,,,,,,,,,,,,329.71,320,329.73,280,329.75,120,329.89,320,329.94,40,330.44,160,330.56,80,330.63,80,330.68,80,330.7,200
2026-01-16 09:37:13,329.515,329.75,1,329.32,40,329.71,320,329.71,329.32,329.32,40,329.0,80,328.81,160,328.7,240,,,,,,,,,,,,,329.71,320,329.73,280,329.75,120,329.89,320,329.94,40,330.44,160,330.56,80,330.63,80,330.68,80,330.7,200
2026-01-16 09:37:14,329.515,329.75,1,329.32,40,329.71,320,329.71,329.32,329.32,40,329.0,80,328.81,160,328.7,240,,,,,,,,,,,,,329.71,320,329.73,280,329.75,120,329.89,320,329.94,40,330.44,160,330.56,80,330.63,80,330.68,80,330.7,200
2026-01-16 09:37:15,329.51,329.7,2,329.32,40,329.7,280,329.7,329.32,329.32,40,329.0,80,328.81,160,328.7,240,,,,,,,,,,,,,329.7,280,329.71,40,329.73,280,329.75,120,329.89,320,329.94,40,330.44,160,330.56,80,330.63,80,330.68,80
2026-01-16 09:37:16,329.51,329.7,2,329.32,40,329.7,280,329.7,329.32,329.32,40,329.0,80,328.81,160,328.7,240,,,,,,,,,,,,,329.7,280,329.71,40,329.73,280,329.75,120,329.89,320,329.94,40,330.44,160,330.56,80,330.63,80,330.68,80
2026-01-16 09:37:17,329.51,329.7,2,329.32,40,329.7,280,329.7,329.32,329.32,40,329.0,80,328.81,160,328.7,240,,,,,,,,,,,,,329.7,280,329.71,40,329.73,280,329.75,120,329.89,320,329.94,40,330.44,160,330.56,80,330.63,80,330.68,80
2026-01-16 09:37:18,329.51,329.7,2,329.32,40,329.7,280,329.7,329.32,329.32,40,329.0,80,328.81,160,328.7,240,,,,,,,,,,,,,329.7,280,329.71,40,329.73,280,329.75,120,329.89,320,329.94,40,330.44,160,330.56,80,330.63,80,330.68,80
2026-01-16 09:37:19,329.51,329.7,2,329.32,40,329.7,280,329.7,329.32,329.32,40,329.0,80,328.81,160,328.7,240,,,,,,,,,,,,,329.7,280,329.71,40,329.73,280,329.75,120,329.89,320,329.94,40,330.44,160,330.56,80,330.63,80,330.68,80
2026-01-16 09:37:20,329.51,329.7,2,329.32,40,329.7,280,329.7,329.32,329.32,40,329.0,80,328.81,160,328.7,240,,,,,,,,,,,,,329.7,280,329.71,40,329.73,280,329.75,120,329.89,320,329.94,40,330.44,160,330.56,80,330.63,80,330.68,80
2026-01-16 09:37:21,329.51,329.7,2,329.32,40,329.7,280,329.7,329.32,329.32,40,329.0,80,328.81,160,328.7,240,,,,,,,,,,,,,329.7,280,329.71,40,329.73,280,329.75,120,329.89,320,329.94,40,330.44,160,330.56,80,330.63,80,330.68,80
2026-01-16 09:37:22,329.51,329.7,2,329.32,40,329.7,280,329.7,329.32,329.32,40,329.0,80,328.81,160,328.7,240,,,,,,,,,,,,,329.7,280,329.71,40,329.73,280,329.75,120,329.89,320,329.94,40,330.44,160,330.56,80,330.63,80,330.68,80
2026-01-16 09:37:23,329.51,329.7,2,329.32,40,329.7,280,329.7,329.32,329.32,40,329.0,80,328.81,160,328.7,240,,,,,,,,,,,,,329.7,280,329.71,40,329.73,280,329.75,120,329.89,320,329.94,40,330.44,160,330.56,80,330.63,80,330.68,80
2026-01-16 09:37:24,329.51,329.7,2,329.32,40,329.7,280,329.7,329.32,329.32,40,329.0,80,328.81,160,328.7,240,,,,,,,,,,,,,329.7,280,329.71,40,329.73,280,329.75,120,329.89,320,329.94,40,330.44,160,330.56,80,330.63,80,330.68,80
2026-01-16 09:37:25,329.51,329.7,2,329.32,40,329.7,280,329.7,329.32,329.32,40,329.0,80,328.81,160,328.7,240,,,,,,,,,,,,,329.7,280,329.71,40,329.73,280,329.75,120,329.89,320,329.94,40,330.44,160,330.56,80,330.63,80,330.68,80
2026-01-16 09:37:26,329.51,329.7,2,329.32,40,329.7,320,329.7,329.32,329.32,40,329.0,80,328.81,160,328.7,240,,,,,,,,,,,,,329.7,320,329.71,40,329.73,280,329.75,120,329.89,320,329.94,40,330.44,160,330.56,80,330.63,80,330.68,80
2026-01-16 09:37:27,329.51,329.7,2,329.32,40,329.7,360,329.7,329.32,329.32,40,329.0,80,328.81,160,328.7,240,,,,,,,,,,,,,329.7,360,329.71,40,329.73,280,329.75,120,329.89,320,329.94,40,330.44,160,330.56,80,330.63,80,330.68,80
2026-01-16 09:37:28,329.51,329.7,2,329.32,40,329.7,360,329.7,329.32,329.32,40,329.0,80,328.81,160,328.7,240,,,,,,,,,,,,,329.7,360,329.71,40,329.73,280,329.75,120,329.89,320,329.94,40,330.44,160,330.56,80,330.63,80,330.68,80
2026-01-16 09:37:29,329.51,329.7,2,329.32,40,329.7,360,329.7,329.32,329.32,40,329.0,80,328.81,160,328.7,240,,,,,,,,,,,,,329.7,360,329.71,40,329.73,280,329.75,120,329.89,320,329.94,40,330.44,160,330.56,80,330.63,80,330.68,80
2026-01-16 09:37:30,329.51,329.7,2,329.32,40,329.7,360,329.7,329.32,329.32,40,329.0,80,328.81,160,328.7,240,,,,,,,,,,,,,329.7,360,329.71,40,329.73,280,329.75,120,329.89,320,329.94,40,330.44,160,330.56,80,330.63,80,330.68,80
2026-01-16 09:37:31,329.51,329.7,2,329.32,40,329.7,360,329.7,329.32,329.32,40,329.0,80,328.81,160,328.7,240,,,,,,,,,,,,,329.7,360,329.71,40,329.73,280,329.75,120,329.89,320,329.94,40,330.44,160,330.56,80,330.63,80,330.68,80
2026-01-16 09:37:32,329.51,329.7,2,329.32,40,329.7,320,329.7,329.32,329.32,40,329.0,80,328.81,160,328.7,240,,,,,,,,,,,,,329.7,320,329.71,40,329.73,280,329.75,120,329.89,320,329.94,40,330.44,160,330.56,80,330.63,80,330.68,80
2026-01-16 09:37:33,329.51,329.7,2,329.32,40,329.7,320,329.7,329.32,329.32,40,329.0,80,328.81,160,328.7,240,,,,,,,,,,,,,329.7,320,329.71,40,329.73,280,329.75,120,329.89,320,329.94,40,330.44,160,330.56,80,330.63,80,330.68,80
2026-01-16 09:37:34,329.7,329.7,2,329.51,40,329.89,80,329.89,329.51,329.51,40,329.39,40,329.33,80,329.32,80,329.0,80,328.81,160,328.7,240,,,,,,,329.89,80,329.9,40,329.94,40,330.44,160,330.56,80,330.63,80,330.68,80,330.7,200,330.8,280,330.82,40
2026-01-16 09:37:35,329.695,329.7,2,329.51,40,329.88,120,329.88,329.51,329.51,40,329.39,40,329.33,80,329.32,80,329.0,80,328.81,160,328.7,240,,,,,,,329.88,120,329.89,80,329.9,40,329.94,40,330.44,160,330.56,80,330.63,80,330.68,80,330.7,200,330.8,280
2026-01-16 09:37:36,329.7,329.7,2,329.52,40,329.88,120,329.88,329.52,329.52,40,329.51,40,329.39,40,329.33,80,329.32,80,329.0,80,328.81,160,328.7,240,,,,,329.88,120,329.89,80,329.9,40,329.94,40,330.44,160,330.56,80,330.63,80,330.68,80,330.7,200,330.8,280
2026-01-16 09:37:37,329.7,329.7,2,329.52,40,329.88,120,329.88,329.52,329.52,40,329.51,40,329.39,40,329.33,80,329.32,80,329.0,80,328.81,160,328.7,240,,,,,329.88,120,329.89,80,329.9,40,329.94,40,330.44,160,330.56,80,330.63,80,330.68,80,330.7,200,330.8,280
2026-01-16 09:37:38,329.7,329.7,2,329.52,40,329.88,120,329.88,329.52,329.52,40,329.51,40,329.39,40,329.33,80,329.32,80,329.0,80,328.81,160,328.7,240,,,,,329.88,120,329.89,80,329.9,40,329.94,40,330.44,160,330.56,80,330.63,80,330.68,80,330.7,200,330.8,280
2026-01-16 09:37:39,329.7,329.7,2,329.52,40,329.88,120,329.88,329.52,329.52,40,329.51,40,329.39,40,329.33,80,329.32,80,329.0,80,328.81,160,328.7,240,,,,,329.88,120,329.89,80,329.9,40,329.94,40,330.44,160,330.56,80,330.63,80,330.68,80,330.7,200,330.8,280
2026-01-16 09:37:40,329.695,329.7,2,329.52,80,329.87,120,329.87,329.52,329.52,80,329.51,40,329.39,40,329.33,80,329.32,80,329.0,80,328.81,160,328.7,240,,,,,329.87,120,329.88,120,329.89,80,329.9,40,329.94,40,330.44,160,330.56,80,330.63,80,330.68,80,330.7,200
2026-01-16 09:37:41,329.695,329.7,2,329.52,80,329.87,120,329.87,329.52,329.52,80,329.51,40,329.39,40,329.33,80,329.32,80,329.0,80,328.81,160,328.7,240,,,,,329.87,120,329.88,120,329.89,80,329.9,40,329.94,40,330.44,160,330.56,80,330.63,80,330.68,80,330.7,200
2026-01-16 09:37:42,329.695,329.7,2,329.52,80,329.87,120,329.87,329.52,329.52,80,329.51,40,329.39,40,329.33,80,329.32,80,329.0,80,328.81,160,328.7,240,,,,,329.87,120,329.88,120,329.89,80,329.9,40,329.94,40,330.44,160,330.56,80,330.63,80,330.68,80,330.7,200
2026-01-16 09:37:43,329.695,329.7,2,329.52,80,329.87,120,329.87,329.52,329.52,80,329.51,40,329.39,40,329.33,80,329.32,80,329.0,80,328.81,160,328.7,240,,,,,329.87,120,329.88,120,329.89,80,329.9,40,329.94,40,330.44,160,330.56,80,330.63,80,330.68,80,330.7,200
2026-01-16 09:37:44,329.695,329.7,2,329.52,80,329.87,120,329.87,329.52,329.52,80,329.51,40,329.39,40,329.33,80,329.32,80,329.0,80,328.81,160,328.7,240,,,,,329.87,120,329.88,120,329.89,80,329.9,40,329.94,40,330.44,160,330.56,80,330.63,80,330.68,80,330.7,200
2026-01-16 09:37:45,329.695,329.7,2,329.52,80,329.87,120,329.87,329.52,329.52,80,329.51,40,329.39,40,329.33,80,329.32,80,329.0,80,328.81,160,328.7,240,,,,,329.87,120,329.88,120,329.89,80,329.9,40,329.94,40,330.44,160,330.56,80,330.63,80,330.68,80,330.7,200
2026-01-16 09:37:46,329.695,329.7,2,329.52,80,329.87,120,329.87,329.52,329.52,80,329.51,40,329.39,40,329.33,80,329.32,80,329.0,80,328.81,160,328.7,240,,,,,329.87,120,329.88,120,329.89,80,329.9,40,329.94,40,330.44,160,330.56,80,330.63,80,330.68,80,330.7,200
2026-01-16 09:37:47,329.695,329.7,2,329.52,80,329.87,120,329.87,329.52,329.52,80,329.51,40,329.39,40,329.33,80,329.32,80,329.0,80,328.81,160,328.7,240,,,,,329.87,120,329.88,120,329.89,80,329.9,40,329.94,40,330.44,160,330.56,80,330.63,80,330.68,80,330.7,200
2026-01-16 09:37:48,329.695,329.7,1,329.52,80,329.87,160,329.87,329.52,329.52,80,329.51,40,329.39,40,329.33,80,329.32,80,329.0,80,328.81,160,328.7,240,,,,,329.87,160,329.88,120,329.89,80,329.9,40,329.94,40,330.44,160,330.56,80,330.63,80,330.68,80,330.7,200
2026-01-16 09:37:49,329.695,329.7,1,329.52,80,329.87,160,329.87,329.52,329.52,80,329.51,40,329.39,40,329.33,80,329.32,80,329.0,80,328.81,160,328.7,240,,,,,329.87,160,329.88,120,329.89,80,329.9,40,329.94,40,330.44,160,330.56,80,330.63,80,330.68,80,330.7,200
2026-01-16 09:37:50,329.695,329.7,1,329.52,80,329.87,160,329.87,329.52,329.52,80,329.51,40,329.39,40,329.33,80,329.32,80,329.0,80,328.81,160,328.7,240,,,,,329.87,160,329.88,120,329.89,80,329.9,40,329.94,40,330.44,160,330.56,80,330.63,80,330.68,80,330.7,200
2026-01-16 09:37:51,329.695,329.7,1,329.52,80,329.87,160,329.87,329.52,329.52,80,329.51,40,329.39,40,329.33,80,329.32,80,329.0,80,328.81,160,328.7,240,,,,,329.87,160,329.88,120,329.89,80,329.9,40,329.94,40,330.44,160,330.56,80,330.63,80,330.68,80,330.7,200
2026-01-16 09:37:52,329.695,329.7,1,329.52,80,329.87,160,329.87,329.52,329.52,80,329.51,40,329.39,40,329.33,80,329.32,80,329.0,80,328.81,160,328.7,240,,,,,329.87,160,329.88,120,329.89,80,329.9,40,329.94,40,330.44,160,330.56,80,330.63,80,330.68,80,330.7,200
2026-01-16 09:37:53,329.695,329.7,1,329.52,80,329.87,160,329.87,329.52,329.52,80,329.51,40,329.39,40,329.33,80,329.32,80,329.0,80,328.81,160,328.7,240,,,,,329.87,160,329.88,120,329.89,80,329.9,40,329.94,40,330.44,160,330.56,80,330.63,80,330.68,80,330.7,200
2026-01-16 09:37:54,329.695,329.7,1,329.52,80,329.87,160,329.87,329.52,329.52,80,329.51,40,329.39,40,329.33,80,329.32,80,329.0,80,328.81,160,328.7,240,,,,,329.87,160,329.88,120,329.89,80,329.9,40,329.94,40,330.44,160,330.56,80,330.63,80,330.68,80,330.7,200
2026-01-16 09:37:55,329.695,329.7,1,329.52,80,329.87,160,329.87,329.52,329.52,80,329.51,40,329.39,40,329.33,80,329.32,80,329.0,80,328.81,160,328.7,240,,,,,329.87,160,329.88,120,329.89,80,329.9,40,329.94,40,330.44,160,330.56,80,330.63,80,330.68,80,330.7,200
2026-01-16 09:37:56,329.695,329.7,1,329.52,80,329.87,160,329.87,329.52,329.52,80,329.51,40,329.39,40,329.33,80,329.32,80,329.0,80,328.81,160,328.7,240,,,,,329.87,160,329.88,120,329.89,80,329.9,40,329.94,40,330.44,160,330.56,80,330.63,80,330.68,80,330.7,200
2026-01-16 09:37:57,329.18,329.7,1,328.75,40,329.61,160,329.61,328.75,328.75,40,328.74,160,328.7,240,,,,,,,,,,,,,,,329.61,160,329.7,40,329.8,40,329.87,200,329.88,120,329.89,80,329.9,40,329.94,40,330.44,160,330.56,80
2026-01-16 09:37:58,329.18,329.18,2,328.75,40,329.61,160,329.61,328.75,328.75,40,328.74,160,328.7,240,,,,,,,,,,,,,,,329.61,160,329.7,40,329.8,40,329.87,200,329.88,120,329.89,80,329.9,40,329.94,40,330.44,160,330.56,80
2026-01-16 09:37:59,329.18,329.18,2,328.75,40,329.61,160,329.61,328.75,328.75,40,328.74,160,328.7,240,,,,,,,,,,,,,,,329.61,160,329.7,40,329.8,40,329.87,200,329.88,120,329.89,80,329.9,40,329.94,40,330.44,160,330.56,80
2026-01-16 09:38:00,329.18,329.18,2,328.75,40,329.61,120,329.61,328.75,328.75,40,328.74,160,328.7,240,,,,,,,,,,,,,,,329.61,120,329.7,40,329.8,40,329.87,200,329.88,120,329.89,80,329.9,40,329.94,40,330.44,160,330.56,80
2026-01-16 09:38:01,329.18,329.18,2,328.75,40,329.61,120,329.61,328.75,328.75,40,328.74,160,328.7,240,,,,,,,,,,,,,,,329.61,120,329.7,40,329.8,40,329.87,200,329.88,120,329.89,80,329.9,40,329.94,40,330.44,160,330.56,80
2026-01-16 09:38:02,329.34,329.18,2,329.07,40,329.61,120,329.61,329.07,329.07,40,328.75,40,328.74,160,328.7,240,,,,,,,,,,,,,329.61,120,329.7,40,329.8,40,329.87,200,329.88,120,329.89,80,329.9,40,329.94,40,330.44,160,330.56,80
2026-01-16 09:38:03,329.34,329.18,2,329.07,40,329.61,120,329.61,329.07,329.07,40,328.75,40,328.74,160,328.7,240,,,,,,,,,,,,,329.61,120,329.7,40,329.8,40,329.87,200,329.88,120,329.89,80,329.9,40,329.94,40,330.44,160,330.56,80
2026-01-16 09:38:04,329.345,329.18,2,329.08,40,329.61,160,329.61,329.08,329.08,40,329.07,40,328.75,40,328.74,160,328.7,240,,,,,,,,,,,329.61,160,329.7,40,329.8,40,329.87,200,329.88,120,329.89,80,329.9,40,329.94,40,330.44,160,330.56,80
2026-01-16 09:38:05,329.345,329.18,2,329.08,40,329.61,160,329.61,329.08,329.08,40,329.07,40,328.75,40,328.74,160,328.7,240,,,,,,,,,,,329.61,160,329.7,40,329.8,40,329.87,200,329.88,120,329.89,80,329.9,40,329.94,40,330.44,160,330.56,80
2026-01-16 09:38:06,329.345,329.18,2,329.08,40,329.61,160,329.61,329.08,329.08,40,329.07,40,328.75,40,328.74,160,328.7,240,,,,,,,,,,,329.61,160,329.7,40,329.8,40,329.87,200,329.88,120,329.89,80,329.9,40,329.94,40,330.44,160,330.56,80
2026-01-16 09:38:07,329.345,329.18,2,329.08,40,329.61,160,329.61,329.08,329.08,40,329.07,40,328.75,40,328.74,160,328.7,240,,,,,,,,,,,329.61,160,329.7,40,329.8,40,329.87,200,329.88,120,329.89,80,329.9,40,329.94,40,330.44,160,330.56,80
2026-01-16 09:38:08,329.345,329.18,2,329.08,40,329.61,160,329.61,329.08,329.08,40,329.07,40,328.75,40,328.74,160,328.7,240,,,,,,,,,,,329.61,160,329.7,40,329.8,40,329.87,200,329.88,120,329.89,80,329.9,40,329.94,40,330.44,160,330.56,80
2026-01-16 09:38:09,329.345,329.18,2,329.08,40,329.61,160,329.61,329.08,329.08,40,329.07,40,328.75,40,328.74,160,328.7,240,,,,,,,,,,,329.61,160,329.7,40,329.8,40,329.87,200,329.88,120,329.89,80,329.9,40,329.94,40,330.44,160,330.56,80
2026-01-16 09:38:10,329.345,329.18,2,329.08,40,329.61,160,329.61,329.08,329.08,40,329.07,40,328.75,40,328.74,160,328.7,240,,,,,,,,,,,329.61,160,329.7,40,329.8,40,329.87,200,329.88,120,329.89,80,329.9,40,329.94,40,330.44,160,330.56,80
2026-01-16 09:38:11,329.345,329.18,2,329.08,40,329.61,160,329.61,329.08,329.08,40,329.07,40,328.75,40,328.74,160,328.7,240,,,,,,,,,,,329.61,160,329.7,40,329.8,40,329.87,200,329.88,120,329.89,80,329.9,40,329.94,40,330.44,160,330.56,80
2026-01-16 09:38:12,329.345,329.18,2,329.08,40,329.61,160,329.61,329.08,329.08,40,329.07,40,328.75,40,328.74,160,328.7,240,,,,,,,,,,,329.61,160,329.7,40,329.8,40,329.87,200,329.88,120,329.89,80,329.9,40,329.94,40,330.44,160,330.56,80
2026-01-16 09:38:13,329.345,329.18,2,329.08,40,329.61,160,329.61,329.08,329.08,40,329.07,40,328.75,40,328.74,160,328.7,240,,,,,,,,,,,329.61,160,329.7,40,329.8,40,329.87,200,329.88,120,329.89,80,329.9,40,329.94,40,330.44,160,330.56,80
2026-01-16 09:38:14,329.345,329.18,2,329.08,40,329.61,160,329.61,329.08,329.08,40,329.07,40,328.75,40,328.74,160,328.7,240,,,,,,,,,,,329.61,160,329.7,40,329.8,40,329.87,200,329.88,120,329.89,80,329.9,40,329.94,40,330.44,160,330.56,80
2026-01-16 09:38:15,329.345,329.18,2,329.08,40,329.61,160,329.61,329.08,329.08,40,329.07,40,328.75,40,328.74,160,328.7,240,,,,,,,,,,,329.61,160,329.7,40,329.8,40,329.87,200,329.88,120,329.89,80,329.9,40,329.94,40,330.44,160,330.56,80
2026-01-16 09:38:16,329.345,329.18,2,329.08,40,329.61,160,329.61,329.08,329.08,40,329.07,40,328.75,40,328.74,160,328.7,240,,,,,,,,,,,329.61,160,329.7,40,329.8,40,329.87,200,329.88,120,329.89,80,329.9,40,329.94,40,330.44,160,330.56,80
2026-01-16 09:38:17,329.345,329.18,2,329.08,40,329.61,160,329.61,329.08,329.08,40,329.07,40,328.75,40,328.74,160,328.7,240,,,,,,,,,,,329.61,160,329.7,40,329.8,40,329.87,200,329.88,120,329.89,80,329.9,40,329.94,40,330.44,160,330.56,80
2026-01-16 09:38:18,329.345,329.18,2,329.08,40,329.61,160,329.61,329.08,329.08,40,329.07,40,328.75,40,328.74,160,328.7,240,,,,,,,,,,,329.61,160,329.7,40,329.8,40,329.87,200,329.88,120,329.89,80,329.9,40,329.94,40,330.44,160,330.56,80
2026-01-16 09:38:19,329.49,329.18,2,329.11,40,329.87,80,329.87,329.11,329.11,40,329.09,40,329.08,80,329.07,40,328.75,40,328.74,160,328.7,240,,,,,,,329.87,80,329.88,120,329.89,80,329.9,40,329.94,40,330.44,160,330.56,80,330.63,80,330.68,80,330.7,200
2026-01-16 09:38:20,329.49,329.18,2,329.11,40,329.87,80,329.87,329.11,329.11,40,329.09,40,329.08,80,329.07,40,328.75,40,328.74,160,328.7,240,,,,,,,329.87,80,329.88,120,329.89,80,329.9,40,329.94,40,330.44,160,330.56,80,330.63,80,330.68,80,330.7,200
2026-01-16 09:38:21,329.49,329.18,2,329.11,40,329.87,80,329.87,329.11,329.11,40,329.09,40,329.08,80,329.07,40,328.75,40,328.74,160,328.7,240,,,,,,,329.87,80,329.88,120,329.89,80,329.9,40,329.94,40,330.44,160,330.56,80,330.63,80,330.68,80,330.7,200
2026-01-16 09:38:22,329.49,329.18,2,329.11,40,329.87,80,329.87,329.11,329.11,40,329.09,40,329.08,80,329.07,40,328.75,40,328.74,160,328.7,240,,,,,,,329.87,80,329.88,120,329.89,80,329.9,40,329.94,40,330.44,160,330.56,80,330.63,80,330.68,80,330.7,200
2026-01-16 09:38:23,329.49,329.18,2,329.11,40,329.87,120,329.87,329.11,329.11,40,329.09,40,329.08,80,329.07,40,328.75,40,328.74,160,328.7,240,,,,,,,329.87,120,329.88,120,329.89,80,329.9,40,329.94,40,330.44,160,330.56,80,330.63,80,330.68,80,330.7,200
2026-01-16 09:38:24,329.61,329.18,2,329.35,40,329.87,120,329.87,329.35,329.35,40,329.11,40,329.09,40,329.08,80,329.07,40,328.75,40,328.74,160,328.7,240,,,,,329.87,120,329.88,120,329.89,80,329.9,40,329.94,40,330.44,160,330.56,80,330.63,80,330.68,80,330.7,200
2026-01-16 09:38:25,329.61,329.18,2,329.35,40,329.87,120,329.87,329.35,329.35,40,329.11,40,329.09,40,329.08,80,329.07,40,328.75,40,328.74,160,328.7,240,,,,,329.87,120,329.88,120,329.89,80,329.9,40,329.94,40,330.44,160,330.56,80,330.63,80,330.68,80,330.7,200
2026-01-16 09:38:26,329.61,329.18,2,329.35,40,329.87,120,329.87,329.35,329.35,40,329.11,40,329.09,40,329.08,80,329.07,40,328.75,40,328.74,160,328.7,240,,,,,329.87,120,329.88,120,329.89,80,329.9,40,329.94,40,330.44,160,330.56,80,330.63,80,330.68,80,330.7,200
2026-01-16 09:38:27,329.61,329.18,2,329.35,40,329.87,120,329.87,329.35,329.35,40,329.11,40,329.09,40,329.08,80,329.07,40,328.75,40,328.74,160,328.7,240,,,,,329.87,120,329.88,120,329.89,80,329.9,40,329.94,40,330.44,160,330.56,80,330.63,80,330.68,80,330.7,200
2026-01-16 09:38:28,329.61,329.18,2,329.35,40,329.87,200,329.87,329.35,329.35,40,329.11,40,329.09,40,329.08,80,329.07,40,328.75,40,328.74,160,328.7,240,,,,,329.87,200,329.88,120,329.89,80,329.9,40,329.94,40,330.44,160,330.56,80,330.63,80,330.68,80,330.7,200
2026-01-16 09:38:29,329.61,329.18,2,329.35,40,329.87,200,329.87,329.35,329.35,40,329.11,40,329.09,40,329.08,80,329.07,40,328.75,40,328.74,160,328.7,240,,,,,329.87,200,329.88,120,329.89,80,329.9,40,329.94,40,330.44,160,330.56,80,330.63,80,330.68,80,330.7,200
2026-01-16 09:38:30,329.61,329.18,2,329.35,40,329.87,200,329.87,329.35,329.35,40,329.11,40,329.09,40,329.08,80,329.07,40,328.75,40,328.74,160,328.7,240,,,,,329.87,200,329.88,120,329.89,80,329.9,40,329.94,40,330.44,160,330.56,80,330.63,80,330.68,80,330.7,200
2026-01-16 09:38:31,329.615,329.18,2,329.36,120,329.87,120,329.87,329.36,329.36,120,329.35,40,329.11,40,329.09,40,329.08,80,329.07,40,328.75,40,328.74,160,328.7,240,,,329.87,120,329.88,120,329.89,80,329.9,40,329.94,40,330.44,160,330.56,80,330.63,80,330.68,80,330.7,200
2026-01-16 09:38:32,329.615,329.18,2,329.36,120,329.87,120,329.87,329.36,329.36,120,329.35,40,329.11,40,329.09,40,329.08,80,329.07,40,328.75,40,328.74,160,328.7,240,,,329.87,120,329.88,120,329.89,80,329.9,40,329.94,40,330.44,160,330.56,80,330.63,80,330.68,80,330.7,200
2026-01-16 09:38:33,329.535,329.18,2,329.36,120,329.71,40,329.71,329.36,329.36,120,329.35,40,329.11,40,329.09,40,329.08,80,329.07,40,328.75,40,328.74,160,328.7,240,,,329.71,40,329.72,80,329.87,120,329.88,120,329.89,80,329.9,40,329.94,40,330.44,160,330.56,80,330.63,80
2026-01-16 09:38:34,329.535,329.18,2,329.36,120,329.71,40,329.71,329.36,329.36,120,329.35,40,329.11,40,329.09,40,329.08,80,329.07,40,328.75,40,328.74,160,328.7,240,,,329.71,40,329.72,80,329.87,120,329.88,120,329.89,80,329.9,40,329.94,40,330.44,160,330.56,80,330.63,80
2026-01-16 09:38:35,329.615,329.38,1,329.36,120,329.87,120,329.87,329.36,329.36,120,329.35,40,329.11,40,329.09,40,329.08,80,329.07,40,328.75,40,328.74,160,328.7,240,,,329.87,120,329.88,120,329.89,80,329.9,40,329.94,40,330.44,160,330.56,80,330.63,80,330.68,80,330.7,200
2026-01-16 09:38:36,329.14,329.38,1,328.74,160,329.54,80,329.54,328.74,328.74,160,328.7,240,,,,,,,,,,,,,,,,,329.54,80,329.64,40,329.71,40,329.87,120,329.88,120,329.89,80,329.9,40,329.94,40,330.44,160,330.56,80
