sim_time,mid_price,last_price,last_size,best_bid_price,best_bid_size,best_ask_price,best_ask_size,close_price_buy,close_price_sell,bid1_price,bid1_size,bid2_price,bid2_size,bid3_price,bid3_size,bid4_price,bid4_size,bid5_price,bid5_size,bid6_price,bid6_size,bid7_price,bid7_size,bid8_price,bid8_size,bid9_price,bid9_size,bid10_price,bid10_size,ask1_price,ask1_size,ask2_price,ask2_size,ask3_price,ask3_size,ask4_price,ask4_size,ask5_price,ask5_size,ask6_price,ask6_size,ask7_price,ask7_size,ask8_price,ask8_size,ask9_price,ask9_size,ask10_price,ask10_size
2026-01-16 09:30:36,239.255,239.26,5,239.2,600,239.31,200,239.31,239.2,239.2,600,239.19,1200,239.18,1500,239.17,1100,239.15,600,239.14,1300,239.13,600,239.12,600,239.11,600,239.1,600,239.31,200,239.32,1000,239.35,400,239.38,400,239.43,400,239.45,200,239.47,400,239.48,200,,,,
2026-01-16 09:30:37,239.22,239.22,1,239.19,1800,239.25,300,239.25,239.19,239.19,1800,239.18,1500,239.17,1100,239.15,600,239.14,1300,239.13,600,239.12,600,239.11,600,239.1,600,239.09,1400,239.25,300,239.26,200,239.27,700,239.28,100,239.32,900,239.35,400,239.38,400,239.43,400,239.45,200,239.47,400
2026-01-16 09:30:38,239.225,239.19,1,239.16,1200,239.29,200,239.29,239.16,239.16,1200,239.15,1200,239.14,500,239.13,200,239.12,600,239.11,600,239.1,600,239.09,1400,239.08,3700,239.02,800,239.29,200,239.32,900,239.35,400,239.38,400,239.43,400,239.45,200,239.47,400,239.48,200,,,,
2026-01-16 09:30:38,239.23,239.26,2,239.18,3000,239.28,100,239.28,239.18,239.18,3000,239.17,1100,239.16,1200,239.15,1200,239.14,500,239.13,200,239.12,600,239.11,600,239.1,600,239.09,1400,239.28,100,239.29,200,239.31,200,239.32,900,239.35,400,239.38,400,239.43,400,239.45,200,239.47,400,239.48,200
2026-01-16 09:30:39,239.23,239.26,2,239.18,3000,239.28,100,239.28,239.18,239.18,3000,239.17,1100,239.16,1200,239.15,1200,239.14,500,239.13,200,239.12,600,239.11,600,239.1,600,239.09,1400,239.28,100,239.29,200,239.31,200,239.32,900,239.35,400,239.38,400,239.43,400,239.45,200,239.47,400,239.48,200
2026-01-16 09:30:39,239.245,239.2,6,239.21,500,239.28,400,239.28,239.21,239.21,500,239.2,500,239.19,500,239.18,3000,239.17,1100,239.16,1200,239.15,1200,239.14,500,239.13,200,239.12,600,239.28,400,239.29,200,239.31,200,239.32,900,239.35,400,239.38,400,239.43,400,239.45,200,239.47,400,239.48,200
2026-01-16 09:30:41,239.37,239.37,1,239.31,700,239.43,400,239.43,239.31,239.31,700,239.29,600,239.28,800,239.27,400,239.24,500,239.23,600,239.22,3700,239.21,500,239.2,500,239.19,500,239.43,400,239.45,200,239.47,400,239.48,200,,,,,,,,,,,,
2026-01-16 09:30:43,239.35,239.35,1,239.29,800,239.41,200,239.41,239.29,239.29,800,239.28,800,239.27,400,239.24,500,239.23,600,239.22,3700,239.21,500,239.2,500,239.19,500,239.18,3000,239.41,200,239.43,500,239.45,200,239.47,400,239.48,200,,,,,,,,,,
2026-01-16 09:30:44,239.335,239.35,1,239.29,800,239.38,100,239.38,239.29,239.29,800,239.28,800,239.27,400,239.24,500,239.23,600,239.22,3700,239.21,500,239.2,500,239.19,500,239.18,3000,239.38,100,239.4,100,239.41,200,239.43,500,239.45,200,239.47,400,239.48,200,,,,,,
2026-01-16 09:30:45,239.265,239.23,1,239.22,3600,239.31,200,239.31,239.22,239.22,3600,239.21,500,239.2,500,239.19,500,239.18,3000,239.17,1100,239.16,1200,239.15,1200,239.14,500,239.13,200,239.31,200,239.34,400,239.35,100,239.38,100,239.4,100,239.41,200,239.43,500,239.45,200,239.47,400,239.48,200
2026-01-16 09:30:46,239.055,239.08,12,239.02,400,239.09,300,239.09,239.02,239.02,400,239.0,900,238.99,600,238.98,500,238.97,500,238.96,100,238.94,100,238.93,900,238.89,200,238.85,200,239.09,300,239.11,100,239.12,100,239.14,200,239.15,200,239.16,100,239.18,300,239.19,300,239.21,100,239.23,200
2026-01-16 09:30:47,239.035,239.06,2,239.01,300,239.06,200,239.06,239.01,239.01,300,239.0,1600,238.99,600,238.98,500,238.97,500,238.96,100,238.94,100,238.93,900,238.89,200,238.85,200,239.06,200,239.08,800,239.1,500,239.11,100,239.12,100,239.14,200,239.15,200,239.16,100,239.18,300,239.19,300
2026-01-16 09:30:48,239.07,239.08,1,239.02,300,239.12,200,239.12,239.02,239.02,300,239.01,700,239.0,1600,238.99,600,238.98,500,238.97,500,238.96,100,238.94,100,238.93,900,238.89,200,239.12,200,239.16,500,239.18,300,239.19,300,239.21,100,239.23,200,239.27,100,239.29,200,239.31,500,239.34,400
2026-01-16 09:30:49,238.975,239.02,1,238.92,400,239.03,100,239.03,238.92,238.92,400,238.89,200,238.85,200,238.7,800,238.67,1100,238.64,300,,,,,,,,,239.03,100,239.04,200,239.05,100,239.06,200,239.12,200,239.16,500,239.18,300,239.19,300,239.21,100,239.23,200
2026-01-16 09:30:50,239.05,239.07,1,239.02,300,239.08,200,239.08,239.02,239.02,300,239.01,300,238.95,300,238.92,400,238.89,200,238.85,200,238.7,800,238.67,1100,238.64,300,,,239.08,200,239.12,400,239.16,500,239.18,300,239.19,300,239.21,100,239.23,200,239.27,100,239.29,200,239.31,500
2026-01-16 09:30:51,239.03,239.07,15,238.98,700,239.08,700,239.08,238.98,238.98,700,238.96,1000,238.95,300,238.92,400,238.89,200,238.85,200,238.7,800,238.67,1100,238.64,300,,,239.08,700,239.12,400,239.16,500,239.18,300,239.19,300,239.21,100,239.23,200,239.27,100,239.29,200,239.31,500
2026-01-16 09:30:52,239.065,239.12,4,239.0,600,239.13,200,239.13,239.0,239.0,600,238.98,500,238.96,1000,238.95,300,238.92,400,238.89,200,238.85,200,238.7,800,238.67,1100,238.64,300,239.13,200,239.16,500,239.18,300,239.19,300,239.21,100,239.23,200,239.27,100,239.29,200,239.31,500,239.34,400
2026-01-16 09:30:53,239.02,239.0,6,238.96,600,239.08,400,239.08,238.96,238.96,600,238.95,600,238.92,800,238.89,200,238.85,200,238.7,800,238.67,1100,238.64,300,,,,,239.08,400,239.09,200,239.1,100,239.11,200,239.12,200,239.13,200,239.16,500,239.18,300,239.19,300,239.21,100
2026-01-16 09:30:54,239.025,239.0,6,238.96,600,239.09,500,239.09,238.96,238.96,600,238.95,600,238.92,800,238.89,200,238.85,200,238.7,800,238.67,1100,238.64,300,,,,,239.09,500,239.1,100,239.11,200,239.12,200,239.13,200,239.16,500,239.18,300,239.19,300,239.21,100,239.23,200
2026-01-16 09:30:55,239.03,239.0,4,238.96,900,239.1,300,239.1,238.96,238.96,900,238.95,600,238.92,800,238.89,200,238.85,200,238.7,800,238.67,1100,238.64,300,,,,,239.1,300,239.11,200,239.12,200,239.13,200,239.16,500,239.18,300,239.19,300,239.21,100,239.23,200,239.27,100
2026-01-16 09:30:56,238.94,238.94,1,238.88,400,239.0,100,239.0,238.88,238.88,400,238.87,100,238.85,200,238.7,800,238.67,1100,238.64,300,,,,,,,,,239.0,100,239.03,300,239.04,100,239.1,500,239.11,200,239.12,200,239.13,200,239.16,500,239.18,300,239.19,300
2026-01-16 09:30:57,238.98,238.98,2,238.94,600,239.02,700,239.02,238.94,238.94,600,238.93,3000,238.91,600,238.9,600,238.88,400,238.87,100,238.85,200,238.7,800,238.67,1100,238.64,300,239.02,700,239.03,700,239.04,100,239.1,500,239.11,200,239.12,200,239.13,200,239.16,500,239.18,300,239.19,300
2026-01-16 09:30:58,238.88,238.88,1,238.83,100,238.93,200,238.93,238.83,238.83,100,238.8,600,238.7,800,238.67,1100,238.64,300,,,,,,,,,,,238.93,200,238.94,100,238.95,200,238.96,100,239.01,300,239.02,800,239.03,700,239.04,100,239.1,500,239.11,200
2026-01-16 09:30:59,238.915,238.91,1,238.89,100,238.94,100,238.94,238.89,238.89,100,238.88,100,238.87,3000,238.84,100,238.8,600,238.7,800,238.67,1100,238.64,300,,,,,238.94,100,238.95,200,238.96,100,239.01,300,239.02,800,239.03,700,239.04,100,239.1,500,239.11,200,239.12,200
2026-01-16 09:31:00,239.19,239.21,7,239.13,500,239.25,600,239.25,239.13,239.13,500,239.1,500,239.08,700,239.06,600,239.05,700,239.04,800,239.0,100,238.99,100,238.98,300,238.97,200,239.25,600,239.27,400,239.29,200,239.31,500,239.34,400,239.35,100,239.38,100,239.4,100,239.41,200,239.43,500
2026-01-16 09:31:01,239.045,239.12,1,238.98,600,239.11,400,239.11,238.98,238.98,600,238.97,200,238.95,200,238.94,200,238.91,100,238.9,200,238.89,200,238.88,100,238.87,3000,238.84,100,239.11,400,239.12,200,239.13,200,239.14,200,239.15,100,239.16,100,239.18,200,239.22,100,239.25,800,239.27,400
2026-01-16 09:31:02,239.065,239.12,1,239.01,400,239.12,200,239.12,239.01,239.01,400,239.0,500,238.99,400,238.98,600,238.97,200,238.95,200,238.94,200,238.91,100,238.9,200,238.89,200,239.12,200,239.13,200,239.14,200,239.15,100,239.16,100,239.18,200,239.22,100,239.25,800,239.27,400,239.29,200
2026-01-16 09:31:03,239.075,239.12,10,239.03,400,239.12,500,239.12,239.03,239.03,400,239.02,400,239.01,400,239.0,500,238.99,400,238.98,600,238.97,200,238.95,200,238.94,200,238.91,100,239.12,500,239.13,200,239.14,200,239.15,100,239.16,100,239.18,200,239.22,100,239.25,800,239.27,400,239.29,200
2026-01-16 09:31:04,239.08,239.06,7,239.04,400,239.12,700,239.12,239.04,239.04,400,239.03,400,239.02,400,239.01,400,239.0,500,238.99,400,238.98,600,238.97,200,238.95,200,238.94,200,239.12,700,239.13,200,239.14,200,239.15,100,239.16,100,239.18,200,239.22,100,239.25,800,239.27,400,239.29,200
2026-01-16 09:31:05,238.975,238.96,1,238.94,200,239.01,300,239.01,238.94,238.94,200,238.88,200,238.87,3000,238.84,100,238.8,600,238.7,800,238.67,1100,238.64,300,,,,,239.01,300,239.02,400,239.03,400,239.04,100,239.05,200,239.08,700,239.12,700,239.13,200,239.14,200,239.15,100
2026-01-16 09:31:06,238.95,238.93,3,238.92,400,238.98,200,238.98,238.92,238.92,400,238.9,400,238.87,3100,238.84,100,238.8,600,238.7,800,238.67,1100,238.64,300,,,,,238.98,200,238.99,200,239.01,500,239.02,400,239.03,400,239.04,100,239.05,200,239.08,700,239.12,700,239.13,200
2026-01-16 09:31:07,238.92,238.92,3,238.87,3000,238.97,600,238.97,238.87,238.87,3000,238.84,100,238.8,600,238.7,800,238.67,1100,238.64,300,,,,,,,,,238.97,600,238.98,300,238.99,200,239.01,500,239.02,400,239.03,400,239.04,100,239.05,200,239.08,700,239.12,700
2026-01-16 09:31:08,238.915,238.88,2,238.88,400,238.95,100,238.95,238.88,238.88,400,238.87,3000,238.84,100,238.8,600,238.7,800,238.67,1100,238.64,300,,,,,,,238.95,100,238.96,200,238.97,400,238.98,300,238.99,200,239.01,500,239.02,400,239.03,400,239.04,100,239.05,200
2026-01-16 09:31:09,239.155,239.12,1,239.09,500,239.22,300,239.22,239.09,239.09,500,239.08,100,239.07,400,239.06,100,239.05,200,239.04,100,239.02,700,239.0,400,238.99,100,238.95,400,239.22,300,239.25,800,239.27,400,239.29,200,239.31,500,239.34,400,239.35,100,239.38,100,239.4,100,239.41,200
2026-01-16 09:31:10,239.205,239.12,1,239.14,400,239.27,300,239.27,239.14,239.14,400,239.13,200,239.11,500,239.1,400,239.09,900,239.08,100,239.07,400,239.06,100,239.05,200,239.04,100,239.27,300,239.29,200,239.31,500,239.34,400,239.35,100,239.38,100,239.4,100,239.41,200,239.43,500,239.45,200
2026-01-16 09:31:11,239.225,239.24,1,239.17,100,239.28,400,239.28,239.17,239.17,100,239.16,700,239.14,800,239.13,800,239.11,500,239.1,400,239.09,900,239.08,100,239.07,400,239.06,100,239.28,400,239.31,800,239.34,400,239.35,100,239.38,100,239.4,100,239.41,200,239.43,500,239.45,200,239.47,400
2026-01-16 09:31:12,239.225,239.23,1,239.17,500,239.28,300,239.28,239.17,239.17,500,239.16,700,239.14,800,239.13,800,239.11,500,239.1,400,239.09,900,239.08,100,239.07,400,239.06,100,239.28,300,239.31,800,239.34,400,239.35,100,239.38,100,239.4,100,239.41,200,239.43,500,239.45,200,239.47,400
2026-01-16 09:31:13,239.17,239.17,1,239.11,400,239.23,800,239.23,239.11,239.11,400,239.1,300,239.09,500,239.08,200,239.07,400,239.06,200,239.05,200,239.04,100,239.02,700,239.0,400,239.23,800,239.24,600,239.25,400,239.27,200,239.28,600,239.31,800,239.34,400,239.35,100,239.38,100,239.4,100
2026-01-16 09:31:14,239.12,239.18,3,239.06,400,239.18,300,239.18,239.06,239.06,400,239.05,300,239.04,500,239.03,500,239.02,700,239.0,400,238.99,100,238.95,400,238.94,800,238.92,400,239.18,300,239.19,100,239.2,400,239.21,800,239.22,300,239.23,900,239.24,600,239.25,400,239.27,200,239.28,600
2026-01-16 09:31:15,239.23,239.21,1,239.19,400,239.27,200,239.27,239.19,239.19,400,239.16,400,239.12,200,239.07,100,239.06,500,239.05,300,239.04,500,239.03,500,239.02,700,239.0,400,239.27,200,239.3,700,239.31,800,239.34,400,239.35,100,239.38,100,239.4,100,239.41,200,239.43,500,239.45,200
2026-01-16 09:31:16,239.23,239.19,1,239.19,400,239.27,100,239.27,239.19,239.19,400,239.18,400,239.17,200,239.16,400,239.12,200,239.07,100,239.06,500,239.05,300,239.04,500,239.03,500,239.27,100,239.28,100,239.3,700,239.31,800,239.34,400,239.35,100,239.38,100,239.4,100,239.41,200,239.43,500
2026-01-16 09:31:17,239.13,239.18,1,239.07,400,239.19,400,239.19,239.07,239.07,400,239.06,800,239.05,300,239.04,500,239.03,500,239.02,700,239.0,400,238.99,100,238.95,400,238.94,800,239.19,400,239.2,200,239.21,500,239.22,200,239.23,300,239.24,400,239.26,200,239.27,800,239.28,100,239.3,700
2026-01-16 09:31:18,239.06,239.06,2,238.99,200,239.13,500,239.13,238.99,238.99,200,238.95,400,238.94,800,238.92,400,238.91,200,238.87,3100,238.84,100,238.8,600,238.7,800,238.67,1100,239.13,500,239.19,800,239.2,200,239.21,500,239.22,200,239.23,300,239.24,400,239.26,200,239.27,800,239.28,100
2026-01-16 09:31:19,239.12,239.12,4,239.07,800,239.17,300,239.17,239.07,239.07,800,239.01,400,238.99,600,238.95,400,238.94,800,238.92,400,238.91,200,238.87,3100,238.84,100,238.8,600,239.17,300,239.19,800,239.2,200,239.21,500,239.22,200,239.23,300,239.24,400,239.26,200,239.27,800,239.28,100
2026-01-16 09:31:20,238.985,238.99,1,238.92,600,239.05,500,239.05,238.92,238.92,600,238.91,200,238.87,3100,238.84,100,238.8,600,238.7,800,238.67,1100,238.64,300,,,,,239.05,500,239.06,500,239.07,100,239.13,500,239.15,500,239.16,600,239.17,600,239.19,800,239.2,200,239.21,500
2026-01-16 09:31:21,239.155,239.12,1,239.12,500,239.19,900,239.19,239.12,239.12,500,239.11,400,239.09,100,239.07,100,239.06,400,239.05,600,239.0,100,238.98,400,238.96,200,238.95,300,239.19,900,239.2,200,239.21,500,239.22,200,239.23,300,239.24,400,239.26,200,239.27,800,239.28,100,239.3,700
2026-01-16 09:31:22,239.16,239.19,5,239.1,500,239.22,300,239.22,239.1,239.1,500,239.09,500,239.07,100,239.06,400,239.05,600,239.0,100,238.98,400,238.96,200,238.95,300,238.93,400,239.22,300,239.23,1000,239.24,400,239.26,200,239.27,800,239.28,100,239.3,700,239.31,800,239.34,400,239.35,100
2026-01-16 09:31:23,239.16,239.19,5,239.1,800,239.22,300,239.22,239.1,239.1,800,239.09,500,239.07,100,239.06,400,239.05,600,239.0,100,238.98,400,238.96,200,238.95,300,238.93,400,239.22,300,239.23,1000,239.24,400,239.26,200,239.27,800,239.28,100,239.3,700,239.31,800,239.34,400,239.35,100
2026-01-16 09:31:24,239.16,239.16,1,239.12,500,239.2,400,239.2,239.12,239.12,500,239.11,800,239.1,800,239.09,500,239.07,100,239.06,400,239.05,600,239.0,100,238.98,400,238.96,200,239.2,400,239.22,300,239.23,1000,239.24,400,239.26,200,239.27,800,239.28,100,239.3,700,239.31,800,239.34,400
2026-01-16 09:31:25,239.27,239.26,1,239.24,200,239.3,400,239.3,239.24,239.24,200,239.23,800,239.21,100,239.2,200,239.15,200,239.14,700,239.13,600,239.12,500,239.11,800,239.1,800,239.3,400,239.31,800,239.34,400,239.35,100,239.38,100,239.4,100,239.41,200,239.43,500,239.45,200,239.47,400
2026-01-16 09:31:26,239.12,239.12,1,239.05,1100,239.19,200,239.19,239.05,239.05,1100,239.0,100,238.98,400,238.96,200,238.95,300,238.93,400,238.92,700,238.91,200,238.87,3100,238.84,100,239.19,200,239.2,500,239.23,300,239.25,200,239.29,300,239.3,500,239.31,800,239.34,400,239.35,100,239.38,100
2026-01-16 09:31:27,239.14,239.15,1,239.09,300,239.19,300,239.19,239.09,239.09,300,239.08,200,239.07,600,239.05,1100,239.0,100,238.98,400,238.96,200,238.95,300,238.93,400,238.92,700,239.19,300,239.23,600,239.24,200,239.29,200,239.3,600,239.31,800,239.34,400,239.35,100,239.38,100,239.4,100
2026-01-16 09:31:28,239.14,239.19,32,239.09,600,239.19,400,239.19,239.09,239.09,600,239.08,200,239.07,600,239.05,1100,239.0,100,238.98,400,238.96,200,238.95,300,238.93,400,238.92,700,239.19,400,239.23,600,239.24,200,239.29,200,239.3,600,239.31,800,239.34,400,239.35,100,239.38,100,239.4,100
2026-01-16 09:31:29,239.15,239.19,32,239.09,800,239.21,200,239.21,239.09,239.09,800,239.08,200,239.07,600,239.05,1100,239.0,100,238.98,400,238.96,200,238.95,300,238.93,400,238.92,700,239.21,200,239.23,600,239.24,200,239.29,200,239.3,600,239.31,800,239.34,400,239.35,100,239.38,100,239.4,100
2026-01-16 09:31:30,239.21,239.18,1,239.15,400,239.27,300,239.27,239.15,239.15,400,239.12,100,239.1,1500,239.09,800,239.08,200,239.07,600,239.05,1100,239.0,100,238.98,400,238.96,200,239.27,300,239.28,300,239.29,200,239.3,600,239.31,800,239.34,400,239.35,100,239.38,100,239.4,100,239.41,200
2026-01-16 09:31:31,239.2,239.21,1,239.15,400,239.25,300,239.25,239.15,239.15,400,239.12,100,239.1,1500,239.09,800,239.08,200,239.07,600,239.05,1100,239.0,100,238.98,400,238.96,200,239.25,300,239.26,400,239.27,400,239.28,300,239.29,200,239.3,600,239.31,800,239.34,400,239.35,100,239.38,100
2026-01-16 09:31:32,239.2,239.2,2,239.15,400,239.25,800,239.25,239.15,239.15,400,239.12,100,239.1,1500,239.09,800,239.08,200,239.07,600,239.05,1100,239.0,100,238.98,400,238.96,200,239.25,800,239.26,400,239.27,400,239.28,300,239.29,200,239.3,600,239.31,800,239.34,400,239.35,100,239.38,100
2026-01-16 09:31:33,239.2,239.2,2,239.15,700,239.25,800,239.25,239.15,239.15,700,239.12,100,239.1,1500,239.09,800,239.08,200,239.07,600,239.05,1100,239.0,100,238.98,400,238.96,200,239.25,800,239.26,400,239.27,400,239.28,300,239.29,200,239.3,600,239.31,800,239.34,400,239.35,100,239.38,100
2026-01-16 09:31:34,239.275,239.25,1,239.24,400,239.31,500,239.31,239.24,239.24,400,239.2,300,239.18,100,239.16,200,239.15,800,239.12,100,239.1,1500,239.09,800,239.08,200,239.07,600,239.31,500,239.34,400,239.35,100,239.38,100,239.4,100,239.41,200,239.43,500,239.45,200,239.47,400,239.48,200
2026-01-16 09:31:35,239.24,239.3,1,239.18,400,239.3,100,239.3,239.18,239.18,400,239.17,800,239.16,200,239.15,800,239.12,100,239.1,1500,239.09,800,239.08,200,239.07,600,239.05,1100,239.3,100,239.32,500,239.34,400,239.35,100,239.38,100,239.4,100,239.41,200,239.43,500,239.45,200,239.47,400
2026-01-16 09:31:36,239.24,239.22,1,239.18,300,239.3,100,239.3,239.18,239.18,300,239.16,200,239.15,800,239.12,100,239.1,1500,239.09,800,239.08,200,239.07,600,239.05,1100,239.0,100,239.3,100,239.31,200,239.33,500,239.34,1000,239.36,200,239.38,100,239.4,100,239.41,200,239.43,500,239.45,200
2026-01-16 09:31:37,239.24,239.29,1,239.18,400,239.3,600,239.3,239.18,239.18,400,239.16,200,239.15,800,239.12,100,239.1,1500,239.09,800,239.08,200,239.07,600,239.05,1100,239.0,100,239.3,600,239.31,200,239.33,500,239.34,1000,239.36,200,239.38,100,239.4,100,239.41,200,239.43,500,239.45,200
2026-01-16 09:31:38,239.25,239.25,1,239.18,400,239.32,500,239.32,239.18,239.18,400,239.16,200,239.15,800,239.12,100,239.1,1500,239.09,800,239.08,200,239.07,600,239.05,1100,239.0,100,239.32,500,239.34,900,239.36,200,239.38,100,239.4,100,239.41,200,239.43,500,239.45,200,239.47,400,239.48,200
2026-01-16 09:31:39,239.24,239.24,1,239.18,400,239.3,400,239.3,239.18,239.18,400,239.16,200,239.15,800,239.12,100,239.1,1500,239.09,800,239.08,200,239.07,600,239.05,1100,239.0,100,239.3,400,239.32,500,239.34,900,239.36,200,239.38,100,239.4,100,239.41,200,239.43,500,239.45,200,239.47,400
2026-01-16 09:31:40,239.235,239.25,1,239.18,700,239.29,700,239.29,239.18,239.18,700,239.16,200,239.15,800,239.12,100,239.1,1500,239.09,800,239.08,200,239.07,600,239.05,1100,239.0,100,239.29,700,239.3,800,239.32,500,239.34,900,239.36,200,239.38,100,239.4,100,239.41,200,239.43,500,239.45,200
2026-01-16 09:31:41,239.235,239.24,1,239.18,800,239.29,800,239.29,239.18,239.18,800,239.16,200,239.15,800,239.12,100,239.1,1500,239.09,800,239.08,200,239.07,600,239.05,1100,239.0,100,239.29,800,239.3,800,239.32,500,239.34,900,239.36,200,239.38,100,239.4,100,239.41,200,239.43,500,239.45,200
2026-01-16 09:31:42,239.165,239.13,1,239.12,200,239.21,100,239.21,239.12,239.12,200,239.1,500,239.08,400,239.07,600,239.05,1100,239.0,100,238.98,400,238.96,200,238.95,300,238.93,400,239.21,100,239.29,1100,239.3,800,239.32,500,239.34,900,239.36,200,239.38,100,239.4,100,239.41,200,239.43,500
2026-01-16 09:31:43,238.985,238.94,4,238.92,800,239.05,700,239.05,238.92,238.92,800,238.91,200,238.87,3100,238.84,100,238.8,600,238.7,800,238.67,1100,238.64,300,,,,,239.05,700,239.08,300,239.09,100,239.11,200,239.14,500,239.15,100,239.21,100,239.29,1100,239.3,800,239.32,500
2026-01-16 09:31:44,239.0,238.94,4,238.92,800,239.08,300,239.08,238.92,238.92,800,238.91,200,238.87,3100,238.84,100,238.8,600,238.7,800,238.67,1100,238.64,300,,,,,239.08,300,239.09,100,239.11,200,239.14,500,239.15,100,239.21,100,239.29,1100,239.3,800,239.32,500,239.34,900
2026-01-16 09:31:45,238.985,239.03,4,238.93,300,239.04,100,239.04,238.93,238.93,300,238.92,800,238.91,200,238.87,3100,238.84,100,238.8,600,238.7,800,238.67,1100,238.64,300,,,239.04,100,239.08,300,239.09,100,239.11,200,239.14,500,239.15,100,239.21,100,239.29,1100,239.3,800,239.32,500
2026-01-16 09:31:46,238.97,238.96,2,238.92,900,239.02,300,239.02,238.92,238.92,900,238.91,200,238.87,3100,238.84,100,238.8,600,238.7,800,238.67,1100,238.64,300,,,,,239.02,300,239.04,200,239.08,300,239.09,100,239.11,200,239.14,500,239.15,100,239.21,100,239.29,1100,239.3,800
2026-01-16 09:31:47,238.87,238.86,1,238.81,200,238.93,300,238.93,238.81,238.81,200,238.8,200,238.79,200,238.78,300,238.7,800,238.67,1100,238.64,300,,,,,,,238.93,300,238.94,100,238.97,200,239.02,700,239.04,200,239.08,300,239.09,100,239.11,200,239.14,500,239.15,100
2026-01-16 09:31:48,238.94,239.02,5,238.86,300,239.02,900,239.02,238.86,238.86,300,238.85,100,238.84,200,238.83,100,238.82,100,238.81,500,238.8,200,238.79,200,238.78,300,238.7,800,239.02,900,239.04,200,239.08,300,239.09,100,239.11,200,239.14,500,239.15,100,239.21,100,239.29,1100,239.3,800
2026-01-16 09:31:49,238.98,238.94,1,238.89,500,239.07,200,239.07,238.89,238.89,500,238.88,200,238.86,400,238.85,100,238.84,200,238.83,100,238.82,100,238.81,500,238.8,200,238.79,200,239.07,200,239.08,300,239.09,100,239.11,200,239.14,500,239.15,100,239.21,100,239.29,1100,239.3,800,239.32,500
2026-01-16 09:31:50,238.94,238.99,2,238.89,800,238.99,100,238.99,238.89,238.89,800,238.88,200,238.86,400,238.85,100,238.84,200,238.83,100,238.82,100,238.81,500,238.8,200,238.79,200,238.99,100,239.0,300,239.02,200,239.07,400,239.08,300,239.09,100,239.11,200,239.14,500,239.15,100,239.21,100
2026-01-16 09:31:51,239.01,239.01,1,238.96,1600,239.06,200,239.06,238.96,238.96,1600,238.93,1500,238.92,1600,238.91,1800,238.9,1000,238.89,900,238.88,300,238.86,400,238.85,100,238.84,200,239.06,200,239.07,200,239.08,600,239.09,100,239.11,200,239.14,500,239.15,100,239.21,100,239.29,1100,239.3,800
2026-01-16 09:31:52,238.87,238.89,1,238.82,200,238.92,100,238.92,238.82,238.82,200,238.81,300,238.8,200,238.79,200,238.78,300,238.7,800,238.67,1100,238.64,300,,,,,238.92,100,238.95,100,238.97,200,239.0,400,239.01,100,239.06,200,239.07,200,239.08,600,239.09,100,239.11,200
2026-01-16 09:31:53,238.885,238.89,1,238.81,600,238.96,600,238.96,238.81,238.81,600,238.8,200,238.79,200,238.78,300,238.7,800,238.67,1100,238.64,300,,,,,,,238.96,600,238.97,200,239.0,400,239.01,100,239.06,200,239.07,200,239.08,600,239.09,100,239.11,200,239.14,500
2026-01-16 09:31:54,238.885,238.89,1,238.81,800,238.96,1100,238.96,238.81,238.81,800,238.8,200,238.79,200,238.78,300,238.7,800,238.67,1100,238.64,300,,,,,,,238.96,1100,238.97,200,239.0,400,239.01,100,239.06,200,239.07,200,239.08,600,239.09,100,239.11,200,239.14,500
2026-01-16 09:31:55,238.88,238.95,10,238.81,1100,238.95,500,238.95,238.81,238.81,1100,238.8,200,238.79,200,238.78,300,238.7,800,238.67,1100,238.64,300,,,,,,,238.95,500,238.96,1200,238.97,200,239.0,400,239.01,100,239.06,200,239.07,200,239.08,600,239.09,100,239.11,200
2026-01-16 09:31:56,238.875,238.88,1,238.81,1200,238.94,400,238.94,238.81,238.81,1200,238.8,200,238.79,200,238.78,300,238.7,800,238.67,1100,238.64,300,,,,,,,238.94,400,238.95,500,238.96,1200,238.97,200,239.0,400,239.01,100,239.06,200,239.07,200,239.08,600,239.09,100
2026-01-16 09:31:57,238.795,238.8,1,238.75,300,238.84,500,238.84,238.75,238.75,300,238.73,300,238.7,800,238.67,1100,238.64,300,,,,,,,,,,,238.84,500,238.86,100,238.94,500,238.95,500,238.96,1200,238.97,200,239.0,400,239.01,100,239.06,200,239.07,200
2026-01-16 09:31:58,238.795,238.8,1,238.75,300,238.84,600,238.84,238.75,238.75,300,238.73,300,238.7,800,238.67,1100,238.64,300,,,,,,,,,,,238.84,600,238.86,100,238.94,500,238.95,500,238.96,1200,238.97,200,239.0,400,239.01,100,239.06,200,239.07,200
2026-01-16 09:31:59,238.82,238.83,1,238.76,600,238.88,400,238.88,238.76,238.76,600,238.75,600,238.73,300,238.7,800,238.67,1100,238.64,300,,,,,,,,,238.88,400,238.94,500,238.95,500,238.96,1200,238.97,200,239.0,400,239.01,100,239.06,200,239.07,200,239.08,600
2026-01-16 09:32:00,238.765,238.74,2,238.72,300,238.81,800,238.81,238.72,238.72,300,238.7,500,238.67,1100,238.64,300,,,,,,,,,,,,,238.81,800,238.84,200,238.86,200,238.88,900,238.94,500,238.95,500,238.96,1200,238.97,200,239.0,400,239.01,100
2026-01-16 09:32:01,238.705,238.73,10,238.65,100,238.76,100,238.76,238.65,238.65,100,238.64,100,238.62,500,,,,,,,,,,,,,,,238.76,100,238.77,100,238.81,100,238.83,300,238.84,100,238.86,200,238.88,900,238.94,500,238.95,500,238.96,1200
2026-01-16 09:32:02,238.795,238.78,1,238.73,500,238.86,200,238.86,238.73,238.73,500,238.7,400,238.68,100,238.67,100,238.64,800,238.62,500,,,,,,,,,238.86,200,238.88,900,238.94,500,238.95,500,238.96,1200,238.97,200,239.0,400,239.01,100,239.06,200,239.07,200
2026-01-16 09:32:03,238.8,238.8,5,238.73,1200,238.87,400,238.87,238.73,238.73,1200,238.7,400,238.68,100,238.67,100,238.64,800,238.62,500,,,,,,,,,238.87,400,238.88,900,238.94,500,238.95,500,238.96,1200,238.97,200,239.0,400,239.01,100,239.06,200,239.07,200
2026-01-16 09:32:04,238.77,238.77,1,238.73,900,238.81,100,238.81,238.73,238.73,900,238.7,400,238.68,100,238.67,100,238.64,800,238.62,500,,,,,,,,,238.81,100,238.84,100,238.87,300,238.88,900,238.94,500,238.95,500,238.96,1200,238.97,200,239.0,400,239.01,100
2026-01-16 09:32:05,238.71,238.68,1,238.64,1100,238.78,400,238.78,238.64,238.64,1100,238.62,500,,,,,,,,,,,,,,,,,238.78,400,238.8,200,238.86,700,238.87,300,238.88,900,238.94,500,238.95,500,238.96,1200,238.97,200,239.0,400
2026-01-16 09:32:06,238.625,238.61,1,238.58,200,238.67,700,238.67,238.58,238.58,200,238.56,200,238.55,200,238.54,200,,,,,,,,,,,,,238.67,700,238.68,200,238.69,100,238.78,400,238.8,200,238.86,700,238.87,300,238.88,900,238.94,500,238.95,500
2026-01-16 09:32:07,238.625,238.61,1,238.58,200,238.67,100,238.67,238.58,238.58,200,238.56,200,238.55,200,238.54,200,,,,,,,,,,,,,238.67,100,238.68,600,238.69,100,238.78,400,238.8,200,238.86,700,238.87,300,238.88,900,238.94,500,238.95,500
2026-01-16 09:32:08,238.63,238.63,1,238.58,300,238.68,600,238.68,238.58,238.58,300,238.56,200,238.55,200,238.54,200,,,,,,,,,,,,,238.68,600,238.69,100,238.78,400,238.8,200,238.86,700,238.87,300,238.88,900,238.94,500,238.95,500,238.96,1200
2026-01-16 09:32:09,238.63,238.63,1,238.58,300,238.68,600,238.68,238.58,238.58,300,238.56,200,238.55,200,238.54,200,,,,,,,,,,,,,238.68,600,238.69,100,238.78,400,238.8,200,238.86,700,238.87,300,238.88,900,238.94,500,238.95,500,238.96,1200
2026-01-16 09:32:10,238.68,238.68,1,238.63,300,238.73,500,238.73,238.63,238.63,300,238.62,200,238.61,100,238.6,500,238.59,500,238.58,300,238.56,200,238.55,200,238.54,200,,,238.73,500,238.78,400,238.8,200,238.86,700,238.87,300,238.88,900,238.94,500,238.95,500,238.96,1200,238.97,200
2026-01-16 09:32:11,238.68,238.68,1,238.63,400,238.73,500,238.73,238.63,238.63,400,238.62,200,238.61,100,238.6,500,238.59,500,238.58,300,238.56,200,238.55,200,238.54,200,,,238.73,500,238.78,400,238.8,200,238.86,700,238.87,300,238.88,900,238.94,500,238.95,500,238.96,1200,238.97,200
2026-01-16 09:32:12,238.825,238.82,1,238.77,200,238.88,500,238.88,238.77,238.77,200,238.76,200,238.75,200,238.73,300,238.71,100,238.7,300,238.69,300,238.64,100,238.63,300,238.62,200,238.88,500,238.94,500,238.95,500,238.96,1200,238.97,200,239.0,400,239.01,100,239.06,200,239.07,200,239.08,600
2026-01-16 09:32:13,238.935,238.88,1,238.87,100,239.0,300,239.0,238.87,238.87,100,238.86,500,238.85,100,238.83,700,238.82,200,238.77,200,238.76,200,238.75,200,238.73,300,238.71,100,239.0,300,239.01,100,239.06,200,239.07,200,239.08,600,239.09,100,239.11,200,239.14,500,239.15,100,239.21,100
2026-01-16 09:32:14,238.925,238.92,1,238.87,300,238.98,100,238.98,238.87,238.87,300,238.86,500,238.85,100,238.83,700,238.82,200,238.77,200,238.76,200,238.75,200,238.73,300,238.71,100,238.98,100,238.99,600,239.0,300,239.01,100,239.06,200,239.07,200,239.08,600,239.09,100,239.11,200,239.14,500
2026-01-16 09:32:15,238.75,238.77,1,238.69,300,238.81,100,238.81,238.69,238.69,300,238.64,100,238.63,300,238.62,200,238.61,100,238.6,500,238.59,500,238.58,300,238.56,200,238.55,200,238.81,100,238.82,100,238.88,200,238.91,100,238.92,400,238.98,300,238.99,600,239.0,300,239.01,100,239.06,200
2026-01-16 09:32:16,238.73,238.8,10,238.66,500,238.8,400,238.8,238.66,238.66,500,238.64,100,238.63,300,238.62,200,238.61,100,238.6,500,238.59,500,238.58,300,238.56,200,238.55,200,238.8,400,238.81,300,238.82,100,238.88,200,238.91,100,238.92,400,238.98,300,238.99,600,239.0,300,239.01,100
2026-01-16 09:32:17,238.64,238.66,1,238.58,300,238.7,200,238.7,238.58,238.58,300,238.56,200,238.55,200,238.54,200,,,,,,,,,,,,,238.7,200,238.74,500,238.77,300,238.8,500,238.81,300,238.82,100,238.88,200,238.91,100,238.92,400,238.98,300
2026-01-16 09:32:18,238.64,238.8,1,238.58,400,238.7,1000,238.7,238.58,238.58,400,238.56,200,238.55,200,238.54,200,,,,,,,,,,,,,238.7,1000,238.74,500,238.77,300,238.8,500,238.81,300,238.82,100,238.88,200,238.91,100,238.92,400,238.98,300
2026-01-16 09:32:19,238.635,238.64,1,238.58,400,238.69,500,238.69,238.58,238.58,400,238.56,200,238.55,200,238.54,200,,,,,,,,,,,,,238.69,500,238.7,700,238.74,500,238.77,300,238.8,500,238.81,300,238.82,100,238.88,200,238.91,100,238.92,400
2026-01-16 09:32:20,238.62,238.59,4,238.58,400,238.66,100,238.66,238.58,238.58,400,238.57,200,238.56,200,238.55,200,238.54,200,,,,,,,,,,,238.66,100,238.67,400,238.68,600,238.69,600,238.7,700,238.74,500,238.77,300,238.8,500,238.81,300,238.82,100
2026-01-16 09:32:21,238.695,238.62,1,238.62,100,238.77,100,238.77,238.62,238.62,100,238.61,200,238.6,700,238.58,400,238.57,200,238.56,200,238.55,200,238.54,200,,,,,238.77,100,238.8,500,238.81,300,238.82,100,238.88,200,238.91,100,238.92,400,238.98,300,238.99,600,239.0,300
2026-01-16 09:32:22,238.695,238.62,1,238.62,600,238.77,600,238.77,238.62,238.62,600,238.61,200,238.6,700,238.58,400,238.57,200,238.56,200,238.55,200,238.54,200,,,,,238.77,600,238.8,500,238.81,300,238.82,100,238.88,200,238.91,100,238.92,400,238.98,300,238.99,600,239.0,300
2026-01-16 09:32:24,238.72,238.62,1,238.67,100,238.77,1600,238.77,238.67,238.67,100,238.63,600,238.62,700,238.61,200,238.6,700,238.58,400,238.57,200,238.56,200,238.55,200,238.54,200,238.77,1600,238.8,500,238.81,300,238.82,100,238.88,200,238.91,100,238.92,400,238.98,300,238.99,600,239.0,300
2026-01-16 09:32:25,238.65,238.65,1,238.59,500,238.71,500,238.71,238.59,238.59,500,238.58,400,238.57,200,238.56,200,238.55,200,238.54,200,,,,,,,,,238.71,500,238.72,100,238.75,300,238.76,400,238.77,1600,238.8,500,238.81,300,238.82,100,238.88,200,238.91,100
2026-01-16 09:32:26,238.78,238.63,3,238.73,100,238.83,200,238.83,238.73,238.73,100,238.72,100,238.71,200,238.68,200,238.66,200,238.65,100,238.64,200,238.63,900,238.62,100,238.61,200,238.83,200,238.88,200,238.91,100,238.92,400,238.98,300,238.99,600,239.0,300,239.01,100,239.06,200,239.07,200
2026-01-16 09:32:26,238.84,238.9,1,238.78,400,238.9,100,238.9,238.78,238.78,400,238.77,500,238.75,400,238.74,200,238.73,700,238.72,100,238.71,200,238.68,200,238.66,200,238.65,100,238.9,100,238.91,100,238.92,300,238.98,300,238.99,600,239.0,300,239.01,100,239.06,200,239.07,200,239.08,600
2026-01-16 09:32:27,238.83,238.84,1,238.77,700,238.89,100,238.89,238.77,238.77,700,238.75,400,238.74,200,238.73,700,238.72,100,238.71,200,238.68,200,238.66,200,238.65,100,238.64,200,238.89,100,238.9,400,238.91,100,238.92,300,238.98,300,238.99,600,239.0,300,239.01,100,239.06,200,239.07,200
2026-01-16 09:32:29,238.845,238.85,1,238.79,100,238.9,600,238.9,238.79,238.79,100,238.78,100,238.77,900,238.75,400,238.74,200,238.73,700,238.72,100,238.71,200,238.68,200,238.66,200,238.9,600,238.93,200,238.98,300,238.99,600,239.0,300,239.01,100,239.06,200,239.07,200,239.08,600,239.09,100
2026-01-16 09:32:30,238.855,238.81,1,238.79,300,238.92,300,238.92,238.79,238.79,300,238.78,100,238.77,900,238.75,400,238.74,200,238.73,700,238.72,100,238.71,200,238.68,200,238.66,200,238.92,300,238.93,500,238.98,300,238.99,600,239.0,300,239.01,100,239.06,200,239.07,200,239.08,600,239.09,100
2026-01-16 09:32:30,238.83,238.86,1,238.79,300,238.87,100,238.87,238.79,238.79,300,238.78,100,238.77,900,238.75,400,238.74,200,238.73,700,238.72,100,238.71,200,238.68,200,238.66,200,238.87,100,238.93,700,238.98,300,238.99,600,239.0,300,239.01,100,239.06,200,239.07,200,239.08,600,239.09,100
2026-01-16 09:32:31,238.855,238.8,2,238.79,400,238.92,300,238.92,238.79,238.79,400,238.78,100,238.77,900,238.75,400,238.74,200,238.73,700,238.72,100,238.71,200,238.68,200,238.66,200,238.92,300,238.93,500,238.98,300,238.99,600,239.0,300,239.01,100,239.06,200,239.07,200,239.08,600,239.09,100
2026-01-16 09:32:33,238.715,238.7,1,238.67,800,238.76,100,238.76,238.67,238.67,800,238.66,200,238.65,100,238.64,200,238.63,900,238.62,100,238.61,200,238.6,200,238.59,500,238.58,400,238.76,100,238.77,100,238.78,100,238.83,600,238.84,2100,238.88,100,238.92,300,238.93,500,238.98,300,238.99,600
2026-01-16 09:32:33,238.71,238.7,1,238.67,800,238.75,200,238.75,238.67,238.67,800,238.66,200,238.65,100,238.64,200,238.63,900,238.62,100,238.61,200,238.6,200,238.59,500,238.58,400,238.75,200,238.76,200,238.77,100,238.78,100,238.83,600,238.84,2100,238.88,100,238.92,300,238.93,500,238.98,300
2026-01-16 09:32:35,238.715,238.72,1,238.67,200,238.76,200,238.76,238.67,238.67,200,238.62,200,238.6,200,238.59,500,238.58,400,238.57,200,238.56,200,238.55,200,238.54,200,,,238.76,200,238.77,100,238.78,100,238.83,600,238.84,2100,238.88,100,238.92,300,238.93,500,238.98,300,238.99,600
2026-01-16 09:32:35,238.715,238.71,1,238.67,300,238.76,400,238.76,238.67,238.67,300,238.62,200,238.6,200,238.59,500,238.58,400,238.57,200,238.56,200,238.55,200,238.54,200,,,238.76,400,238.77,100,238.78,100,238.83,600,238.84,2100,238.88,100,238.92,300,238.93,500,238.98,300,238.99,600
2026-01-16 09:32:36,238.64,238.64,1,238.59,500,238.69,300,238.69,238.59,238.59,500,238.58,400,238.57,200,238.56,200,238.55,200,238.54,200,,,,,,,,,238.69,300,238.7,200,238.72,300,238.75,100,238.76,500,238.77,100,238.78,100,238.83,600,238.84,2100,238.88,100
2026-01-16 09:32:37,238.765,238.77,1,238.7,600,238.83,400,238.83,238.7,238.7,600,238.69,800,238.68,100,238.66,100,238.64,200,238.62,100,238.59,500,238.58,400,238.57,200,238.56,200,238.83,400,238.84,2100,238.88,100,238.92,300,238.93,500,238.98,300,238.99,600,239.0,300,239.01,100,239.06,200
2026-01-16 09:32:39,238.76,238.77,1,238.7,700,238.82,400,238.82,238.7,238.7,700,238.69,800,238.68,100,238.66,100,238.64,200,238.62,100,238.59,500,238.58,400,238.57,200,238.56,200,238.82,400,238.83,1100,238.84,2100,238.88,100,238.92,300,238.93,500,238.98,300,238.99,600,239.0,300,239.01,100
2026-01-16 09:32:40,238.76,238.79,2,238.7,700,238.82,300,238.82,238.7,238.7,700,238.69,800,238.68,100,238.66,100,238.64,200,238.62,100,238.59,500,238.58,400,238.57,200,238.56,200,238.82,300,238.83,1200,238.84,2100,238.88,100,238.92,300,238.93,500,238.98,300,238.99,600,239.0,300,239.01,100
2026-01-16 09:32:41,238.76,238.79,2,238.7,700,238.82,300,238.82,238.7,238.7,700,238.69,800,238.68,100,238.66,100,238.64,200,238.62,100,238.59,500,238.58,400,238.57,200,238.56,200,238.82,300,238.83,1000,238.84,2100,238.88,100,238.92,300,238.93,500,238.98,300,238.99,600,239.0,300,239.01,100
2026-01-16 09:32:42,238.76,238.79,2,238.7,700,238.82,800,238.82,238.7,238.7,700,238.69,1100,238.68,100,238.66,100,238.64,200,238.62,100,238.59,500,238.58,400,238.57,200,238.56,200,238.82,800,238.83,1200,238.84,2100,238.88,100,238.92,300,238.93,500,238.98,300,238.99,600,239.0,300,239.01,100
2026-01-16 09:32:43,238.76,238.82,4,238.7,1200,238.82,800,238.82,238.7,238.7,1200,238.69,1100,238.68,100,238.66,100,238.64,200,238.62,100,238.59,500,238.58,400,238.57,200,238.56,200,238.82,800,238.83,1200,238.84,2100,238.88,100,238.92,300,238.93,500,238.98,300,238.99,600,239.0,300,239.01,100
2026-01-16 09:32:44,238.735,238.72,1,238.71,200,238.76,600,238.76,238.71,238.71,200,238.67,15300,238.66,100,238.64,200,238.62,100,238.59,500,238.58,400,238.57,200,238.56,200,238.55,200,238.76,600,238.77,200,238.82,900,238.83,1200,238.84,2100,238.88,100,238.92,300,238.93,500,238.98,300,238.99,600
2026-01-16 09:32:45,238.765,238.76,1,238.71,300,238.82,500,238.82,238.71,238.71,300,238.67,15300,238.66,100,238.64,200,238.62,100,238.59,500,238.58,400,238.57,200,238.56,200,238.55,200,238.82,500,238.83,1400,238.84,2100,238.88,100,238.92,300,238.93,500,238.98,300,238.99,600,239.0,300,239.01,100
2026-01-16 09:32:46,238.77,238.77,2,238.71,400,238.83,1300,238.83,238.71,238.71,400,238.67,15300,238.66,100,238.64,200,238.62,100,238.59,500,238.58,400,238.57,200,238.56,200,238.55,200,238.83,1300,238.84,2100,238.88,100,238.92,300,238.93,500,238.98,300,238.99,600,239.0,300,239.01,100,239.06,200
2026-01-16 09:32:47,238.84,238.82,1,238.8,200,238.88,600,238.88,238.8,238.8,200,238.77,400,238.71,400,238.67,15300,238.66,100,238.64,200,238.62,100,238.59,500,238.58,400,238.57,200,238.88,600,238.92,300,238.93,500,238.98,300,238.99,600,239.0,300,239.01,100,239.06,200,239.07,200,239.08,600
2026-01-16 09:32:48,238.885,238.88,10,238.81,500,238.96,500,238.96,238.81,238.81,500,238.8,300,238.78,200,238.73,500,238.72,400,238.71,400,238.67,15300,238.66,100,238.64,200,238.62,100,238.96,500,238.98,300,238.99,600,239.0,300,239.01,100,239.06,200,239.07,200,239.08,600,239.09,100,239.11,200
2026-01-16 09:32:48,238.865,238.74,1,238.81,500,238.92,100,238.92,238.81,238.81,500,238.8,300,238.78,200,238.73,500,238.72,400,238.71,400,238.67,15300,238.66,100,238.64,200,238.62,100,238.92,100,238.95,300,238.96,800,238.98,300,238.99,600,239.0,300,239.01,100,239.06,200,239.07,200,239.08,600
2026-01-16 09:32:50,238.94,238.95,1,238.86,700,239.02,600,239.02,238.86,238.86,700,238.82,600,238.81,500,238.8,300,238.78,200,238.73,500,238.72,400,238.71,400,238.67,15300,238.66,100,239.02,600,239.06,400,239.07,200,239.08,600,239.09,100,239.11,200,239.14,500,239.15,100,239.21,100,239.29,1100
2026-01-16 09:32:51,238.94,238.95,1,238.86,1300,239.02,600,239.02,238.86,238.86,1300,238.82,600,238.81,500,238.8,300,238.78,200,238.73,500,238.72,400,238.71,400,238.67,15300,238.66,100,239.02,600,239.06,400,239.07,200,239.08,600,239.09,100,239.11,200,239.14,500,239.15,100,239.21,100,239.29,1100
2026-01-16 09:32:52,238.96,238.95,1,238.9,500,239.02,500,239.02,238.9,238.9,500,238.89,500,238.87,100,238.86,1700,238.82,600,238.81,500,238.8,300,238.78,200,238.73,500,238.72,400,239.02,500,239.06,400,239.07,200,239.08,600,239.09,100,239.11,200,239.14,500,239.15,100,239.21,100,239.29,1100
2026-01-16 09:32:52,238.91,238.9,1,238.86,1900,238.96,200,238.96,238.86,238.86,1900,238.82,600,238.81,500,238.8,300,238.78,200,238.73,500,238.72,400,238.71,400,238.67,15300,238.66,100,238.96,200,238.97,200,239.02,600,239.06,400,239.07,200,239.08,600,239.09,100,239.11,200,239.14,500,239.15,100
2026-01-16 09:32:54,238.795,238.81,1,238.74,200,238.85,100,238.85,238.74,238.74,200,238.73,1100,238.72,400,238.71,400,238.67,15300,238.66,100,238.64,200,238.62,100,238.59,500,238.58,400,238.85,100,238.86,300,238.89,200,238.92,500,238.93,100,239.0,200,239.02,600,239.06,400,239.07,200,239.08,600
2026-01-16 09:32:55,238.735,238.74,2,238.67,15300,238.8,100,238.8,238.67,238.67,15300,238.66,100,238.64,200,238.62,100,238.59,500,238.58,400,238.57,200,238.56,200,238.55,200,238.54,200,238.8,100,238.81,200,238.86,800,238.89,200,238.92,500,238.93,100,239.0,200,239.02,600,239.06,400,239.07,200
2026-01-16 09:32:56,238.78,238.74,2,238.7,200,238.86,800,238.86,238.7,238.7,200,238.69,200,238.68,100,238.67,15300,238.66,100,238.64,200,238.62,100,238.59,500,238.58,400,238.57,200,238.86,800,238.89,200,238.92,500,238.93,100,239.0,200,239.02,600,239.06,400,239.07,200,239.08,600,239.09,100
2026-01-16 09:32:57,238.715,238.73,2,238.67,15300,238.76,1100,238.76,238.67,238.67,15300,238.66,100,238.64,200,238.62,100,238.59,500,238.58,400,238.57,200,238.56,200,238.55,200,238.54,200,238.76,1100,238.77,600,238.78,200,238.82,200,238.85,100,238.86,900,238.89,200,238.92,500,238.93,100,239.0,200
2026-01-16 09:32:58,238.73,238.82,1,238.67,15300,238.79,100,238.79,238.67,238.67,15300,238.66,100,238.64,200,238.62,100,238.59,500,238.58,400,238.57,200,238.56,200,238.55,200,238.54,200,238.79,100,238.8,100,238.82,400,238.85,100,238.86,900,238.89,200,238.92,500,238.93,100,239.0,200,239.02,600
2026-01-16 09:32:59,238.755,238.77,3,238.67,15300,238.84,300,238.84,238.67,238.67,15300,238.66,100,238.64,200,238.62,100,238.59,500,238.58,400,238.57,200,238.56,200,238.55,200,238.54,200,238.84,300,238.85,100,238.86,900,238.89,200,238.92,500,238.93,100,239.0,200,239.02,600,239.06,400,239.07,200
2026-01-16 09:33:00,238.825,238.76,1,238.75,400,238.9,500,238.9,238.75,238.75,400,238.74,100,238.73,100,238.67,15300,238.66,100,238.64,200,238.62,100,238.59,500,238.58,400,238.57,200,238.9,500,238.92,500,238.93,100,239.0,200,239.02,600,239.06,400,239.07,200,239.08,600,239.09,100,239.11,200
2026-01-16 09:33:01,238.83,238.78,1,238.77,200,238.89,200,238.89,238.77,238.77,200,238.76,200,238.75,400,238.74,100,238.73,100,238.67,15300,238.66,100,238.64,200,238.62,100,238.59,500,238.89,200,238.9,100,238.93,700,239.0,200,239.02,600,239.06,400,239.07,200,239.08,600,239.09,100,239.11,200
2026-01-16 09:33:02,238.835,238.78,1,238.78,100,238.89,800,238.89,238.78,238.78,100,238.77,300,238.76,200,238.75,400,238.74,100,238.73,100,238.67,15300,238.66,100,238.64,200,238.62,100,238.89,800,238.9,100,238.93,700,239.0,200,239.02,600,239.06,400,239.07,200,239.08,600,239.09,100,239.11,200
2026-01-16 09:33:03,238.835,238.78,1,238.78,200,238.89,400,238.89,238.78,238.78,200,238.77,300,238.76,200,238.75,400,238.74,100,238.73,100,238.67,15300,238.66,100,238.64,200,238.62,100,238.89,400,238.9,700,238.93,700,239.0,200,239.02,600,239.06,400,239.07,200,239.08,600,239.09,100,239.11,200
2026-01-16 09:33:04,238.945,238.87,1,238.89,300,239.0,100,239.0,238.89,238.89,300,238.88,200,238.85,100,238.83,100,238.82,300,238.81,100,238.79,100,238.78,200,238.77,300,238.76,200,239.0,100,239.01,100,239.02,500,239.06,400,239.07,200,239.08,600,239.09,100,239.11,200,239.14,500,239.15,100
2026-01-16 09:33:05,238.945,238.95,1,238.89,300,239.0,500,239.0,238.89,238.89,300,238.88,200,238.85,100,238.83,100,238.82,300,238.81,100,238.79,100,238.78,200,238.77,300,238.76,200,239.0,500,239.01,100,239.02,500,239.06,400,239.07,200,239.08,600,239.09,100,239.11,200,239.14,500,239.15,100
2026-01-16 09:33:06,238.945,238.89,21,238.89,1700,239.0,800,239.0,238.89,238.89,1700,238.88,200,238.85,100,238.83,100,238.82,300,238.81,100,238.79,100,238.78,200,238.77,300,238.76,200,239.0,800,239.01,100,239.02,500,239.06,400,239.07,200,239.08,600,239.09,100,239.11,200,239.14,500,239.15,100
2026-01-16 09:33:07,238.945,238.89,21,238.89,1500,239.0,800,239.0,238.89,238.89,1500,238.88,200,238.85,100,238.83,100,238.82,300,238.81,100,238.79,100,238.78,200,238.77,300,238.76,200,239.0,800,239.01,100,239.02,500,239.06,400,239.07,200,239.08,600,239.09,100,239.11,200,239.14,500,239.15,100
2026-01-16 09:33:08,238.945,238.89,21,238.89,1500,239.0,800,239.0,238.89,238.89,1500,238.88,200,238.85,100,238.83,100,238.82,300,238.81,100,238.79,100,238.78,200,238.77,300,238.76,200,239.0,800,239.01,100,239.02,500,239.06,400,239.07,200,239.08,600,239.09,100,239.11,200,239.14,500,239.15,100
2026-01-16 09:33:09,239.025,239.0,1,238.98,600,239.07,500,239.07,238.98,238.98,600,238.97,200,238.96,200,238.95,100,238.93,200,238.89,1500,238.88,200,238.85,100,238.83,100,238.82,300,239.07,500,239.08,600,239.09,100,239.11,200,239.14,500,239.15,100,239.21,100,239.29,1100,239.3,800,239.32,500
2026-01-16 09:33:10,239.0,239.01,2,238.94,100,239.06,400,239.06,238.94,238.94,100,238.93,700,238.89,1500,238.88,200,238.85,100,238.83,100,238.82,300,238.81,100,238.79,100,238.78,200,239.06,400,239.08,300,239.09,1400,239.1,100,239.11,200,239.14,500,239.15,100,239.21,100,239.29,1100,239.3,800
2026-01-16 09:33:11,239.005,239.01,1,238.94,700,239.07,500,239.07,238.94,238.94,700,238.93,700,238.89,1500,238.88,200,238.85,100,238.83,100,238.82,300,238.81,100,238.79,100,238.78,200,239.07,500,239.08,300,239.09,1400,239.1,100,239.11,200,239.14,500,239.15,100,239.21,100,239.29,1100,239.3,800
2026-01-16 09:33:12,239.005,239.01,1,238.94,700,239.07,500,239.07,238.94,238.94,700,238.93,700,238.89,1500,238.88,200,238.85,100,238.83,100,238.82,300,238.81,100,238.79,100,238.78,200,239.07,500,239.08,300,239.09,1400,239.1,100,239.11,200,239.14,500,239.15,100,239.21,100,239.29,1100,239.3,800
2026-01-16 09:33:13,239.01,239.01,2,238.95,300,239.07,500,239.07,238.95,238.95,300,238.94,600,238.93,700,238.89,1500,238.88,200,238.85,100,238.83,100,238.82,300,238.81,100,238.79,100,239.07,500,239.08,300,239.09,1400,239.1,100,239.11,200,239.14,500,239.15,100,239.21,100,239.29,1100,239.3,800
2026-01-16 09:33:14,239.165,239.17,5,239.11,1100,239.22,100,239.22,239.11,239.11,1100,239.1,500,239.05,100,239.04,100,239.02,1800,239.01,100,238.98,100,238.95,300,238.94,600,238.93,700,239.22,100,239.24,100,239.29,1100,239.3,800,239.32,500,239.34,900,239.36,200,239.38,100,239.4,100,239.41,200
2026-01-16 09:33:15,239.16,239.22,1,239.11,1300,239.21,700,239.21,239.11,239.11,1300,239.1,500,239.05,100,239.04,100,239.02,1800,239.01,100,238.98,100,238.95,300,238.94,600,238.93,700,239.21,700,239.22,700,239.24,200,239.29,1100,239.3,800,239.32,500,239.34,900,239.36,200,239.38,100,239.4,100
2026-01-16 09:33:16,239.16,239.16,1,239.11,1500,239.21,700,239.21,239.11,239.11,1500,239.1,500,239.05,100,239.04,100,239.02,1800,239.01,100,238.98,100,238.95,300,238.94,600,238.93,700,239.21,700,239.22,700,239.24,200,239.29,1100,239.3,800,239.32,500,239.34,900,239.36,200,239.38,100,239.4,100
2026-01-16 09:33:17,239.22,239.23,2,239.17,800,239.27,300,239.27,239.17,239.17,800,239.16,300,239.11,1500,239.1,500,239.05,100,239.04,100,239.02,1800,239.01,100,238.98,100,238.95,300,239.27,300,239.28,500,239.29,1100,239.3,800,239.32,500,239.34,900,239.36,200,239.38,100,239.4,100,239.41,200
2026-01-16 09:33:18,239.185,239.26,1,239.15,500,239.22,100,239.22,239.15,239.15,500,239.11,1500,239.1,500,239.05,100,239.04,100,239.02,1800,239.01,100,238.98,100,238.95,300,238.94,600,239.22,100,239.24,500,239.25,100,239.27,300,239.28,500,239.29,1100,239.3,800,239.32,500,239.34,900,239.36,200
2026-01-16 09:33:19,239.215,239.22,1,239.16,800,239.27,400,239.27,239.16,239.16,800,239.15,500,239.11,1500,239.1,500,239.05,100,239.04,100,239.02,1800,239.01,100,238.98,100,238.95,300,239.27,400,239.28,500,239.29,1100,239.3,800,239.32,500,239.34,900,239.36,200,239.38,100,239.4,100,239.41,200
2026-01-16 09:33:20,239.205,239.22,2,239.16,800,239.25,300,239.25,239.16,239.16,800,239.15,500,239.11,1500,239.1,500,239.05,100,239.04,100,239.02,1800,239.01,100,238.98,100,238.95,300,239.25,300,239.27,700,239.28,500,239.29,1100,239.3,800,239.32,500,239.34,900,239.36,200,239.38,100,239.4,100
2026-01-16 09:33:21,239.255,239.26,1,239.21,300,239.3,800,239.3,239.21,239.21,300,239.16,600,239.15,500,239.11,1500,239.1,500,239.05,100,239.04,100,239.02,1800,239.01,100,238.98,100,239.3,800,239.32,500,239.34,900,239.36,200,239.38,100,239.4,100,239.41,200,239.43,500,239.45,200,239.47,400
2026-01-16 09:33:22,239.22,239.26,1,239.17,600,239.27,200,239.27,239.17,239.17,600,239.16,600,239.15,500,239.11,1500,239.1,500,239.05,100,239.04,100,239.02,1800,239.01,100,238.98,100,239.27,200,239.28,400,239.29,100,239.3,800,239.32,500,239.34,900,239.36,200,239.38,100,239.4,100,239.41,200
2026-01-16 09:33:23,239.22,239.22,2,239.17,600,239.27,300,239.27,239.17,239.17,600,239.16,600,239.15,500,239.11,1500,239.1,500,239.05,100,239.04,100,239.02,1800,239.01,100,238.98,100,239.27,300,239.28,400,239.29,100,239.3,800,239.32,500,239.34,900,239.36,200,239.38,100,239.4,100,239.41,200
2026-01-16 09:33:24,239.215,239.22,1,239.17,600,239.26,300,239.26,239.17,239.17,600,239.16,600,239.15,500,239.11,1500,239.1,500,239.05,100,239.04,100,239.02,1800,239.01,100,238.98,100,239.26,300,239.27,400,239.28,400,239.29,100,239.3,800,239.32,500,239.34,900,239.36,200,239.38,100,239.4,100
2026-01-16 09:33:25,239.205,239.22,5,239.17,600,239.24,200,239.24,239.17,239.17,600,239.16,600,239.15,500,239.11,1500,239.1,500,239.05,100,239.04,100,239.02,1800,239.01,100,238.98,100,239.24,200,239.25,200,239.26,300,239.27,400,239.28,400,239.29,100,239.3,800,239.32,500,239.34,900,239.36,200
2026-01-16 09:33:26,239.21,239.25,3,239.17,700,239.25,300,239.25,239.17,239.17,700,239.16,600,239.15,500,239.11,1500,239.1,500,239.05,100,239.04,100,239.02,1800,239.01,100,238.98,100,239.25,300,239.26,300,239.27,400,239.28,400,239.29,100,239.3,800,239.32,500,239.34,900,239.36,200,239.38,100
2026-01-16 09:33:27,239.165,239.17,1,239.14,200,239.19,300,239.19,239.14,239.14,200,239.11,1500,239.1,500,239.05,100,239.04,100,239.02,1800,239.01,100,238.98,100,238.95,300,238.94,600,239.19,300,239.22,100,239.25,300,239.26,300,239.27,400,239.28,400,239.29,100,239.3,800,239.32,500,239.34,900
2026-01-16 09:33:28,239.22,239.18,1,239.17,500,239.27,400,239.27,239.17,239.17,500,239.15,500,239.14,200,239.11,1500,239.1,500,239.05,100,239.04,100,239.02,1800,239.01,100,238.98,100,239.27,400,239.28,400,239.29,100,239.3,800,239.32,500,239.34,900,239.36,200,239.38,100,239.4,100,239.41,200
2026-01-16 09:33:29,239.26,239.25,3,239.22,500,239.3,800,239.3,239.22,239.22,500,239.2,300,239.19,300,239.18,200,239.17,500,239.15,500,239.14,200,239.11,1500,239.1,500,239.05,100,239.3,800,239.32,500,239.34,900,239.36,200,239.38,100,239.4,100,239.41,200,239.43,500,239.45,200,239.47,400
2026-01-16 09:33:30,239.355,239.35,1,239.32,1000,239.39,400,239.39,239.32,239.32,1000,239.28,1100,239.26,500,239.23,200,239.22,500,239.2,300,239.19,300,239.18,200,239.17,500,239.15,500,239.39,400,239.4,100,239.41,200,239.43,500,239.45,200,239.47,400,239.48,200,,,,,,
2026-01-16 09:33:31,239.345,239.39,3,239.3,600,239.39,400,239.39,239.3,239.3,600,239.28,1100,239.26,500,239.23,200,239.22,500,239.2,300,239.19,300,239.18,200,239.17,500,239.15,500,239.39,400,239.4,100,239.41,200,239.43,500,239.45,200,239.47,400,239.48,200,,,,,,
2026-01-16 09:33:32,239.355,239.39,2,239.31,400,239.4,200,239.4,239.31,239.31,400,239.3,600,239.28,1100,239.26,500,239.23,200,239.22,500,239.2,300,239.19,300,239.18,200,239.17,500,239.4,200,239.41,1300,239.43,300,239.45,200,239.47,400,239.48,200,,,,,,,,
2026-01-16 09:33:33,239.365,239.34,1,239.33,500,239.4,200,239.4,239.33,239.33,500,239.32,300,239.31,300,239.3,600,239.28,1100,239.26,500,239.23,200,239.22,500,239.2,300,239.19,300,239.4,200,239.41,1300,239.43,300,239.45,200,239.47,400,239.48,200,,,,,,,,
2026-01-16 09:33:34,239.37,239.37,5,239.35,200,239.39,500,239.39,239.35,239.35,200,239.34,200,239.33,500,239.32,300,239.31,300,239.3,600,239.28,1100,239.26,500,239.23,200,239.22,500,239.39,500,239.4,200,239.43,300,239.45,200,239.47,400,239.48,200,,,,,,,,
2026-01-16 09:33:35,239.35,239.33,1,239.33,400,239.37,200,239.37,239.33,239.33,400,239.32,300,239.31,300,239.3,600,239.28,1100,239.26,500,239.23,200,239.22,500,239.2,300,239.19,300,239.37,200,239.38,300,239.39,500,239.4,200,239.43,300,239.45,200,239.47,400,239.48,200,,,,
2026-01-16 09:33:36,239.44,239.46,1,239.42,100,239.46,100,239.46,239.42,239.42,100,239.41,400,239.4,100,239.39,500,239.38,100,239.37,100,239.36,400,239.35,100,239.34,500,239.33,400,239.46,100,239.47,400,239.48,200,,,,,,,,,,,,,,
2026-01-16 09:33:37,239.45,239.46,1,239.42,400,239.48,200,239.48,239.42,239.42,400,239.41,400,239.4,100,239.39,500,239.38,100,239.37,100,239.36,400,239.35,100,239.34,500,239.33,400,239.48,200,239.49,700,,,,,,,,,,,,,,,,
2026-01-16 09:33:38,239.41,239.4,2,239.37,200,239.45,100,239.45,239.37,239.37,200,239.36,400,239.35,100,239.34,500,239.33,400,239.32,300,239.31,300,239.3,600,239.28,1100,239.26,500,239.45,100,239.46,200,239.47,500,239.49,100,239.5,100,239.52,300,239.55,200,,,,,,
2026-01-16 09:33:39,239.415,239.37,1,239.37,400,239.46,500,239.46,239.37,239.37,400,239.36,400,239.35,100,239.34,500,239.33,400,239.32,300,239.31,300,239.3,600,239.28,1100,239.26,500,239.46,500,239.47,500,239.49,100,239.5,100,239.52,300,239.55,200,,,,,,,,
2026-01-16 09:33:40,239.42,239.39,2,239.37,400,239.47,700,239.47,239.37,239.37,400,239.36,400,239.35,100,239.34,500,239.33,400,239.32,300,239.31,300,239.3,600,239.28,1100,239.26,500,239.47,700,239.49,100,239.5,100,239.52,300,239.55,200,,,,,,,,,,
2026-01-16 09:33:41,239.375,239.39,12,239.34,200,239.41,200,239.41,239.34,239.34,200,239.33,100,239.32,700,239.31,100,239.3,600,239.28,1100,239.26,500,239.23,200,239.22,500,239.2,300,239.41,200,239.42,500,239.47,700,239.49,100,239.5,100,239.52,300,239.55,200,,,,,,
2026-01-16 09:33:42,239.365,239.4,1,239.33,200,239.4,200,239.4,239.33,239.33,200,239.32,100,239.31,400,239.3,600,239.28,1100,239.26,500,239.23,200,239.22,500,239.2,300,239.19,300,239.4,200,239.41,200,239.42,500,239.47,700,239.49,100,239.5,100,239.52,300,239.55,200,,,,
2026-01-16 09:33:43,239.36,239.4,20,239.32,400,239.4,200,239.4,239.32,239.32,400,239.31,400,239.3,600,239.28,1100,239.26,500,239.23,200,239.22,500,239.2,300,239.19,300,239.18,200,239.4,200,239.41,200,239.42,500,239.47,700,239.49,100,239.5,100,239.52,300,239.55,200,,,,
2026-01-16 09:33:44,239.36,239.36,2,239.32,500,239.4,200,239.4,239.32,239.32,500,239.31,400,239.3,600,239.28,1100,239.26,500,239.23,200,239.22,500,239.2,300,239.19,300,239.18,200,239.4,200,239.41,200,239.42,500,239.47,700,239.49,100,239.5,100,239.52,300,239.55,200,,,,
2026-01-16 09:33:45,239.445,239.37,10,239.37,500,239.52,400,239.52,239.37,239.37,500,239.36,400,239.34,100,239.32,500,239.31,400,239.3,600,239.28,1100,239.26,500,239.23,200,239.22,500,239.52,400,239.55,200,,,,,,,,,,,,,,,,
2026-01-16 09:33:46,239.475,239.52,2,239.43,500,239.52,600,239.52,239.43,239.43,500,239.37,500,239.36,400,239.34,100,239.32,500,239.31,400,239.3,600,239.28,1100,239.26,500,239.23,200,239.52,600,239.55,200,,,,,,,,,,,,,,,,
2026-01-16 09:33:47,239.5,239.52,1,239.46,200,239.54,100,239.54,239.46,239.46,200,239.45,900,239.44,700,239.43,500,239.37,500,239.36,400,239.34,100,239.32,500,239.31,400,239.3,600,239.54,100,239.55,200,,,,,,,,,,,,,,,,
2026-01-16 09:33:48,239.495,239.52,1,239.45,900,239.54,100,239.54,239.45,239.45,900,239.44,700,239.43,500,239.37,500,239.36,400,239.34,100,239.32,500,239.31,400,239.3,600,239.28,1100,239.54,100,239.55,200,,,,,,,,,,,,,,,,
2026-01-16 09:33:49,239.485,239.5,4,239.45,900,239.52,500,239.52,239.45,239.45,900,239.44,700,239.43,500,239.37,500,239.36,400,239.34,100,239.32,500,239.31,400,239.3,600,239.28,1100,239.52,500,239.54,500,239.55,200,,,,,,,,,,,,,,
2026-01-16 09:33:50,239.51,239.5,13,239.47,400,239.55,200,239.55,239.47,239.47,400,239.46,300,239.45,900,239.44,700,239.43,500,239.37,500,239.36,400,239.34,100,239.32,500,239.31,400,239.55,200,,,,,,,,,,,,,,,,,,
2026-01-16 09:33:51,239.505,239.5,13,239.46,900,239.55,400,239.55,239.46,239.46,900,239.45,900,239.44,700,239.43,500,239.37,500,239.36,400,239.34,100,239.32,500,239.31,400,239.3,600,239.55,400,,,,,,,,,,,,,,,,,,
2026-01-16 09:33:52,239.49,239.45,2,239.45,700,239.53,200,239.53,239.45,239.45,700,239.44,700,239.43,500,239.37,500,239.36,400,239.34,100,239.32,500,239.31,400,239.3,600,239.28,1100,239.53,200,239.55,400,239.56,200,239.57,400,239.58,100,239.59,100,,,,,,,,
2026-01-16 09:33:53,239.49,239.51,20,239.45,700,239.53,200,239.53,239.45,239.45,700,239.44,700,239.43,500,239.37,500,239.36,400,239.34,100,239.32,500,239.31,400,239.3,600,239.28,1100,239.53,200,239.55,400,239.56,200,239.57,400,239.58,100,239.59,100,,,,,,,,
2026-01-16 09:33:54,239.5,239.5,1,239.46,300,239.54,400,239.54,239.46,239.46,300,239.45,700,239.44,700,239.43,500,239.37,500,239.36,400,239.34,100,239.32,500,239.31,400,239.3,600,239.54,400,239.55,100,239.59,100,239.6,600,,,,,,,,,,,,
2026-01-16 09:33:55,239.495,239.5,1,239.46,400,239.53,100,239.53,239.46,239.46,400,239.45,700,239.44,700,239.43,500,239.37,500,239.36,400,239.34,100,239.32,500,239.31,400,239.3,600,239.53,100,239.54,500,239.55,100,239.59,100,239.6,600,,,,,,,,,,
2026-01-16 09:33:56,239.515,239.53,1,239.48,100,239.55,200,239.55,239.48,239.48,100,239.47,200,239.46,300,239.45,700,239.44,700,239.43,500,239.37,500,239.36,400,239.34,100,239.32,500,239.55,200,239.59,100,239.6,600,,,,,,,,,,,,,,
2026-01-16 09:33:57,239.51,239.52,5,239.47,400,239.55,100,239.55,239.47,239.47,400,239.46,300,239.45,700,239.44,700,239.43,500,239.37,500,239.36,400,239.34,100,239.32,500,239.31,400,239.55,100,239.56,200,239.59,100,239.6,600,,,,,,,,,,,,
2026-01-16 09:33:58,239.53,239.51,5,239.51,200,239.55,100,239.55,239.51,239.51,200,239.47,400,239.46,300,239.45,700,239.44,700,239.43,500,239.37,500,239.36,400,239.34,100,239.32,500,239.55,100,239.56,200,239.59,100,239.6,600,,,,,,,,,,,,
2026-01-16 09:33:59,239.545,239.54,1,239.51,200,239.58,100,239.58,239.51,239.51,200,239.47,400,239.46,300,239.45,700,239.44,700,239.43,500,239.37,500,239.36,400,239.34,100,239.32,500,239.58,100,239.6,600,,,,,,,,,,,,,,,,
2026-01-16 09:34:00,239.5,239.5,2,239.46,500,239.54,100,239.54,239.46,239.46,500,239.45,700,239.44,700,239.43,500,239.37,500,239.36,400,239.34,100,239.32,500,239.31,400,239.3,600,239.54,100,239.55,200,239.56,100,239.57,100,239.58,200,239.59,100,239.6,600,,,,,,
2026-01-16 09:34:01,239.455,239.46,3,239.41,300,239.5,300,239.5,239.41,239.41,300,239.4,900,239.37,500,239.36,400,239.34,100,239.32,500,239.31,400,239.3,600,239.28,1100,239.26,500,239.5,300,239.52,200,239.53,200,239.55,500,239.56,100,239.57,100,239.58,200,239.59,100,239.6,600,,
2026-01-16 09:34:02,239.455,239.46,3,239.41,300,239.5,200,239.5,239.41,239.41,300,239.4,900,239.37,500,239.36,400,239.34,100,239.32,500,239.31,400,239.3,600,239.28,1100,239.26,500,239.5,200,239.52,200,239.53,200,239.55,500,239.56,100,239.57,100,239.58,200,239.59,100,239.6,600,,
2026-01-16 09:34:03,239.44,239.41,30,239.41,300,239.47,100,239.47,239.41,239.41,300,239.4,900,239.37,500,239.36,400,239.34,100,239.32,500,239.31,400,239.3,600,239.28,1100,239.26,500,239.47,100,239.5,300,239.52,200,239.53,200,239.55,500,239.56,100,239.57,100,239.58,200,239.59,100,239.6,600
2026-01-16 09:34:04,239.45,239.47,1,239.42,100,239.48,200,239.48,239.42,239.42,100,239.41,100,239.4,500,239.37,500,239.36,400,239.34,100,239.32,500,239.31,400,239.3,600,239.28,1100,239.48,200,239.49,100,239.5,100,239.51,100,239.52,200,239.53,100,239.54,100,239.55,500,239.56,100,239.57,100
2026-01-16 09:34:05,239.43,239.43,1,239.4,300,239.46,500,239.46,239.4,239.4,300,239.39,300,239.37,500,239.36,400,239.34,100,239.32,500,239.31,400,239.3,600,239.28,1100,239.26,500,239.46,500,239.49,800,239.5,100,239.51,100,239.52,200,239.53,100,239.54,100,239.55,500,239.56,100,239.57,100
2026-01-16 09:34:06,239.395,239.39,1,239.37,300,239.42,300,239.42,239.37,239.37,300,239.36,400,239.34,100,239.32,500,239.31,400,239.3,600,239.28,1100,239.26,500,239.23,200,239.22,500,239.42,300,239.43,200,239.46,700,239.49,800,239.5,100,239.51,100,239.52,200,239.53,100,239.54,100,239.55,500
2026-01-16 09:34:07,239.43,239.42,5,239.4,300,239.46,700,239.46,239.4,239.4,300,239.37,300,239.36,400,239.34,100,239.32,500,239.31,400,239.3,600,239.28,1100,239.26,500,239.23,200,239.46,700,239.49,800,239.5,100,239.51,100,239.52,200,239.53,100,239.54,100,239.55,500,239.56,100,239.57,100
2026-01-16 09:34:08,239.41,239.41,4,239.37,300,239.45,200,239.45,239.37,239.37,300,239.36,400,239.34,100,239.32,500,239.31,400,239.3,600,239.28,1100,239.26,500,239.23,200,239.22,500,239.45,200,239.46,700,239.49,800,239.5,100,239.51,100,239.52,200,239.53,100,239.54,100,239.55,500,239.56,100
2026-01-16 09:34:09,239.37,239.38,1,239.32,400,239.42,300,239.42,239.32,239.32,400,239.31,600,239.3,600,239.28,1100,239.26,500,239.23,200,239.22,500,239.2,300,239.19,300,239.18,200,239.42,300,239.43,200,239.44,200,239.46,700,239.49,800,239.5,100,239.51,100,239.52,200,239.53,100,239.54,100
2026-01-16 09:34:10,239.34,239.35,1,239.3,600,239.38,200,239.38,239.3,239.3,600,239.28,1100,239.26,500,239.23,200,239.22,500,239.2,300,239.19,300,239.18,200,239.17,500,239.15,500,239.38,200,239.39,100,239.4,200,239.41,200,239.42,700,239.43,200,239.44,200,239.46,700,239.49,800,239.5,100
2026-01-16 09:34:11,239.275,239.31,10,239.22,300,239.33,1600,239.33,239.22,239.22,300,239.21,600,239.2,100,239.19,200,239.18,600,239.17,500,239.15,500,239.14,200,239.11,1500,239.1,500,239.33,1600,239.34,100,239.35,200,239.36,100,239.38,200,239.39,100,239.4,200,239.41,200,239.42,700,239.43,200
2026-01-16 09:34:12,239.275,239.28,1,239.22,300,239.33,1700,239.33,239.22,239.22,300,239.21,600,239.2,100,239.19,200,239.18,600,239.17,500,239.15,500,239.14,200,239.11,1500,239.1,500,239.33,1700,239.34,100,239.35,200,239.36,100,239.38,200,239.39,100,239.4,200,239.41,200,239.42,700,239.43,200
2026-01-16 09:34:13,239.245,239.28,1,239.2,100,239.29,400,239.29,239.2,239.2,100,239.19,200,239.18,600,239.17,500,239.15,500,239.14,200,239.11,1500,239.1,500,239.05,100,239.04,100,239.29,400,239.31,100,239.32,100,239.33,1700,239.34,100,239.35,200,239.36,100,239.38,200,239.39,100,239.4,200
2026-01-16 09:34:14,239.3,239.26,1,239.26,200,239.34,1900,239.34,239.26,239.26,200,239.24,300,239.2,500,239.19,200,239.18,600,239.17,500,239.15,500,239.14,200,239.11,1500,239.1,500,239.34,1900,239.37,1000,239.38,300,239.39,200,239.4,200,239.41,200,239.42,700,239.43,200,239.44,200,239.46,700
2026-01-16 09:34:15,239.295,239.33,1,239.25,200,239.34,1800,239.34,239.25,239.25,200,239.24,900,239.2,500,239.19,200,239.18,600,239.17,500,239.15,500,239.14,200,239.11,1500,239.1,500,239.34,1800,239.37,1000,239.38,300,239.39,200,239.4,200,239.41,200,239.42,700,239.43,200,239.44,200,239.46,700
2026-01-16 09:34:16,239.17,239.19,1,239.12,200,239.22,300,239.22,239.12,239.12,200,239.11,1500,239.1,500,239.05,100,239.04,100,239.02,1800,239.01,100,238.98,100,238.95,300,238.94,600,239.22,300,239.25,300,239.28,200,239.29,200,239.3,1800,239.34,1800,239.37,1000,239.38,300,239.39,200,239.4,200
2026-01-16 09:34:17,239.135,239.14,4,239.1,500,239.17,1600,239.17,239.1,239.1,500,239.05,100,239.04,100,239.02,1800,239.01,100,238.98,100,238.95,300,238.94,600,238.93,700,238.89,1500,239.17,1600,239.18,300,239.22,1700,239.25,300,239.28,200,239.29,200,239.3,1800,239.34,1800,239.37,1000,239.38,300
2026-01-16 09:34:18,239.135,239.13,5,239.1,800,239.17,600,239.17,239.1,239.1,800,239.05,100,239.04,100,239.02,1800,239.01,100,238.98,100,238.95,300,238.94,600,238.93,700,238.89,1500,239.17,600,239.2,400,239.22,1700,239.25,300,239.28,200,239.29,200,239.3,1800,239.34,1800,239.37,1000,239.38,300
2026-01-16 09:34:19,239.16,239.15,6,239.12,600,239.2,500,239.2,239.12,239.12,600,239.11,100,239.1,800,239.05,100,239.04,100,239.02,1800,239.01,100,238.98,100,238.95,300,238.94,600,239.2,500,239.22,1700,239.25,300,239.28,200,239.29,200,239.3,1800,239.34,1800,239.37,1000,239.38,300,239.39,200
2026-01-16 09:34:20,239.335,239.34,4,239.28,600,239.39,200,239.39,239.28,239.28,600,239.26,200,239.22,100,239.21,300,239.17,2600,239.12,300,239.11,100,239.1,800,239.05,100,239.04,100,239.39,200,239.4,100,239.41,100,239.43,100,239.44,200,239.46,700,239.49,800,239.5,100,239.51,100,239.52,200
2026-01-16 09:34:21,239.4,239.36,1,239.36,600,239.44,100,239.44,239.36,239.36,600,239.35,100,239.34,400,239.33,100,239.32,300,239.31,400,239.3,800,239.26,500,239.22,100,239.21,300,239.44,100,239.45,300,239.46,6500,239.49,800,239.5,100,239.51,100,239.52,200,239.53,100,239.54,100,239.55,500
2026-01-16 09:34:22,239.41,239.5,14,239.35,400,239.47,200,239.47,239.35,239.35,400,239.34,400,239.33,100,239.32,300,239.31,400,239.3,800,239.26,500,239.22,100,239.21,300,239.17,2600,239.47,200,239.49,100,239.51,100,239.52,600,239.53,600,239.54,100,239.56,300,239.57,100,239.58,200,239.59,100
2026-01-16 09:34:23,239.33,239.27,1,239.27,100,239.39,600,239.39,239.27,239.27,100,239.26,500,239.22,100,239.21,300,239.17,2600,239.12,300,239.11,100,239.1,800,239.05,100,239.04,100,239.39,600,239.4,400,239.42,100,239.43,100,239.45,700,239.46,1300,239.47,200,239.49,100,239.51,100,239.52,600
2026-01-16 09:34:24,239.34,239.29,1,239.28,300,239.4,600,239.4,239.28,239.28,300,239.27,100,239.26,500,239.22,100,239.21,300,239.17,2600,239.12,300,239.11,100,239.1,800,239.05,100,239.4,600,239.42,100,239.43,100,239.45,700,239.46,1300,239.47,200,239.49,100,239.51,100,239.52,600,239.53,600
2026-01-16 09:34:25,239.34,239.4,10,239.28,600,239.4,700,239.4,239.28,239.28,600,239.27,100,239.26,500,239.22,100,239.21,300,239.17,2600,239.12,300,239.11,100,239.1,800,239.05,100,239.4,700,239.42,100,239.43,100,239.45,700,239.46,1300,239.47,200,239.49,100,239.51,100,239.52,600,239.53,600
2026-01-16 09:34:26,239.32,239.4,10,239.26,500,239.38,300,239.38,239.26,239.26,500,239.22,100,239.21,300,239.17,2600,239.12,300,239.11,100,239.1,800,239.05,100,239.04,100,239.02,1800,239.38,300,239.39,100,239.4,700,239.42,100,239.43,100,239.45,700,239.46,1300,239.47,200,239.49,100,239.51,100
2026-01-16 09:34:27,239.415,239.42,3,239.35,700,239.48,400,239.48,239.35,239.35,700,239.33,100,239.32,300,239.28,200,239.27,100,239.26,700,239.22,100,239.21,300,239.17,2600,239.12,300,239.48,400,239.49,500,239.51,100,239.52,600,239.53,600,239.54,100,239.56,300,239.57,100,239.58,200,239.59,100
2026-01-16 09:34:28,239.365,239.36,5,239.3,400,239.43,400,239.43,239.3,239.3,400,239.29,200,239.28,200,239.27,100,239.26,700,239.22,100,239.21,300,239.17,2600,239.12,300,239.11,100,239.43,400,239.46,100,239.48,400,239.49,500,239.51,100,239.52,600,239.53,600,239.54,100,239.56,300,239.57,100
2026-01-16 09:34:29,239.39,239.39,1,239.34,500,239.44,1200,239.44,239.34,239.34,500,239.33,100,239.31,100,239.3,400,239.29,200,239.28,200,239.27,100,239.26,700,239.22,100,239.21,300,239.44,1200,239.45,1100,239.46,1000,239.48,400,239.49,500,239.51,100,239.52,600,239.53,600,239.54,100,239.56,300
2026-01-16 09:34:30,239.425,239.4,2,239.37,200,239.48,100,239.48,239.37,239.37,200,239.36,400,239.34,100,239.33,100,239.32,200,239.31,400,239.3,400,239.29,200,239.28,200,239.27,100,239.48,100,239.49,500,239.51,100,239.52,600,239.53,600,239.54,100,239.56,300,239.57,100,239.58,200,239.59,100
2026-01-16 09:34:31,239.425,239.43,1,239.37,400,239.48,300,239.48,239.37,239.37,400,239.36,400,239.34,100,239.33,100,239.32,200,239.31,400,239.3,400,239.29,200,239.28,200,239.27,100,239.48,300,239.49,500,239.51,100,239.52,600,239.53,600,239.54,100,239.56,300,239.57,100,239.58,200,239.59,100
2026-01-16 09:34:32,239.43,239.42,1,239.38,100,239.48,800,239.48,239.38,239.38,100,239.37,200,239.36,400,239.34,100,239.33,100,239.32,200,239.31,400,239.3,400,239.29,200,239.28,200,239.48,800,239.49,500,239.51,100,239.52,600,239.53,600,239.54,100,239.56,300,239.57,100,239.58,200,239.59,100
2026-01-16 09:34:33,239.285,239.24,1,239.21,600,239.36,700,239.36,239.21,239.21,600,239.17,2600,239.12,300,239.11,100,239.1,800,239.05,100,239.04,100,239.02,1800,239.01,100,238.98,100,239.36,700,239.4,100,239.41,4500,239.42,200,239.43,100,239.44,100,239.46,200,239.48,800,239.49,500,239.51,100
2026-01-16 09:34:34,239.19,239.19,1,239.16,200,239.22,4200,239.22,239.16,239.16,200,239.12,300,239.11,100,239.1,800,239.05,100,239.04,100,239.02,1800,239.01,100,238.98,100,238.95,300,239.22,4200,239.23,100,239.25,100,239.26,100,239.27,4200,239.28,300,239.31,600,239.33,100,239.36,700,239.4,100
2026-01-16 09:34:35,239.255,239.18,1,239.2,100,239.31,600,239.31,239.2,239.2,100,239.19,200,239.18,400,239.16,200,239.12,300,239.11,100,239.1,800,239.05,100,239.04,100,239.02,1800,239.31,600,239.33,100,239.36,700,239.4,100,239.41,4500,239.42,200,239.43,100,239.44,100,239.46,200,239.48,800
2026-01-16 09:34:36,239.255,239.25,1,239.21,200,239.3,400,239.3,239.21,239.21,200,239.2,200,239.19,200,239.18,400,239.16,200,239.12,300,239.11,100,239.1,800,239.05,100,239.04,100,239.3,400,239.34,100,239.36,700,239.4,100,239.41,4500,239.42,200,239.43,100,239.44,100,239.46,200,239.48,800
2026-01-16 09:34:37,239.225,239.19,1,239.17,100,239.28,300,239.28,239.17,239.17,100,239.16,200,239.12,300,239.11,100,239.1,800,239.05,100,239.04,100,239.02,1800,239.01,100,238.98,100,239.28,300,239.3,800,239.34,100,239.36,700,239.4,100,239.41,4500,239.42,200,239.43,100,239.44,100,239.46,200
2026-01-16 09:34:38,239.225,239.17,1,239.17,200,239.28,200,239.28,239.17,239.17,200,239.16,200,239.12,300,239.11,100,239.1,800,239.05,100,239.04,100,239.02,1800,239.01,100,238.98,100,239.28,200,239.3,800,239.34,100,239.36,700,239.4,100,239.41,4500,239.42,200,239.43,100,239.44,100,239.46,200
2026-01-16 09:34:39,239.225,239.21,1,239.17,600,239.28,2700,239.28,239.17,239.17,600,239.16,200,239.12,300,239.11,100,239.1,800,239.05,100,239.04,100,239.02,1800,239.01,100,238.98,100,239.28,2700,239.29,2700,239.3,800,239.34,100,239.36,700,239.4,100,239.41,4500,239.42,200,239.43,100,239.44,100
2026-01-16 09:34:40,239.175,239.14,3,239.14,300,239.21,2700,239.21,239.14,239.14,300,239.12,300,239.11,100,239.1,800,239.05,100,239.04,100,239.02,1800,239.01,100,238.98,100,238.95,300,239.21,2700,239.22,100,239.24,200,239.25,2700,239.27,600,239.28,2700,239.29,2700,239.3,800,239.34,100,239.36,700
2026-01-16 09:34:41,239.175,239.14,1,239.14,300,239.21,2700,239.21,239.14,239.14,300,239.12,300,239.11,100,239.1,800,239.05,100,239.04,100,239.02,1800,239.01,100,238.98,100,238.95,300,239.21,2700,239.22,100,239.24,200,239.25,2700,239.27,600,239.28,2700,239.29,2700,239.3,800,239.34,100,239.36,700
2026-01-16 09:34:42,239.13,239.17,2,239.1,1000,239.16,2800,239.16,239.1,239.1,1000,239.05,100,239.04,100,239.02,1800,239.01,100,238.98,100,238.95,300,238.94,600,238.93,700,238.89,1500,239.16,2800,239.17,200,239.18,2800,239.2,700,239.21,2900,239.22,100,239.24,200,239.25,2700,239.27,600,239.28,2700
2026-01-16 09:34:43,239.085,239.09,1,239.05,200,239.12,2700,239.12,239.05,239.05,200,239.04,100,239.02,1800,239.01,100,238.98,100,238.95,300,238.94,600,238.93,700,238.89,1500,238.88,200,239.12,2700,239.13,400,239.15,100,239.16,2800,239.17,200,239.18,2800,239.2,700,239.21,2900,239.22,100,239.24,200
2026-01-16 09:34:44,239.055,239.01,1,239.01,400,239.1,300,239.1,239.01,239.01,400,238.98,100,238.95,300,238.94,600,238.93,700,238.89,1500,238.88,200,238.85,100,238.83,100,238.82,300,239.1,300,239.11,2900,239.12,2700,239.13,400,239.15,100,239.16,2800,239.17,200,239.18,2800,239.2,700,239.21,2900
2026-01-16 09:34:45,239.06,239.01,3,239.01,400,239.11,2900,239.11,239.01,239.01,400,238.98,100,238.95,300,238.94,600,238.93,700,238.89,1500,238.88,200,238.85,100,238.83,100,238.82,300,239.11,2900,239.12,2700,239.13,400,239.15,100,239.16,2800,239.17,200,239.18,2800,239.2,700,239.21,2900,239.22,100
2026-01-16 09:34:46,239.005,238.98,1,238.96,100,239.05,500,239.05,238.96,238.96,100,238.95,100,238.94,500,238.93,700,238.89,1500,238.88,200,238.85,100,238.83,100,238.82,300,238.81,100,239.05,500,239.06,800,239.07,2800,239.1,300,239.11,2900,239.12,2700,239.13,400,239.15,100,239.16,2800,239.17,200
2026-01-16 09:34:47,238.98,238.96,1,238.95,300,239.01,100,239.01,238.95,238.95,300,238.9,200,238.89,1500,238.88,200,238.85,100,238.83,100,238.82,300,238.81,100,238.79,100,238.78,200,239.01,100,239.06,900,239.07,2800,239.1,300,239.11,2900,239.12,2700,239.13,400,239.15,100,239.16,2800,239.17,200
2026-01-16 09:34:48,238.955,238.96,1,238.92,100,238.99,100,238.99,238.92,238.92,100,238.89,1100,238.88,200,238.85,100,238.83,100,238.82,300,238.81,100,238.79,100,238.78,200,238.77,300,238.99,100,239.0,100,239.01,300,239.06,900,239.07,2800,239.1,300,239.11,2900,239.12,2700,239.13,400,239.15,100
2026-01-16 09:34:49,238.91,238.91,1,238.86,300,238.96,400,238.96,238.86,238.86,300,238.85,100,238.83,100,238.82,300,238.81,100,238.79,100,238.78,200,238.77,300,238.76,200,238.75,400,238.96,400,238.98,300,239.0,100,239.01,300,239.06,900,239.07,2800,239.1,300,239.11,2900,239.12,2700,239.13,400
2026-01-16 09:34:50,238.9,238.88,2,238.86,300,238.94,2100,238.94,238.86,238.86,300,238.85,100,238.83,100,238.82,300,238.81,100,238.79,100,238.78,200,238.77,300,238.76,200,238.75,400,238.94,2100,238.96,400,238.98,300,239.0,100,239.01,300,239.06,900,239.07,2800,239.1,300,239.11,2900,239.12,2700
2026-01-16 09:34:51,238.82,238.8,1,238.77,100,238.87,100,238.87,238.77,238.77,100,238.76,200,238.75,500,238.74,100,238.73,100,238.67,15300,238.66,100,238.64,200,238.62,100,238.59,500,238.87,100,238.88,200,238.9,700,238.91,100,238.92,200,238.94,2100,238.96,400,238.98,300,239.0,100,239.01,300
2026-01-16 09:34:52,238.82,238.82,1,238.78,500,238.86,400,238.86,238.78,238.78,500,238.77,300,238.76,300,238.75,500,238.74,100,238.73,100,238.67,15300,238.66,100,238.64,200,238.62,100,238.86,400,238.87,200,238.88,400,238.9,700,238.91,100,238.92,200,238.94,2100,238.96,400,238.98,300,239.0,100
2026-01-16 09:34:53,238.81,238.81,1,238.77,400,238.85,200,238.85,238.77,238.77,400,238.76,300,238.75,500,238.74,100,238.73,100,238.67,15300,238.66,100,238.64,200,238.62,100,238.59,500,238.85,200,238.86,400,238.87,200,238.88,400,238.9,700,238.91,100,238.92,200,238.94,2100,238.96,400,238.98,300
2026-01-16 09:34:54,238.81,238.77,21,238.77,500,238.85,200,238.85,238.77,238.77,500,238.76,300,238.75,500,238.74,100,238.73,100,238.67,15300,238.66,100,238.64,200,238.62,100,238.59,500,238.85,200,238.86,400,238.87,200,238.88,400,238.9,700,238.91,100,238.92,200,238.94,2100,238.96,400,238.98,300
2026-01-16 09:34:55,238.905,238.87,5,238.86,200,238.95,200,238.95,238.86,238.86,200,238.85,400,238.82,300,238.81,800,238.8,300,238.79,200,238.76,200,238.75,100,238.74,500,238.73,100,238.95,200,238.96,300,238.99,900,239.0,100,239.01,300,239.06,900,239.07,2800,239.1,300,239.11,2900,239.12,2700
2026-01-16 09:34:56,238.905,238.86,2,238.86,200,238.95,1100,238.95,238.86,238.86,200,238.85,400,238.82,300,238.81,800,238.8,300,238.79,200,238.76,200,238.75,100,238.74,500,238.73,100,238.95,1100,238.96,300,238.99,900,239.0,100,239.01,300,239.06,900,239.07,2800,239.1,300,239.11,2900,239.12,2700
2026-01-16 09:34:57,238.905,238.9,5,238.86,200,238.95,400,238.95,238.86,238.86,200,238.85,400,238.82,300,238.81,800,238.8,300,238.79,200,238.76,200,238.75,100,238.74,500,238.73,100,238.95,400,238.98,100,238.99,900,239.0,100,239.01,300,239.06,900,239.07,2800,239.1,300,239.11,2900,239.12,2700
2026-01-16 09:34:58,238.9,238.87,1,238.85,200,238.95,400,238.95,238.85,238.85,200,238.82,300,238.81,800,238.8,300,238.79,200,238.76,200,238.75,100,238.74,500,238.73,100,238.72,500,238.95,400,238.98,100,238.99,900,239.0,100,239.01,300,239.06,900,239.07,2800,239.1,300,239.11,2900,239.12,2700
2026-01-16 09:34:59,238.9,238.89,1,238.85,200,238.95,800,238.95,238.85,238.85,200,238.82,300,238.81,800,238.8,300,238.79,200,238.76,200,238.75,100,238.74,500,238.73,100,238.72,500,238.95,800,238.98,100,238.99,900,239.0,100,239.01,300,239.06,900,239.07,2800,239.1,300,239.11,2900,239.12,2700
2026-01-16 09:35:00,238.86,238.86,1,238.79,200,238.93,800,238.93,238.79,238.79,200,238.76,200,238.75,100,238.74,500,238.73,100,238.72,500,238.71,300,238.67,15300,238.66,100,238.64,200,238.93,800,238.94,200,238.95,700,238.98,100,238.99,900,239.0,100,239.01,300,239.06,900,239.07,2800,239.1,300
2026-01-16 09:35:01,238.665,238.7,1,238.62,100,238.71,100,238.71,238.62,238.62,100,238.59,500,238.58,400,238.57,200,238.56,200,238.55,200,238.54,200,,,,,,,238.71,100,238.72,100,238.75,700,238.77,500,238.79,600,238.8,1000,238.81,100,238.82,600,238.86,400,238.89,200
2026-01-16 09:35:02,238.63,239.11,3,238.61,300,238.65,100,238.65,238.61,238.61,300,238.59,500,238.58,400,238.57,200,238.56,200,238.55,200,238.54,200,,,,,,,238.65,100,238.66,200,238.67,100,238.69,100,238.71,800,238.78,100,238.79,600,238.8,1000,238.81,100,238.82,600
2026-01-16 09:35:03,238.63,238.61,1,238.61,300,238.65,200,238.65,238.61,238.61,300,238.59,500,238.58,400,238.57,200,238.56,200,238.55,200,238.54,200,,,,,,,238.65,200,238.66,200,238.67,100,238.69,100,238.71,800,238.78,100,238.79,600,238.8,1000,238.81,100,238.82,600
2026-01-16 09:35:04,238.58,238.59,1,238.56,800,238.6,300,238.6,238.56,238.56,800,238.55,200,238.54,200,,,,,,,,,,,,,,,238.6,300,238.61,200,238.62,100,238.64,200,238.65,200,238.66,200,238.67,100,238.69,100,238.71,800,238.78,100
2026-01-16 09:35:05,238.58,238.58,1,238.56,800,238.6,300,238.6,238.56,238.56,800,238.55,200,238.54,200,,,,,,,,,,,,,,,238.6,300,238.61,200,238.62,100,238.64,200,238.65,200,238.66,200,238.67,100,238.69,100,238.71,800,238.78,100
2026-01-16 09:35:06,238.61,238.59,1,238.58,200,238.64,400,238.64,238.58,238.58,200,238.56,900,238.55,200,238.54,200,,,,,,,,,,,,,238.64,400,238.65,500,238.66,100,238.67,100,238.69,100,238.71,800,238.78,100,238.79,600,238.8,1000,238.81,100
2026-01-16 09:35:07,238.67,238.68,1,238.63,400,238.71,900,238.71,238.63,238.63,400,238.62,100,238.61,300,238.59,100,238.58,300,238.56,900,238.55,200,238.54,200,,,,,238.71,900,238.78,100,238.79,600,238.8,1000,238.81,100,238.82,600,238.86,400,238.89,200,238.9,200,238.92,300
2026-01-16 09:35:08,238.68,238.67,1,238.65,300,238.71,800,238.71,238.65,238.65,300,238.63,600,238.62,100,238.61,300,238.59,100,238.58,300,238.56,900,238.55,200,238.54,200,,,238.71,800,238.78,100,238.79,600,238.8,1000,238.81,100,238.82,600,238.86,400,238.89,200,238.9,200,238.92,300
2026-01-16 09:35:09,238.665,238.67,2,238.62,400,238.71,300,238.71,238.62,238.62,400,238.61,300,238.59,100,238.58,300,238.56,900,238.55,200,238.54,200,,,,,,,238.71,300,238.72,600,238.78,100,238.79,600,238.8,1000,238.81,100,238.82,600,238.86,400,238.89,200,238.9,200
2026-01-16 09:35:10,238.665,238.67,1,238.62,500,238.71,700,238.71,238.62,238.62,500,238.61,300,238.59,100,238.58,300,238.56,900,238.55,200,238.54,200,,,,,,,238.71,700,238.72,600,238.78,100,238.79,600,238.8,1000,238.81,100,238.82,600,238.86,400,238.89,200,238.9,200
2026-01-16 09:35:11,238.675,238.67,1,238.64,100,238.71,600,238.71,238.64,238.64,100,238.62,600,238.61,300,238.59,100,238.58,300,238.56,900,238.55,200,238.54,200,,,,,238.71,600,238.72,600,238.78,100,238.79,600,238.8,1000,238.81,100,238.82,600,238.86,400,238.89,200,238.9,200
2026-01-16 09:35:12,238.68,238.68,1,238.65,500,238.71,200,238.71,238.65,238.65,500,238.64,200,238.62,500,238.61,300,238.59,100,238.58,300,238.56,900,238.55,200,238.54,200,,,238.71,200,238.73,900,238.78,100,238.79,600,238.8,1000,238.81,100,238.82,600,238.86,400,238.89,200,238.9,200
2026-01-16 09:35:13,238.68,238.65,1,238.65,400,238.71,500,238.71,238.65,238.65,400,238.64,200,238.62,500,238.61,300,238.59,100,238.58,300,238.56,900,238.55,200,238.54,200,,,238.71,500,238.73,900,238.78,100,238.79,600,238.8,1000,238.81,100,238.82,600,238.86,400,238.89,200,238.9,200
2026-01-16 09:35:14,238.665,238.67,5,238.63,600,238.7,400,238.7,238.63,238.63,600,238.62,500,238.61,300,238.59,100,238.58,300,238.56,900,238.55,200,238.54,200,,,,,238.7,400,238.71,700,238.73,900,238.78,100,238.79,600,238.8,1000,238.81,100,238.82,600,238.86,400,238.89,200
2026-01-16 09:35:15,238.66,238.67,5,238.63,700,238.69,400,238.69,238.63,238.63,700,238.62,500,238.61,300,238.59,100,238.58,300,238.56,900,238.55,200,238.54,200,,,,,238.69,400,238.7,500,238.71,700,238.73,900,238.78,100,238.79,600,238.8,1000,238.81,100,238.82,600,238.86,400
2026-01-16 09:35:16,238.64,238.64,1,238.62,700,238.66,400,238.66,238.62,238.62,700,238.61,300,238.59,100,238.58,300,238.56,900,238.55,200,238.54,200,,,,,,,238.66,400,238.69,1300,238.7,500,238.71,700,238.73,900,238.78,100,238.79,600,238.8,1000,238.81,100,238.82,600
2026-01-16 09:35:17,238.665,238.63,1,238.63,200,238.7,400,238.7,238.63,238.63,200,238.62,700,238.61,300,238.59,100,238.58,300,238.56,900,238.55,200,238.54,200,,,,,238.7,400,238.71,600,238.73,900,238.78,100,238.79,600,238.8,1000,238.81,100,238.82,600,238.86,400,238.89,200
2026-01-16 09:35:18,238.67,238.65,17,238.65,100,238.69,300,238.69,238.65,238.65,100,238.64,200,238.63,200,238.62,700,238.61,300,238.59,100,238.58,300,238.56,900,238.55,200,238.54,200,238.69,300,238.7,400,238.71,600,238.73,900,238.78,100,238.79,600,238.8,1000,238.81,100,238.82,600,238.86,400
2026-01-16 09:35:19,238.715,238.71,1,238.69,600,238.74,400,238.74,238.69,238.69,600,238.67,800,238.66,200,238.65,200,238.64,200,238.63,200,238.62,700,238.61,300,238.59,100,238.58,300,238.74,400,238.78,100,238.79,600,238.8,1000,238.81,100,238.82,600,238.86,400,238.89,200,238.9,200,238.92,300
2026-01-16 09:35:20,238.78,238.77,1,238.74,300,238.82,300,238.82,238.74,238.74,300,238.73,1000,238.72,300,238.71,100,238.69,600,238.67,800,238.66,200,238.65,200,238.64,200,238.63,200,238.82,300,238.83,100,238.84,200,238.86,400,238.89,200,238.9,200,238.92,300,238.94,600,238.95,700,238.98,100
2026-01-16 09:35:21,238.65,238.65,1,238.61,200,238.69,600,238.69,238.61,238.61,200,238.6,400,238.59,100,238.58,300,238.56,900,238.55,200,238.54,200,,,,,,,238.69,600,238.7,200,238.71,100,238.77,900,238.81,300,238.82,400,238.83,100,238.84,200,238.86,400,238.89,200
2026-01-16 09:35:22,238.695,238.68,1,238.64,400,238.75,100,238.75,238.64,238.64,400,238.61,300,238.6,400,238.59,100,238.58,300,238.56,900,238.55,200,238.54,200,,,,,238.75,100,238.81,100,238.82,400,238.83,100,238.84,200,238.86,400,238.89,200,238.9,200,238.92,300,238.94,600
2026-01-16 09:35:23,238.665,238.68,1,238.63,600,238.7,200,238.7,238.63,238.63,600,238.61,400,238.6,400,238.59,100,238.58,300,238.56,900,238.55,200,238.54,200,,,,,238.7,200,238.71,100,238.72,300,238.73,100,238.74,100,238.75,500,238.81,100,238.82,400,238.83,100,238.84,200
2026-01-16 09:35:24,238.655,238.68,1,238.62,300,238.69,300,238.69,238.62,238.62,300,238.61,400,238.6,400,238.59,100,238.58,300,238.56,900,238.55,200,238.54,200,,,,,238.69,300,238.7,500,238.71,100,238.72,300,238.73,100,238.74,100,238.75,500,238.81,100,238.82,400,238.83,100
2026-01-16 09:35:25,238.67,238.67,1,238.64,300,238.7,400,238.7,238.64,238.64,300,238.63,100,238.62,300,238.61,400,238.6,400,238.59,100,238.58,300,238.56,900,238.55,200,238.54,200,238.7,400,238.71,100,238.72,300,238.73,100,238.74,100,238.75,500,238.81,100,238.82,400,238.83,100,238.84,200
2026-01-16 09:35:26,238.67,238.67,1,238.64,200,238.7,500,238.7,238.64,238.64,200,238.63,100,238.62,300,238.61,400,238.6,400,238.59,100,238.58,300,238.56,900,238.55,200,238.54,200,238.7,500,238.71,100,238.72,300,238.73,100,238.74,100,238.75,500,238.81,100,238.82,400,238.83,100,238.84,200
2026-01-16 09:35:27,238.565,238.56,2,238.55,300,238.58,300,238.58,238.55,238.55,300,238.54,200,,,,,,,,,,,,,,,,,238.58,300,238.59,400,238.6,100,238.62,500,238.63,100,238.64,200,238.66,200,238.7,1500,238.71,100,238.72,300
2026-01-16 09:35:28,238.57,238.57,1,238.52,300,238.62,500,238.62,238.52,238.52,300,238.51,1300,238.5,16800,,,,,,,,,,,,,,,238.62,500,238.63,100,238.64,200,238.66,200,238.7,1500,238.71,100,238.72,300,238.73,100,238.74,100,238.75,500
2026-01-16 09:35:29,238.56,239.07,10,238.52,300,238.6,300,238.6,238.52,238.52,300,238.51,1300,238.5,16800,,,,,,,,,,,,,,,238.6,300,238.62,500,238.63,100,238.64,200,238.66,200,238.7,1500,238.71,100,238.72,300,238.73,100,238.74,100
2026-01-16 09:35:30,238.585,238.57,2,238.55,500,238.62,400,238.62,238.55,238.55,500,238.52,400,238.51,1300,238.5,16800,,,,,,,,,,,,,238.62,400,238.63,100,238.64,200,238.66,200,238.7,1500,238.71,100,238.72,300,238.73,100,238.74,100,238.75,500
2026-01-16 09:35:31,238.655,238.64,4,238.61,900,238.7,700,238.7,238.61,238.61,900,238.59,200,238.58,300,238.57,100,238.56,200,238.55,500,238.52,400,238.51,1300,238.5,16800,,,238.7,700,238.71,100,238.72,300,238.73,100,238.74,100,238.75,500,238.81,100,238.82,400,238.83,100,238.84,200
2026-01-16 09:35:32,238.66,238.64,1,238.63,300,238.69,200,238.69,238.63,238.63,300,238.62,200,238.61,100,238.59,400,238.58,300,238.57,100,238.56,200,238.55,500,238.52,400,238.51,1300,238.69,200,238.7,1300,238.71,100,238.72,300,238.73,100,238.74,100,238.75,500,238.81,100,238.82,400,238.83,100
2026-01-16 09:35:33,238.63,238.63,1,238.6,100,238.66,400,238.66,238.6,238.6,100,238.58,200,238.57,100,238.56,200,238.55,500,238.52,400,238.51,1300,238.5,16800,,,,,238.66,400,238.69,200,238.7,1300,238.71,100,238.72,300,238.73,100,238.74,100,238.75,500,238.81,100,238.82,400
2026-01-16 09:35:34,238.55,238.55,1,238.51,1000,238.59,100,238.59,238.51,238.51,1000,238.5,16900,,,,,,,,,,,,,,,,,238.59,100,238.6,400,238.61,700,238.62,100,238.63,100,238.64,300,238.66,700,238.68,700,238.69,400,238.7,1300
2026-01-16 09:35:35,238.355,238.37,1,238.32,200,238.39,200,238.39,238.32,238.32,200,,,,,,,,,,,,,,,,,,,238.39,200,238.41,100,238.42,400,238.43,100,238.44,500,238.45,100,238.46,100,238.47,100,238.49,100,238.5,1200
2026-01-16 09:35:36,238.36,238.33,1,238.32,600,238.4,500,238.4,238.32,238.32,600,,,,,,,,,,,,,,,,,,,238.4,500,238.42,500,238.43,100,238.44,500,238.45,100,238.46,100,238.47,100,238.49,100,238.5,1200,238.51,600
2026-01-16 09:35:37,238.35,238.32,3,238.32,1200,238.38,800,238.38,238.32,238.32,1200,,,,,,,,,,,,,,,,,,,238.38,800,238.4,500,238.42,500,238.43,100,238.44,500,238.45,100,238.46,100,238.47,100,238.49,100,238.5,1200
2026-01-16 09:35:38,238.46,238.5,4,238.42,400,238.5,1900,238.5,238.42,238.42,400,238.39,400,238.38,500,238.37,200,238.36,400,238.35,200,238.34,300,238.33,400,238.32,1200,,,238.5,1900,238.51,600,238.53,200,238.54,100,238.55,100,238.57,300,238.6,900,238.61,700,238.62,100,238.63,100
2026-01-16 09:35:39,238.46,238.46,1,238.42,1100,238.5,1900,238.5,238.42,238.42,1100,238.39,400,238.38,500,238.37,200,238.36,400,238.35,200,238.34,300,238.33,400,238.32,1200,,,238.5,1900,238.51,600,238.53,200,238.54,100,238.55,100,238.57,300,238.6,900,238.61,700,238.62,100,238.63,100
2026-01-16 09:35:40,238.455,238.42,2,238.42,600,238.49,100,238.49,238.42,238.42,600,238.39,400,238.38,500,238.37,200,238.36,400,238.35,200,238.34,300,238.33,400,238.32,1200,,,238.49,100,238.5,1900,238.51,600,238.53,200,238.54,100,238.55,100,238.57,300,238.6,900,238.61,700,238.62,100
2026-01-16 09:35:41,238.46,238.45,1,238.42,700,238.5,1600,238.5,238.42,238.42,700,238.39,400,238.38,500,238.37,200,238.36,400,238.35,200,238.34,300,238.33,400,238.32,1200,,,238.5,1600,238.51,600,238.53,200,238.54,100,238.55,100,238.57,300,238.6,900,238.61,700,238.62,100,238.63,100
2026-01-16 09:35:42,238.455,238.42,2,238.42,100,238.49,500,238.49,238.42,238.42,100,238.39,300,238.38,500,238.37,200,238.36,400,238.35,200,238.34,300,238.33,400,238.32,1200,,,238.49,500,238.5,2000,238.51,600,238.53,200,238.54,100,238.55,100,238.57,300,238.6,900,238.61,700,238.62,100
2026-01-16 09:35:43,238.42,238.39,1,238.39,300,238.45,300,238.45,238.39,238.39,300,238.38,200,238.37,200,238.36,400,238.35,200,238.34,300,238.33,400,238.32,1200,,,,,238.45,300,238.46,100,238.47,800,238.48,100,238.49,600,238.5,2000,238.51,600,238.53,200,238.54,100,238.55,100
2026-01-16 09:35:44,238.425,238.42,4,238.39,300,238.46,300,238.46,238.39,238.39,300,238.38,200,238.37,200,238.36,400,238.35,200,238.34,300,238.33,400,238.32,1200,,,,,238.46,300,238.47,800,238.48,100,238.49,600,238.5,2000,238.51,600,238.53,200,238.54,100,238.55,100,238.57,300
2026-01-16 09:35:45,238.445,238.45,3,238.41,100,238.48,400,238.48,238.41,238.41,100,238.4,200,238.39,300,238.38,200,238.37,200,238.36,400,238.35,200,238.34,300,238.33,400,238.32,1200,238.48,400,238.49,700,238.5,2000,238.51,600,238.53,200,238.54,100,238.55,100,238.57,300,238.6,900,238.61,700
2026-01-16 09:35:46,238.45,238.44,1,238.42,100,238.48,400,238.48,238.42,238.42,100,238.41,300,238.4,200,238.39,300,238.38,200,238.37,200,238.36,400,238.35,200,238.34,300,238.33,400,238.48,400,238.49,700,238.5,2000,238.51,600,238.53,200,238.54,100,238.55,100,238.57,300,238.6,900,238.61,700
2026-01-16 09:35:47,238.45,238.45,1,238.42,200,238.48,800,238.48,238.42,238.42,200,238.41,400,238.4,200,238.39,300,238.38,200,238.37,200,238.36,400,238.35,200,238.34,300,238.33,400,238.48,800,238.49,700,238.5,2000,238.51,600,238.53,200,238.54,100,238.55,100,238.57,300,238.6,900,238.61,700
2026-01-16 09:35:48,238.355,238.44,2,238.32,1200,238.39,200,238.39,238.32,238.32,1200,,,,,,,,,,,,,,,,,,,238.39,200,238.41,300,238.42,300,238.43,300,238.45,600,238.48,800,238.49,700,238.5,2000,238.51,600,238.53,200
2026-01-16 09:35:49,238.36,238.39,1,238.32,1200,238.4,600,238.4,238.32,238.32,1200,,,,,,,,,,,,,,,,,,,238.4,600,238.41,200,238.42,200,238.43,1000,238.45,600,238.48,800,238.49,700,238.5,2000,238.51,600,238.53,200
2026-01-16 09:35:50,238.36,238.36,5,238.32,1200,238.4,600,238.4,238.32,238.32,1200,,,,,,,,,,,,,,,,,,,238.4,600,238.41,200,238.42,200,238.43,1000,238.45,600,238.48,800,238.49,700,238.5,2000,238.51,600,238.53,200
2026-01-16 09:35:51,238.43,238.42,2,238.38,200,238.48,600,238.48,238.38,238.38,200,238.37,500,238.36,100,238.35,200,238.34,200,238.33,400,238.32,1200,,,,,,,238.48,600,238.49,700,238.5,2000,238.51,600,238.53,200,238.54,100,238.55,100,238.57,300,238.6,900,238.61,700
2026-01-16 09:35:52,238.42,238.41,1,238.37,700,238.47,200,238.47,238.37,238.37,700,238.36,100,238.35,200,238.34,200,238.33,400,238.32,1200,,,,,,,,,238.47,200,238.48,1400,238.49,700,238.5,2000,238.51,600,238.53,200,238.54,100,238.55,100,238.57,300,238.6,900
2026-01-16 09:35:53,238.45,238.45,1,238.42,300,238.48,600,238.48,238.42,238.42,300,238.4,800,238.39,100,238.37,700,238.36,100,238.35,200,238.34,200,238.33,400,238.32,1200,,,238.48,600,238.49,700,238.5,2000,238.51,600,238.53,200,238.54,100,238.55,100,238.57,300,238.6,900,238.61,700
2026-01-16 09:35:54,238.465,238.49,1,238.44,600,238.49,1300,238.49,238.44,238.44,600,238.43,200,238.42,400,238.4,800,238.39,100,238.37,700,238.36,100,238.35,200,238.34,200,238.33,400,238.49,1300,238.5,2000,238.51,600,238.53,200,238.54,100,238.55,100,238.57,300,238.6,900,238.61,700,238.62,100
2026-01-16 09:35:55,238.48,238.45,5,238.44,1400,238.52,1000,238.52,238.44,238.44,1400,238.43,200,238.42,400,238.41,200,238.39,400,238.38,100,238.37,200,238.36,400,238.35,300,238.34,200,238.52,1000,238.53,200,238.54,100,238.55,100,238.57,300,238.6,900,238.61,700,238.62,100,238.63,100,238.64,300
2026-01-16 09:35:56,238.48,238.47,2,238.44,200,238.52,400,238.52,238.44,238.44,200,238.43,500,238.42,400,238.41,200,238.39,400,238.38,100,238.37,200,238.36,400,238.35,300,238.34,200,238.52,400,238.53,200,238.54,100,238.55,100,238.57,300,238.6,900,238.61,700,238.62,100,238.63,100,238.64,300
2026-01-16 09:35:57,238.445,238.45,1,238.41,500,238.48,300,238.48,238.41,238.41,500,238.39,500,238.38,100,238.37,200,238.36,400,238.35,300,238.34,200,238.33,400,238.32,1200,,,238.48,300,238.49,100,238.5,200,238.52,400,238.53,200,238.54,100,238.55,100,238.57,300,238.6,900,238.61,700
2026-01-16 09:35:58,238.445,238.45,3,238.41,500,238.48,300,238.48,238.41,238.41,500,238.39,500,238.38,100,238.37,200,238.36,400,238.35,300,238.34,200,238.33,400,238.32,1200,,,238.48,300,238.49,100,238.5,200,238.52,400,238.53,200,238.54,100,238.55,100,238.57,300,238.6,900,238.61,700
2026-01-16 09:35:59,238.36,238.33,3,238.33,500,238.39,300,238.39,238.33,238.33,500,238.32,1200,,,,,,,,,,,,,,,,,238.39,300,238.4,700,238.41,700,238.42,300,238.43,500,238.44,200,238.45,300,238.47,100,238.48,300,238.49,100
2026-01-16 09:36:00,238.185,238.18,1,238.16,700,238.21,500,238.21,238.16,238.16,700,,,,,,,,,,,,,,,,,,,238.21,500,238.22,200,238.23,300,238.24,500,238.25,500,238.26,500,238.27,700,238.28,100,238.29,200,238.3,200
2026-01-16 09:36:01,238.265,238.27,1,238.22,300,238.31,600,238.31,238.22,238.22,300,238.21,100,238.2,200,238.19,300,238.18,200,238.17,300,238.16,700,,,,,,,238.31,600,238.32,100,238.33,200,238.35,100,238.37,100,238.39,300,238.4,700,238.41,700,238.42,300,238.43,500
2026-01-16 09:36:02,238.26,238.26,3,238.22,200,238.3,600,238.3,238.22,238.22,200,238.21,100,238.2,200,238.19,300,238.18,200,238.17,300,238.16,700,,,,,,,238.3,600,238.32,700,238.33,1100,238.34,300,238.35,100,238.37,100,238.39,300,238.4,700,238.41,700,238.42,300
2026-01-16 09:36:03,238.315,238.33,1,238.3,100,238.33,900,238.33,238.3,238.3,100,238.28,100,238.25,300,238.24,100,238.22,500,238.2,200,238.19,300,238.18,200,238.17,300,238.16,700,238.33,900,238.34,300,238.35,100,238.37,100,238.39,300,238.4,700,238.41,700,238.42,300,238.43,500,238.44,200
2026-01-16 09:36:04,238.41,238.38,1,238.36,400,238.46,200,238.46,238.36,238.36,400,238.34,100,238.32,600,238.3,100,238.27,700,238.25,300,238.24,100,238.22,500,238.2,200,238.19,300,238.46,200,238.47,100,238.48,300,238.49,100,238.5,200,238.52,400,238.53,200,238.54,100,238.55,100,238.57,300
2026-01-16 09:36:05,238.29,238.41,1,238.23,200,238.35,400,238.35,238.23,238.23,200,238.22,500,238.2,200,238.19,300,238.18,200,238.17,300,238.16,700,,,,,,,238.35,400,238.37,600,238.39,300,238.41,300,238.43,300,238.46,200,238.47,100,238.48,300,238.49,100,238.5,200
2026-01-16 09:36:06,238.295,238.29,1,238.24,600,238.35,500,238.35,238.24,238.24,600,238.23,500,238.22,500,238.2,200,238.19,300,238.18,200,238.17,300,238.16,700,,,,,238.35,500,238.37,600,238.39,300,238.41,300,238.43,300,238.46,200,238.47,100,238.48,300,238.49,100,238.5,200
2026-01-16 09:36:07,238.38,238.37,1,238.35,100,238.41,400,238.41,238.35,238.35,100,238.34,100,238.33,200,238.32,300,238.29,100,238.28,400,238.27,200,238.26,100,238.25,200,238.24,600,238.41,400,238.43,100,238.46,200,238.47,100,238.48,300,238.49,100,238.5,200,238.52,400,238.53,200,238.54,100
2026-01-16 09:36:08,238.395,238.36,4,238.36,200,238.43,300,238.43,238.36,238.36,200,238.35,200,238.34,100,238.33,200,238.32,300,238.29,100,238.28,400,238.27,200,238.26,100,238.25,200,238.43,300,238.46,400,238.47,100,238.48,300,238.49,100,238.5,200,238.52,400,238.53,200,238.54,100,238.55,100
2026-01-16 09:36:09,238.415,238.4,1,238.37,100,238.46,400,238.46,238.37,238.37,100,238.36,300,238.35,200,238.34,100,238.33,200,238.32,300,238.29,100,238.28,400,238.27,200,238.26,100,238.46,400,238.47,100,238.48,300,238.49,100,238.5,200,238.52,400,238.53,200,238.54,100,238.55,100,238.57,300
2026-01-16 09:36:10,238.23,238.23,1,238.19,500,238.27,300,238.27,238.19,238.19,500,238.18,200,238.17,300,238.16,700,,,,,,,,,,,,,238.27,300,238.29,300,238.31,100,238.34,200,238.35,200,238.37,200,238.39,300,238.4,100,238.41,100,238.43,600
2026-01-16 09:36:11,238.2,238.19,1,238.17,500,238.23,400,238.23,238.17,238.17,500,238.16,700,,,,,,,,,,,,,,,,,238.23,400,238.24,700,238.25,600,238.26,200,238.27,200,238.28,200,238.29,300,238.31,100,238.34,200,238.35,200
2026-01-16 09:36:12,238.235,238.13,2,238.19,700,238.28,1000,238.28,238.19,238.19,700,238.17,500,238.16,400,238.15,400,238.13,100,238.12,1100,238.11,100,238.1,600,,,,,238.28,1000,238.29,300,238.31,100,238.34,200,238.35,200,238.37,200,238.39,300,238.4,100,238.41,100,238.43,600
2026-01-16 09:36:13,238.045,238.02,1,238.01,200,238.08,700,238.08,238.01,238.01,200,,,,,,,,,,,,,,,,,,,238.08,700,238.09,400,238.1,500,238.11,100,238.14,400,238.15,200,238.16,300,238.17,300,238.2,200,238.22,500
2026-01-16 09:36:14,238.04,238.04,1,238.01,800,238.07,900,238.07,238.01,238.01,800,,,,,,,,,,,,,,,,,,,238.07,900,238.08,700,238.09,400,238.1,500,238.11,100,238.14,400,238.15,200,238.16,300,238.17,300,238.2,200
2026-01-16 09:36:15,238.04,238.04,2,238.01,800,238.07,1000,238.07,238.01,238.01,800,,,,,,,,,,,,,,,,,,,238.07,1000,238.08,700,238.09,400,238.1,500,238.11,100,238.14,400,238.15,200,238.16,300,238.17,300,238.2,200
2026-01-16 09:36:16,238.04,238.04,2,238.01,800,238.07,900,238.07,238.01,238.01,800,,,,,,,,,,,,,,,,,,,238.07,900,238.08,700,238.09,400,238.1,500,238.11,100,238.14,400,238.15,200,238.16,300,238.17,300,238.2,200
2026-01-16 09:36:17,238.04,238.03,1,238.01,200,238.07,1500,238.07,238.01,238.01,200,237.97,200,237.96,700,237.95,500,237.94,400,237.92,600,,,,,,,,,238.07,1500,238.08,700,238.09,400,238.1,500,238.11,100,238.14,400,238.15,200,238.16,300,238.17,300,238.2,200
2026-01-16 09:36:18,238.02,238.02,1,237.97,200,238.07,400,238.07,237.97,237.97,200,237.96,700,237.95,500,237.94,400,237.92,600,,,,,,,,,,,238.07,400,238.09,300,238.1,500,238.11,100,238.14,400,238.15,200,238.16,300,238.17,300,238.2,200,238.22,500
2026-01-16 09:36:19,238.01,238.01,2,237.97,200,238.05,300,238.05,237.97,237.97,200,237.96,700,237.95,500,237.94,400,237.92,600,,,,,,,,,,,238.05,300,238.06,300,238.07,1200,238.09,300,238.1,500,238.11,100,238.14,400,238.15,200,238.16,300,238.17,300
2026-01-16 09:36:20,237.95,237.95,1,237.92,600,237.98,300,237.98,237.92,237.92,600,,,,,,,,,,,,,,,,,,,237.98,300,238.03,200,238.04,500,238.05,300,238.07,500,238.09,300,238.1,500,238.11,100,238.14,400,238.15,200
2026-01-16 09:36:21,237.885,237.89,1,237.85,600,237.92,500,237.92,237.85,237.85,600,,,,,,,,,,,,,,,,,,,237.92,500,237.93,500,237.95,300,237.99,500,238.0,300,238.03,200,238.04,500,238.05,300,238.07,500,238.09,300
2026-01-16 09:36:22,237.92,237.89,1,237.89,200,237.95,700,237.95,237.89,237.89,200,237.88,100,237.87,200,237.86,300,237.85,800,,,,,,,,,,,237.95,700,237.99,500,238.0,300,238.03,200,238.04,500,238.05,300,238.07,500,238.09,300,238.1,500,238.11,100
2026-01-16 09:36:23,237.93,237.92,1,237.9,700,237.96,200,237.96,237.9,237.9,700,237.89,200,237.87,100,237.86,100,237.83,300,237.82,300,,,,,,,,,237.96,200,237.97,400,237.99,500,238.0,300,238.03,200,238.04,500,238.05,300,238.07,500,238.09,300,238.1,500
2026-01-16 09:36:25,237.9,237.89,1,237.87,100,237.93,300,237.93,237.87,237.87,100,237.86,100,237.85,600,237.83,300,237.82,300,,,,,,,,,,,237.93,300,237.96,300,237.97,400,237.99,500,238.0,300,238.03,200,238.04,500,238.05,300,238.07,500,238.09,300
2026-01-16 09:36:26,237.89,237.9,1,237.85,500,237.93,300,237.93,237.85,237.85,500,237.83,300,237.82,300,,,,,,,,,,,,,,,237.93,300,237.96,300,237.97,400,237.99,500,238.0,300,238.03,200,238.04,500,238.05,300,238.07,500,238.09,300
2026-01-16 09:36:27,237.8,237.77,40,237.77,100,237.83,400,237.83,237.77,237.77,100,237.76,300,,,,,,,,,,,,,,,,,237.83,400,237.85,200,237.86,300,237.87,100,237.88,200,237.9,800,237.93,300,237.96,300,237.97,400,237.99,500
2026-01-16 09:36:28,237.86,237.82,2,237.82,200,237.9,600,237.9,237.82,237.82,200,237.78,300,237.77,100,237.74,200,,,,,,,,,,,,,237.9,600,237.91,900,237.93,300,237.96,300,237.97,400,237.99,500,238.0,300,238.03,200,238.04,500,238.05,300
2026-01-16 09:36:29,237.805,237.81,3,237.76,200,237.85,300,237.85,237.76,237.76,200,237.74,200,,,,,,,,,,,,,,,,,237.85,300,237.86,100,237.87,500,237.88,1900,237.89,500,237.9,600,237.91,900,237.93,300,237.96,300,237.97,400
2026-01-16 09:36:30,237.81,237.81,1,237.76,300,237.86,300,237.86,237.76,237.76,300,237.74,200,,,,,,,,,,,,,,,,,237.86,300,237.87,500,237.88,1900,237.89,500,237.9,600,237.91,900,237.93,300,237.96,300,237.97,400,237.99,500
2026-01-16 09:36:31,237.865,237.83,5,237.83,100,237.9,700,237.9,237.83,237.83,100,237.82,4100,237.81,200,237.8,100,237.78,100,237.77,100,237.76,300,237.74,200,,,,,237.9,700,237.91,900,237.93,300,237.96,300,237.97,400,237.99,500,238.0,300,238.03,200,238.04,500,238.05,300
2026-01-16 09:36:32,237.91,237.91,1,237.86,200,237.96,1000,237.96,237.86,237.86,200,237.83,200,237.82,4100,237.81,200,237.8,100,237.78,100,237.77,100,237.76,300,237.74,200,,,237.96,1000,237.97,400,237.99,500,238.0,300,238.03,200,238.04,500,238.05,300,238.07,500,238.09,300,238.1,500
2026-01-16 09:36:33,237.89,237.88,1,237.85,1000,237.93,400,237.93,237.85,237.85,1000,237.84,400,237.83,200,237.82,4100,237.81,200,237.8,100,237.78,100,237.77,100,237.76,300,237.74,200,237.93,400,237.94,100,237.96,500,237.97,400,237.99,500,238.0,300,238.03,200,238.04,500,238.05,300,238.07,500
2026-01-16 09:36:34,237.905,237.91,1,237.87,300,237.94,300,237.94,237.87,237.87,300,237.86,100,237.85,1000,237.84,400,237.83,200,237.82,4100,237.81,200,237.8,100,237.78,100,237.77,100,237.94,300,237.95,1100,237.96,500,237.97,400,237.99,500,238.0,300,238.03,200,238.04,500,238.05,300,238.07,500
2026-01-16 09:36:35,237.89,237.89,1,237.86,400,237.92,200,237.92,237.86,237.86,400,237.85,1000,237.84,400,237.83,200,237.82,4100,237.81,200,237.8,100,237.78,100,237.77,100,237.76,300,237.92,200,237.93,300,237.94,300,237.95,1100,237.96,500,237.97,400,237.99,500,238.0,300,238.03,200,238.04,500
2026-01-16 09:36:36,237.89,237.89,1,237.86,300,237.92,300,237.92,237.86,237.86,300,237.85,1000,237.84,400,237.83,200,237.82,4100,237.81,200,237.8,100,237.78,100,237.77,100,237.76,300,237.92,300,237.93,400,237.94,300,237.95,1100,237.96,500,237.97,400,237.99,500,238.0,300,238.03,200,238.04,500
2026-01-16 09:36:37,237.75,237.73,1,237.72,200,237.78,400,237.78,237.72,237.72,200,237.71,500,237.7,100,,,,,,,,,,,,,,,237.78,400,237.81,300,237.82,200,237.83,200,237.85,500,237.86,100,237.87,300,237.88,100,237.89,200,237.9,300
2026-01-16 09:36:38,237.75,237.72,1,237.72,200,237.78,500,237.78,237.72,237.72,200,237.71,400,237.7,100,,,,,,,,,,,,,,,237.78,500,237.81,300,237.82,200,237.83,200,237.85,500,237.86,100,237.87,300,237.88,100,237.89,200,237.9,300
