sim_time,mid_price,last_price,last_size,best_bid_price,best_bid_size,best_ask_price,best_ask_size,close_price_buy,close_price_sell,bid1_price,bid1_size,bid2_price,bid2_size,bid3_price,bid3_size,bid4_price,bid4_size,bid5_price,bid5_size,bid6_price,bid6_size,bid7_price,bid7_size,bid8_price,bid8_size,bid9_price,bid9_size,bid10_price,bid10_size,ask1_price,ask1_size,ask2_price,ask2_size,ask3_price,ask3_size,ask4_price,ask4_size,ask5_price,ask5_size,ask6_price,ask6_size,ask7_price,ask7_size,ask8_price,ask8_size,ask9_price,ask9_size,ask10_price,ask10_size
2026-01-16 09:30:36,360.5,0.0,0,360.0,320,361.0,400,361.0,360.0,360.0,320,,,,,,,,,,,,,,,,,,,361.0,400,361.11,520,361.16,120,361.26,40,361.28,80,361.32,80,361.4,80,361.49,40,361.54,200,361.59,40
2026-01-16 09:30:37,360.5,0.0,0,360.0,320,361.0,360,361.0,360.0,360.0,320,,,,,,,,,,,,,,,,,,,361.0,360,361.11,520,361.16,120,361.26,40,361.28,80,361.32,80,361.4,80,361.49,40,361.54,200,361.59,40
2026-01-16 09:30:38,360.5,0.0,0,360.0,320,361.0,360,361.0,360.0,360.0,320,,,,,,,,,,,,,,,,,,,361.0,360,361.11,520,361.16,120,361.26,40,361.28,80,361.32,80,361.4,80,361.49,40,361.54,200,361.59,40
2026-01-16 09:30:38,360.5,0.0,0,360.0,320,361.0,360,361.0,360.0,360.0,320,,,,,,,,,,,,,,,,,,,361.0,360,361.11,520,361.16,120,361.26,40,361.28,80,361.32,80,361.4,80,361.49,40,361.54,200,361.59,40
2026-01-16 09:30:39,360.5,0.0,0,360.0,320,361.0,360,361.0,360.0,360.0,320,,,,,,,,,,,,,,,,,,,361.0,360,361.11,520,361.16,120,361.26,40,361.28,80,361.32,80,361.4,80,361.49,40,361.54,200,361.59,40
2026-01-16 09:30:39,360.25,0.0,0,360.0,320,360.5,320,360.5,360.0,360.0,320,,,,,,,,,,,,,,,,,,,360.5,320,360.99,120,361.0,360,361.11,520,361.16,120,361.26,40,361.28,80,361.32,80,361.4,80,361.49,40
2026-01-16 09:30:41,360.25,0.0,0,360.0,320,360.5,320,360.5,360.0,360.0,320,,,,,,,,,,,,,,,,,,,360.5,320,360.99,120,361.0,360,361.11,520,361.16,120,361.26,40,361.28,80,361.32,80,361.4,80,361.49,40
2026-01-16 09:30:43,360.25,0.0,0,360.0,320,360.5,360,360.5,360.0,360.0,320,,,,,,,,,,,,,,,,,,,360.5,360,360.99,120,361.0,360,361.11,520,361.16,120,361.26,40,361.28,80,361.32,80,361.4,80,361.49,40
2026-01-16 09:30:44,360.25,0.0,0,360.0,320,360.5,320,360.5,360.0,360.0,320,,,,,,,,,,,,,,,,,,,360.5,320,360.99,120,361.0,360,361.11,520,361.16,120,361.26,40,361.28,80,361.32,80,361.4,80,361.49,40
2026-01-16 09:30:45,360.25,360.17,5,360.0,320,360.5,320,360.5,360.0,360.0,320,,,,,,,,,,,,,,,,,,,360.5,320,360.99,120,361.0,360,361.11,520,361.16,120,361.26,40,361.28,80,361.32,80,361.4,80,361.49,40
2026-01-16 09:30:46,360.25,360.17,5,360.0,320,360.5,320,360.5,360.0,360.0,320,,,,,,,,,,,,,,,,,,,360.5,320,360.99,120,361.0,360,361.11,520,361.16,120,361.26,40,361.28,80,361.32,80,361.4,80,361.49,40
2026-01-16 09:30:47,360.25,360.17,5,360.0,320,360.5,320,360.5,360.0,360.0,320,,,,,,,,,,,,,,,,,,,360.5,320,360.99,120,361.0,360,361.11,520,361.16,120,361.26,40,361.28,80,361.32,80,361.4,80,361.49,40
2026-01-16 09:30:48,360.25,360.17,5,360.0,320,360.5,320,360.5,360.0,360.0,320,,,,,,,,,,,,,,,,,,,360.5,320,360.99,120,361.0,360,361.11,520,361.16,120,361.26,40,361.28,80,361.32,80,361.4,80,361.49,40
2026-01-16 09:30:49,360.25,360.17,5,360.0,320,360.5,320,360.5,360.0,360.0,320,,,,,,,,,,,,,,,,,,,360.5,320,360.99,120,361.0,360,361.11,520,361.16,120,361.26,40,361.28,80,361.32,80,361.4,80,361.49,40
2026-01-16 09:30:50,360.25,360.17,5,360.0,320,360.5,320,360.5,360.0,360.0,320,,,,,,,,,,,,,,,,,,,360.5,320,360.99,120,361.0,360,361.11,520,361.16,120,361.26,40,361.28,80,361.32,80,361.4,80,361.49,40
2026-01-16 09:30:51,360.25,360.17,5,360.0,320,360.5,320,360.5,360.0,360.0,320,,,,,,,,,,,,,,,,,,,360.5,320,360.99,120,361.0,360,361.11,520,361.16,120,361.26,40,361.28,80,361.32,80,361.4,80,361.49,40
2026-01-16 09:30:52,360.25,360.17,5,360.0,320,360.5,320,360.5,360.0,360.0,320,,,,,,,,,,,,,,,,,,,360.5,320,360.99,120,361.0,360,361.11,520,361.16,120,361.26,40,361.28,80,361.32,80,361.4,80,361.49,40
2026-01-16 09:30:53,360.25,360.17,5,360.0,320,360.5,320,360.5,360.0,360.0,320,,,,,,,,,,,,,,,,,,,360.5,320,360.99,120,361.0,360,361.11,520,361.16,120,361.26,40,361.28,80,361.32,80,361.4,80,361.49,40
2026-01-16 09:30:54,360.25,360.17,5,360.0,320,360.5,320,360.5,360.0,360.0,320,,,,,,,,,,,,,,,,,,,360.5,320,360.99,120,361.0,360,361.11,520,361.16,120,361.26,40,361.28,80,361.32,80,361.4,80,361.49,40
2026-01-16 09:30:55,360.25,360.17,5,360.0,320,360.5,320,360.5,360.0,360.0,320,,,,,,,,,,,,,,,,,,,360.5,320,360.99,120,361.0,360,361.11,520,361.16,120,361.26,40,361.28,80,361.32,80,361.4,80,361.49,40
2026-01-16 09:30:56,360.25,360.0,3,360.0,320,360.5,320,360.5,360.0,360.0,320,,,,,,,,,,,,,,,,,,,360.5,320,360.99,120,361.0,360,361.11,520,361.16,120,361.26,40,361.28,80,361.32,80,361.4,80,361.49,40
2026-01-16 09:30:57,360.25,360.0,3,360.0,320,360.5,320,360.5,360.0,360.0,320,,,,,,,,,,,,,,,,,,,360.5,320,360.99,120,361.0,360,361.11,520,361.16,120,361.26,40,361.28,80,361.32,80,361.4,80,361.49,40
2026-01-16 09:30:58,359.895,360.0,1,359.7,280,360.09,40,360.09,359.7,359.7,280,,,,,,,,,,,,,,,,,,,360.09,40,360.5,440,360.99,120,361.0,360,361.11,520,361.16,120,361.26,40,361.28,80,361.32,80,361.4,80
2026-01-16 09:30:59,359.895,360.0,1,359.7,280,360.09,160,360.09,359.7,359.7,280,,,,,,,,,,,,,,,,,,,360.09,160,360.5,440,360.99,120,361.0,360,361.11,520,361.16,120,361.26,40,361.28,80,361.32,80,361.4,80
2026-01-16 09:31:00,359.92,360.09,1,359.7,280,360.14,80,360.14,359.7,359.7,280,,,,,,,,,,,,,,,,,,,360.14,80,360.5,440,360.99,120,361.0,360,361.11,520,361.16,120,361.26,40,361.28,80,361.32,80,361.4,80
2026-01-16 09:31:01,360.145,360.09,1,359.79,120,360.5,440,360.5,359.79,359.79,120,359.7,280,,,,,,,,,,,,,,,,,360.5,440,360.99,120,361.0,360,361.11,520,361.16,120,361.26,40,361.28,80,361.32,80,361.4,80,361.49,40
2026-01-16 09:31:02,360.145,360.09,1,359.79,120,360.5,440,360.5,359.79,359.79,120,359.7,280,,,,,,,,,,,,,,,,,360.5,440,360.99,120,361.0,360,361.11,520,361.16,120,361.26,40,361.28,80,361.32,80,361.4,80,361.49,40
2026-01-16 09:31:03,360.145,360.09,1,359.79,120,360.5,440,360.5,359.79,359.79,120,359.7,280,,,,,,,,,,,,,,,,,360.5,440,360.99,120,361.0,360,361.11,520,361.16,120,361.26,40,361.28,80,361.32,80,361.4,80,361.49,40
2026-01-16 09:31:04,360.145,360.09,1,359.79,120,360.5,440,360.5,359.79,359.79,120,359.7,280,,,,,,,,,,,,,,,,,360.5,440,360.99,120,361.0,360,361.11,520,361.16,120,361.26,40,361.28,80,361.32,80,361.4,80,361.49,40
2026-01-16 09:31:05,360.145,360.09,1,359.79,120,360.5,480,360.5,359.79,359.79,120,359.7,280,,,,,,,,,,,,,,,,,360.5,480,360.99,120,361.0,360,361.11,520,361.16,120,361.26,40,361.28,80,361.32,80,361.4,80,361.49,40
2026-01-16 09:31:06,360.145,360.09,1,359.79,120,360.5,400,360.5,359.79,359.79,120,359.7,280,,,,,,,,,,,,,,,,,360.5,400,360.99,120,361.0,360,361.11,520,361.16,120,361.26,40,361.28,80,361.32,80,361.4,80,361.49,40
2026-01-16 09:31:07,360.145,360.09,1,359.79,120,360.5,400,360.5,359.79,359.79,120,359.7,280,,,,,,,,,,,,,,,,,360.5,400,360.99,120,361.0,360,361.11,520,361.16,120,361.26,40,361.28,80,361.32,80,361.4,80,361.49,40
2026-01-16 09:31:08,360.145,360.09,1,359.79,120,360.5,400,360.5,359.79,359.79,120,359.7,280,,,,,,,,,,,,,,,,,360.5,400,360.99,120,361.0,360,361.11,520,361.16,120,361.26,40,361.28,80,361.32,80,361.4,80,361.49,40
2026-01-16 09:31:09,360.145,360.09,1,359.79,120,360.5,400,360.5,359.79,359.79,120,359.7,280,,,,,,,,,,,,,,,,,360.5,400,360.99,120,361.0,360,361.11,520,361.16,120,361.26,40,361.28,80,361.32,80,361.4,80,361.49,40
2026-01-16 09:31:10,360.145,360.09,1,359.79,120,360.5,400,360.5,359.79,359.79,120,359.7,280,,,,,,,,,,,,,,,,,360.5,400,360.99,120,361.0,360,361.11,520,361.16,120,361.26,40,361.28,80,361.32,80,361.4,80,361.49,40
2026-01-16 09:31:11,360.395,360.09,1,359.79,200,361.0,400,361.0,359.79,359.79,200,359.7,280,,,,,,,,,,,,,,,,,361.0,400,361.11,520,361.16,120,361.26,40,361.28,80,361.32,80,361.4,80,361.49,40,361.54,200,361.59,40
2026-01-16 09:31:12,360.395,360.09,1,359.79,200,361.0,400,361.0,359.79,359.79,200,359.7,280,,,,,,,,,,,,,,,,,361.0,400,361.11,520,361.16,120,361.26,40,361.28,80,361.32,80,361.4,80,361.49,40,361.54,200,361.59,40
2026-01-16 09:31:13,360.395,360.4,1,359.79,200,361.0,400,361.0,359.79,359.79,200,359.7,280,,,,,,,,,,,,,,,,,361.0,400,361.11,520,361.16,120,361.26,40,361.28,80,361.32,80,361.4,80,361.49,40,361.54,200,361.59,40
2026-01-16 09:31:14,360.395,360.4,1,359.79,200,361.0,440,361.0,359.79,359.79,200,359.7,280,,,,,,,,,,,,,,,,,361.0,440,361.11,520,361.16,120,361.26,40,361.28,80,361.32,80,361.4,80,361.49,40,361.54,200,361.59,40
2026-01-16 09:31:15,360.395,360.4,1,359.79,200,361.0,440,361.0,359.79,359.79,200,359.7,280,,,,,,,,,,,,,,,,,361.0,440,361.11,520,361.16,120,361.26,40,361.28,80,361.32,80,361.4,80,361.49,40,361.54,200,361.59,40
2026-01-16 09:31:16,360.83,360.4,1,360.66,1000,361.0,400,361.0,360.66,360.66,1000,359.79,200,359.7,280,,,,,,,,,,,,,,,361.0,400,361.11,520,361.16,120,361.26,40,361.28,80,361.32,80,361.4,80,361.49,40,361.54,200,361.59,40
2026-01-16 09:31:17,360.885,361.0,1,360.66,1000,361.11,480,361.11,360.66,360.66,1000,359.79,200,359.7,280,,,,,,,,,,,,,,,361.11,480,361.16,120,361.26,40,361.28,80,361.32,80,361.4,80,361.49,40,361.54,200,361.59,40,,
2026-01-16 09:31:18,361.23,361.0,1,360.66,1000,361.8,160,361.8,360.66,360.66,1000,359.79,200,359.7,280,,,,,,,,,,,,,,,361.8,160,,,,,,,,,,,,,,,,,,
2026-01-16 09:31:19,361.23,361.0,1,360.66,1000,361.8,160,361.8,360.66,360.66,1000,359.79,200,359.7,280,,,,,,,,,,,,,,,361.8,160,,,,,,,,,,,,,,,,,,
2026-01-16 09:31:20,361.16,361.0,1,360.66,1000,361.66,40,361.66,360.66,360.66,1000,359.79,200,359.7,280,,,,,,,,,,,,,,,361.66,40,361.8,160,,,,,,,,,,,,,,,,
2026-01-16 09:31:21,361.16,361.0,1,360.66,1000,361.66,120,361.66,360.66,360.66,1000,359.79,200,359.7,280,,,,,,,,,,,,,,,361.66,120,361.8,160,,,,,,,,,,,,,,,,
2026-01-16 09:31:22,361.245,361.0,1,360.83,40,361.66,200,361.66,360.83,360.83,40,360.66,1000,359.79,200,359.7,280,,,,,,,,,,,,,361.66,200,361.8,160,,,,,,,,,,,,,,,,
2026-01-16 09:31:23,361.245,361.0,1,360.83,40,361.66,200,361.66,360.83,360.83,40,360.66,1000,359.79,200,359.7,280,,,,,,,,,,,,,361.66,200,361.8,160,,,,,,,,,,,,,,,,
2026-01-16 09:31:24,361.245,361.0,1,360.83,40,361.66,200,361.66,360.83,360.83,40,360.66,1000,359.79,200,359.7,280,,,,,,,,,,,,,361.66,200,361.8,160,,,,,,,,,,,,,,,,
2026-01-16 09:31:25,361.245,361.0,1,360.83,40,361.66,200,361.66,360.83,360.83,40,360.66,1000,359.79,200,359.7,280,,,,,,,,,,,,,361.66,200,361.8,160,,,,,,,,,,,,,,,,
2026-01-16 09:31:26,361.285,361.25,1,360.91,40,361.66,200,361.66,360.91,360.91,40,360.83,120,360.66,1000,359.79,200,359.7,280,,,,,,,,,,,361.66,200,361.8,160,,,,,,,,,,,,,,,,
2026-01-16 09:31:27,361.765,361.89,1,361.63,80,361.9,80,361.9,361.63,361.63,80,361.5,160,361.34,80,361.16,80,361.15,40,361.03,80,360.91,80,360.83,120,360.66,1000,359.79,200,361.9,80,,,,,,,,,,,,,,,,,,
2026-01-16 09:31:28,361.85,361.9,1,361.7,320,362.0,320,362.0,361.7,361.7,320,361.5,360,361.34,80,361.16,80,361.15,40,361.03,80,360.91,80,360.83,120,360.66,1000,359.79,200,362.0,320,,,,,,,,,,,,,,,,,,
2026-01-16 09:31:29,362.105,362.0,6,361.99,360,362.22,40,362.22,361.99,361.99,360,361.84,360,361.7,320,361.5,360,361.34,80,361.16,80,361.15,40,361.03,80,360.91,80,360.83,120,362.22,40,,,,,,,,,,,,,,,,,,
2026-01-16 09:31:30,362.105,362.0,6,361.99,320,362.22,40,362.22,361.99,361.99,320,361.84,360,361.7,320,361.5,360,361.34,80,361.16,80,361.15,40,361.03,80,360.91,80,360.83,120,362.22,40,,,,,,,,,,,,,,,,,,
2026-01-16 09:31:31,362.105,362.0,6,361.99,320,362.22,40,362.22,361.99,361.99,320,361.84,360,361.7,320,361.5,360,361.34,80,361.16,80,361.15,40,361.03,80,360.91,80,360.83,120,362.22,40,,,,,,,,,,,,,,,,,,
2026-01-16 09:31:32,362.03,361.99,1,361.84,400,362.22,40,362.22,361.84,361.84,400,361.7,320,361.5,360,361.34,80,361.16,80,361.15,40,361.03,80,360.91,80,360.83,120,360.66,1000,362.22,40,,,,,,,,,,,,,,,,,,
2026-01-16 09:31:33,362.03,361.99,1,361.84,400,362.22,40,362.22,361.84,361.84,400,361.7,320,361.5,360,361.34,80,361.16,80,361.15,40,361.03,80,360.91,80,360.83,120,360.66,1000,362.22,40,,,,,,,,,,,,,,,,,,
2026-01-16 09:31:34,362.27,361.99,1,362.04,120,362.5,80,362.5,362.04,362.04,120,361.92,80,361.84,400,361.7,320,361.5,360,361.34,80,361.16,80,361.15,40,361.03,80,360.91,80,362.5,80,,,,,,,,,,,,,,,,,,
2026-01-16 09:31:35,362.245,361.99,1,361.99,40,362.5,120,362.5,361.99,361.99,40,361.84,440,361.7,320,361.5,360,361.34,80,361.16,80,361.15,40,361.03,80,360.91,80,360.83,120,362.5,120,,,,,,,,,,,,,,,,,,
2026-01-16 09:31:36,362.46,362.4,1,362.28,40,362.64,160,362.64,362.28,362.28,40,362.27,120,361.99,80,361.84,440,361.7,320,361.5,360,361.34,80,361.16,80,361.15,40,361.03,80,362.64,160,362.7,80,362.74,240,362.79,400,,,,,,,,,,,,
2026-01-16 09:31:37,362.46,362.4,1,362.28,40,362.64,160,362.64,362.28,362.28,40,362.27,120,361.99,80,361.84,440,361.7,320,361.5,360,361.34,80,361.16,80,361.15,40,361.03,80,362.64,160,362.7,80,362.74,240,362.79,400,,,,,,,,,,,,
2026-01-16 09:31:38,362.46,362.4,1,362.28,40,362.64,160,362.64,362.28,362.28,40,362.27,120,361.99,80,361.84,440,361.7,320,361.5,360,361.34,80,361.16,80,361.15,40,361.03,80,362.64,160,362.7,80,362.74,240,362.79,400,,,,,,,,,,,,
2026-01-16 09:31:39,362.46,362.4,1,362.28,40,362.64,320,362.64,362.28,362.28,40,362.27,120,361.99,80,361.84,440,361.7,320,361.5,360,361.34,80,361.16,80,361.15,40,361.03,80,362.64,320,362.7,80,362.74,240,362.79,400,,,,,,,,,,,,
2026-01-16 09:31:40,362.46,362.4,1,362.28,40,362.64,320,362.64,362.28,362.28,40,362.27,120,361.99,80,361.84,440,361.7,320,361.5,360,361.34,80,361.16,80,361.15,40,361.03,80,362.64,320,362.7,80,362.74,240,362.79,400,,,,,,,,,,,,
2026-01-16 09:31:41,362.61,362.6,1,362.43,80,362.79,400,362.79,362.43,362.43,80,362.34,120,362.31,80,362.28,40,362.27,120,361.99,80,361.84,440,361.7,320,361.5,360,361.34,80,362.79,400,,,,,,,,,,,,,,,,,,
2026-01-16 09:31:42,362.42,362.63,1,362.07,120,362.77,40,362.77,362.07,362.07,120,361.99,80,361.84,440,361.7,320,361.5,360,361.34,80,361.16,80,361.15,40,361.03,80,360.91,80,362.77,40,362.79,400,,,,,,,,,,,,,,,,
2026-01-16 09:31:43,362.42,362.77,5,362.07,120,362.77,40,362.77,362.07,362.07,120,361.99,80,361.84,440,361.7,320,361.5,360,361.34,80,361.16,80,361.15,40,361.03,80,360.91,80,362.77,40,362.79,400,,,,,,,,,,,,,,,,
2026-01-16 09:31:44,362.42,362.77,5,362.07,120,362.77,40,362.77,362.07,362.07,120,361.99,80,361.84,440,361.7,320,361.5,360,361.34,80,361.16,80,361.15,40,361.03,80,360.91,80,362.77,40,362.79,400,,,,,,,,,,,,,,,,
2026-01-16 09:31:45,362.42,362.07,10,362.07,120,362.77,40,362.77,362.07,362.07,120,361.99,80,361.84,440,361.7,320,361.5,360,361.34,80,361.16,80,361.15,40,361.03,80,360.91,80,362.77,40,362.79,400,,,,,,,,,,,,,,,,
2026-01-16 09:31:46,362.42,362.46,1,362.07,160,362.77,40,362.77,362.07,362.07,160,361.99,80,361.84,440,361.7,320,361.5,360,361.34,80,361.16,80,361.15,40,361.03,80,360.91,80,362.77,40,362.79,400,,,,,,,,,,,,,,,,
2026-01-16 09:31:47,362.42,362.42,1,362.07,160,362.77,120,362.77,362.07,362.07,160,361.99,80,361.84,440,361.7,320,361.5,360,361.34,80,361.16,80,361.15,40,361.03,80,360.91,80,362.77,120,362.79,400,,,,,,,,,,,,,,,,
2026-01-16 09:31:48,362.42,362.5,1,362.07,160,362.77,120,362.77,362.07,362.07,160,361.99,80,361.84,440,361.7,320,361.5,360,361.34,80,361.16,80,361.15,40,361.03,80,360.91,80,362.77,120,362.79,400,,,,,,,,,,,,,,,,
2026-01-16 09:31:49,362.42,362.5,1,362.07,240,362.77,120,362.77,362.07,362.07,240,361.99,80,361.84,440,361.7,320,361.5,360,361.34,80,361.16,80,361.15,40,361.03,80,360.91,80,362.77,120,362.79,400,,,,,,,,,,,,,,,,
2026-01-16 09:31:50,362.42,362.5,1,362.07,240,362.77,120,362.77,362.07,362.07,240,361.99,80,361.84,440,361.7,320,361.5,360,361.34,80,361.16,80,361.15,40,361.03,80,360.91,80,362.77,120,362.79,400,,,,,,,,,,,,,,,,
2026-01-16 09:31:51,362.5,362.23,1,362.23,40,362.77,120,362.77,362.23,362.23,40,362.07,240,361.99,80,361.84,440,361.7,320,361.5,360,361.34,80,361.16,80,361.15,40,361.03,80,362.77,120,362.79,400,,,,,,,,,,,,,,,,
2026-01-16 09:31:52,362.625,362.79,1,362.43,120,362.82,40,362.82,362.43,362.43,120,362.33,40,362.23,40,362.07,240,361.99,80,361.84,440,361.7,320,361.5,360,361.34,80,361.16,80,362.82,40,,,,,,,,,,,,,,,,,,
2026-01-16 09:31:53,363.07,363.02,1,362.89,80,363.25,120,363.25,362.89,362.89,80,362.77,120,362.72,80,362.55,80,362.43,120,362.33,40,362.23,40,362.07,240,361.99,80,361.84,440,363.25,120,,,,,,,,,,,,,,,,,,
2026-01-16 09:31:54,363.205,363.21,1,363.02,40,363.39,200,363.39,363.02,363.02,40,362.89,80,362.77,120,362.72,80,362.55,80,362.43,120,362.33,40,362.23,40,362.07,240,361.99,80,363.39,200,363.42,80,,,,,,,,,,,,,,,,
2026-01-16 09:31:55,362.71,362.88,1,362.55,120,362.87,40,362.87,362.55,362.55,120,362.43,120,362.33,40,362.23,40,362.07,240,361.99,80,361.84,440,361.7,320,361.5,360,361.34,80,362.87,40,363.09,40,363.3,80,363.39,240,363.42,80,,,,,,,,,,
2026-01-16 09:31:56,362.815,362.82,1,362.33,40,363.3,360,363.3,362.33,362.33,40,362.23,40,362.07,240,361.99,80,361.84,440,361.7,320,361.5,360,361.34,80,361.16,80,361.15,40,363.3,360,363.39,240,363.42,80,,,,,,,,,,,,,,
2026-01-16 09:31:57,362.815,362.82,1,362.33,40,363.3,360,363.3,362.33,362.33,40,362.23,40,362.07,240,361.99,80,361.84,440,361.7,320,361.5,360,361.34,80,361.16,80,361.15,40,363.3,360,363.39,240,363.42,80,,,,,,,,,,,,,,
2026-01-16 09:31:58,362.35,362.82,1,362.0,640,362.7,200,362.7,362.0,362.0,640,361.99,80,361.84,440,361.7,320,361.5,360,361.34,80,361.16,80,361.15,40,361.03,80,360.91,80,362.7,200,362.92,40,362.93,200,363.3,360,363.39,240,363.42,80,,,,,,,,
2026-01-16 09:31:59,362.35,362.82,1,362.0,640,362.7,320,362.7,362.0,362.0,640,361.99,80,361.84,440,361.7,320,361.5,360,361.34,80,361.16,80,361.15,40,361.03,80,360.91,80,362.7,320,362.92,40,362.93,200,363.3,360,363.39,240,363.42,80,,,,,,,,
2026-01-16 09:32:00,362.35,362.82,1,362.0,640,362.7,320,362.7,362.0,362.0,640,361.99,80,361.84,440,361.7,320,361.5,360,361.34,80,361.16,80,361.15,40,361.03,80,360.91,80,362.7,320,362.92,40,362.93,200,363.3,360,363.39,240,363.42,80,,,,,,,,
2026-01-16 09:32:01,362.35,362.82,1,362.0,640,362.7,320,362.7,362.0,362.0,640,361.99,80,361.84,440,361.7,320,361.5,360,361.34,80,361.16,80,361.15,40,361.03,80,360.91,80,362.7,320,362.92,40,362.93,200,363.3,360,363.39,240,363.42,80,,,,,,,,
2026-01-16 09:32:02,362.35,362.82,1,362.0,640,362.7,320,362.7,362.0,362.0,640,361.99,80,361.84,440,361.7,320,361.5,360,361.34,80,361.16,80,361.15,40,361.03,80,360.91,80,362.7,320,362.92,40,362.93,200,363.3,360,363.39,240,363.42,80,,,,,,,,
2026-01-16 09:32:03,362.35,362.82,1,362.0,640,362.7,320,362.7,362.0,362.0,640,361.99,80,361.84,440,361.7,320,361.5,360,361.34,80,361.16,80,361.15,40,361.03,80,360.91,80,362.7,320,362.92,40,362.93,200,363.3,360,363.39,240,363.42,80,,,,,,,,
2026-01-16 09:32:04,362.35,362.82,1,362.0,640,362.7,320,362.7,362.0,362.0,640,361.99,80,361.84,440,361.7,320,361.5,360,361.34,80,361.16,80,361.15,40,361.03,80,360.91,80,362.7,320,362.92,40,362.93,200,363.3,360,363.39,240,363.42,80,,,,,,,,
2026-01-16 09:32:05,362.35,362.35,1,362.0,640,362.7,320,362.7,362.0,362.0,640,361.99,80,361.84,440,361.7,320,361.5,360,361.34,80,361.16,80,361.15,40,361.03,80,360.91,80,362.7,320,362.92,40,362.93,200,363.3,360,363.39,240,363.42,80,,,,,,,,
2026-01-16 09:32:06,362.35,362.35,1,362.0,640,362.7,240,362.7,362.0,362.0,640,361.99,80,361.84,440,361.7,320,361.5,360,361.34,80,361.16,80,361.15,40,361.03,80,360.91,80,362.7,240,362.92,40,362.93,200,363.3,360,363.39,240,363.42,80,,,,,,,,
2026-01-16 09:32:07,362.35,362.35,1,362.0,640,362.7,240,362.7,362.0,362.0,640,361.99,80,361.84,440,361.7,320,361.5,360,361.34,80,361.16,80,361.15,40,361.03,80,360.91,80,362.7,240,362.92,40,362.93,200,363.3,360,363.39,240,363.42,80,,,,,,,,
2026-01-16 09:32:08,362.35,362.35,1,362.0,640,362.7,240,362.7,362.0,362.0,640,361.99,80,361.84,440,361.7,320,361.5,360,361.34,80,361.16,80,361.15,40,361.03,80,360.91,80,362.7,240,362.92,40,362.93,200,363.3,360,363.39,240,363.42,80,,,,,,,,
2026-01-16 09:32:09,362.35,362.35,1,362.0,640,362.7,240,362.7,362.0,362.0,640,361.99,80,361.84,440,361.7,320,361.5,360,361.34,80,361.16,80,361.15,40,361.03,80,360.91,80,362.7,240,362.92,40,362.93,200,363.3,360,363.39,240,363.42,80,,,,,,,,
2026-01-16 09:32:10,362.69,363.0,2,362.09,240,363.29,720,363.29,362.09,362.09,240,362.07,120,362.0,640,361.99,80,361.84,440,361.7,320,361.5,360,361.34,80,361.16,80,361.15,40,363.29,720,363.3,360,363.39,240,363.42,80,,,,,,,,,,,,
2026-01-16 09:32:11,362.69,363.0,2,362.09,200,363.29,720,363.29,362.09,362.09,200,362.07,120,362.0,640,361.99,80,361.84,440,361.7,320,361.5,360,361.34,80,361.16,80,361.15,40,363.29,720,363.3,360,363.39,240,363.42,80,,,,,,,,,,,,
2026-01-16 09:32:12,362.69,363.27,1,362.09,240,363.29,720,363.29,362.09,362.09,240,362.07,120,362.0,640,361.99,80,361.84,440,361.7,320,361.5,360,361.34,80,361.16,80,361.15,40,363.29,720,363.3,360,363.39,240,363.42,80,,,,,,,,,,,,
2026-01-16 09:32:13,362.69,363.27,1,362.09,240,363.29,720,363.29,362.09,362.09,240,362.07,120,362.0,640,361.99,80,361.84,440,361.7,320,361.5,360,361.34,80,361.16,80,361.15,40,363.29,720,363.3,360,363.39,240,363.42,80,,,,,,,,,,,,
2026-01-16 09:32:14,362.845,363.27,1,362.4,80,363.29,720,363.29,362.4,362.4,80,362.12,120,362.09,280,362.07,120,362.0,640,361.99,80,361.84,440,361.7,320,361.5,360,361.34,80,363.29,720,363.3,360,363.39,240,363.42,80,,,,,,,,,,,,
2026-01-16 09:32:15,362.845,363.22,1,362.4,200,363.29,1800,363.29,362.4,362.4,200,362.09,280,362.07,120,362.0,640,361.99,80,361.84,440,361.7,320,361.5,360,361.34,80,361.16,80,363.29,1800,363.3,360,363.39,240,363.42,80,,,,,,,,,,,,
2026-01-16 09:32:16,362.845,363.22,1,362.4,240,363.29,1680,363.29,362.4,362.4,240,362.09,280,362.07,120,362.0,640,361.99,80,361.84,440,361.7,320,361.5,360,361.34,80,361.16,80,363.29,1680,363.3,360,363.39,240,363.42,80,,,,,,,,,,,,
2026-01-16 09:32:17,362.915,363.29,1,362.41,120,363.42,80,363.42,362.41,362.41,120,362.4,240,362.09,280,362.07,120,362.0,640,361.99,80,361.84,440,361.7,320,361.5,360,361.34,80,363.42,80,,,,,,,,,,,,,,,,,,
2026-01-16 09:32:18,362.91,363.38,1,362.4,200,363.42,120,363.42,362.4,362.4,200,362.09,280,362.07,120,362.0,640,361.99,80,361.84,440,361.7,320,361.5,360,361.34,80,361.16,80,363.42,120,,,,,,,,,,,,,,,,,,
2026-01-16 09:32:19,362.915,363.38,1,362.41,120,363.42,120,363.42,362.41,362.41,120,362.4,240,362.09,280,362.07,120,362.0,640,361.99,80,361.84,440,361.7,320,361.5,360,361.34,80,363.42,120,,,,,,,,,,,,,,,,,,
2026-01-16 09:32:20,362.915,363.38,1,362.41,120,363.42,120,363.42,362.41,362.41,120,362.4,240,362.09,280,362.07,120,362.0,640,361.99,80,361.84,440,361.7,320,361.5,360,361.34,80,363.42,120,,,,,,,,,,,,,,,,,,
2026-01-16 09:32:21,362.915,362.91,1,362.41,40,363.42,120,363.42,362.41,362.41,40,362.4,240,362.09,280,362.07,120,362.0,640,361.99,80,361.84,440,361.7,320,361.5,360,361.34,80,363.42,120,,,,,,,,,,,,,,,,,,
2026-01-16 09:32:22,362.91,362.91,1,362.41,40,363.41,80,363.41,362.41,362.41,40,362.4,240,362.09,280,362.07,120,362.0,640,361.99,80,361.84,440,361.7,320,361.5,360,361.34,80,363.41,80,363.42,120,,,,,,,,,,,,,,,,
2026-01-16 09:32:24,362.705,362.71,1,362.41,120,363.0,480,363.0,362.41,362.41,120,362.4,240,362.09,280,362.07,120,362.0,640,361.99,80,361.84,440,361.7,320,361.5,360,361.34,80,363.0,480,363.41,80,363.42,120,,,,,,,,,,,,,,
2026-01-16 09:32:25,362.58,362.71,1,362.41,120,362.75,80,362.75,362.41,362.41,120,362.4,240,362.09,280,362.07,120,362.0,640,361.99,80,361.84,440,361.7,320,361.5,360,361.34,80,362.75,80,363.0,480,363.41,80,363.42,120,,,,,,,,,,,,
2026-01-16 09:32:26,362.58,362.71,1,362.41,120,362.75,80,362.75,362.41,362.41,120,362.4,240,362.09,280,362.07,120,362.0,640,361.99,80,361.84,440,361.7,320,361.5,360,361.34,80,362.75,80,363.0,480,363.41,80,363.42,120,,,,,,,,,,,,
2026-01-16 09:32:26,362.58,362.71,1,362.41,120,362.75,80,362.75,362.41,362.41,120,362.4,240,362.09,280,362.07,120,362.0,640,361.99,80,361.84,440,361.7,320,361.5,360,361.34,80,362.75,80,363.0,480,363.41,80,363.42,120,,,,,,,,,,,,
2026-01-16 09:32:27,362.58,362.71,1,362.41,120,362.75,80,362.75,362.41,362.41,120,362.4,240,362.09,280,362.07,120,362.0,640,361.99,80,361.84,440,361.7,320,361.5,360,361.34,80,362.75,80,363.0,480,363.41,80,363.42,120,,,,,,,,,,,,
2026-01-16 09:32:29,362.58,362.71,1,362.41,120,362.75,80,362.75,362.41,362.41,120,362.4,240,362.09,280,362.07,120,362.0,640,361.99,80,361.84,440,361.7,320,361.5,360,361.34,80,362.75,80,363.0,480,363.41,80,363.42,120,,,,,,,,,,,,
2026-01-16 09:32:30,362.32,362.32,1,362.09,200,362.55,240,362.55,362.09,362.09,200,362.07,120,362.0,640,361.99,80,361.84,440,361.7,320,361.5,360,361.34,80,361.16,80,361.15,40,362.55,240,362.75,160,363.0,480,363.41,80,363.42,120,,,,,,,,,,
2026-01-16 09:32:30,362.32,362.32,1,362.09,240,362.55,240,362.55,362.09,362.09,240,362.07,120,362.0,640,361.99,80,361.84,440,361.7,320,361.5,360,361.34,80,361.16,80,361.15,40,362.55,240,362.75,160,363.0,480,363.41,80,363.42,120,,,,,,,,,,
2026-01-16 09:32:31,362.32,362.32,1,362.09,240,362.55,240,362.55,362.09,362.09,240,362.07,120,362.0,640,361.99,80,361.84,440,361.7,320,361.5,360,361.34,80,361.16,80,361.15,40,362.55,240,362.75,160,363.0,480,363.41,80,363.42,120,,,,,,,,,,
2026-01-16 09:32:33,362.32,362.32,1,362.09,240,362.55,240,362.55,362.09,362.09,240,362.07,120,362.0,640,361.99,80,361.84,440,361.7,320,361.5,360,361.34,80,361.16,80,361.15,40,362.55,240,362.75,160,363.0,480,363.41,80,363.42,120,,,,,,,,,,
2026-01-16 09:32:33,362.32,362.32,1,362.09,240,362.55,240,362.55,362.09,362.09,240,362.07,120,362.0,640,361.99,80,361.84,440,361.7,320,361.5,360,361.34,80,361.16,80,361.15,40,362.55,240,362.75,160,363.0,480,363.41,80,363.42,120,,,,,,,,,,
2026-01-16 09:32:35,362.32,362.32,1,362.09,240,362.55,240,362.55,362.09,362.09,240,362.07,120,362.0,640,361.99,80,361.84,440,361.7,320,361.5,360,361.34,80,361.16,80,361.15,40,362.55,240,362.75,160,363.0,480,363.41,80,363.42,120,,,,,,,,,,
2026-01-16 09:32:35,362.42,362.32,1,362.09,240,362.75,160,362.75,362.09,362.09,240,362.07,120,362.0,640,361.99,80,361.84,440,361.7,320,361.5,360,361.34,80,361.16,80,361.15,40,362.75,160,363.0,480,363.41,80,363.42,120,,,,,,,,,,,,
2026-01-16 09:32:36,362.42,362.61,1,362.09,280,362.75,200,362.75,362.09,362.09,280,362.07,120,362.0,640,361.99,80,361.84,440,361.7,320,361.5,360,361.34,80,361.16,80,361.15,40,362.75,200,363.0,480,363.41,80,363.42,120,,,,,,,,,,,,
2026-01-16 09:32:37,362.71,362.59,1,362.42,10040,363.0,480,363.0,362.42,362.42,10040,362.32,80,362.12,40,362.09,280,362.07,120,362.0,640,361.99,80,361.84,440,361.7,320,361.5,360,363.0,480,363.41,80,363.42,120,,,,,,,,,,,,,,
2026-01-16 09:32:39,362.79,362.79,1,362.58,40,363.0,480,363.0,362.58,362.58,40,362.53,40,362.42,10040,362.32,80,362.12,40,362.09,280,362.07,120,362.0,640,361.99,80,361.84,440,363.0,480,363.41,80,363.42,120,,,,,,,,,,,,,,
2026-01-16 09:32:40,362.79,362.79,1,362.58,40,363.0,480,363.0,362.58,362.58,40,362.53,40,362.42,10040,362.32,80,362.12,40,362.09,280,362.07,120,362.0,640,361.99,80,361.84,440,363.0,480,363.41,80,363.42,120,,,,,,,,,,,,,,
2026-01-16 09:32:41,362.605,362.79,1,362.42,10000,362.79,80,362.79,362.42,362.42,10000,362.32,80,362.12,40,362.09,280,362.07,120,362.0,640,361.99,80,361.84,440,361.7,320,361.5,360,362.79,80,363.0,480,363.41,80,363.42,120,,,,,,,,,,,,
2026-01-16 09:32:42,362.605,362.79,1,362.42,10000,362.79,80,362.79,362.42,362.42,10000,362.32,80,362.12,40,362.09,280,362.07,120,362.0,640,361.99,80,361.84,440,361.7,320,361.5,360,362.79,80,363.0,480,363.41,80,363.42,120,,,,,,,,,,,,
2026-01-16 09:32:43,362.585,362.42,1,362.42,9080,362.75,80,362.75,362.42,362.42,9080,362.32,80,362.12,40,362.09,280,362.07,120,362.0,640,361.99,80,361.84,440,361.7,320,361.5,360,362.75,80,362.79,80,363.0,480,363.41,80,363.42,120,,,,,,,,,,
2026-01-16 09:32:44,362.585,362.42,1,362.42,9080,362.75,80,362.75,362.42,362.42,9080,362.32,80,362.12,40,362.09,280,362.07,120,362.0,640,361.99,80,361.84,440,361.7,320,361.5,360,362.75,80,362.79,80,363.0,480,363.41,80,363.42,120,,,,,,,,,,
2026-01-16 09:32:45,362.585,362.42,1,362.42,9080,362.75,80,362.75,362.42,362.42,9080,362.32,80,362.12,40,362.09,280,362.07,120,362.0,640,361.99,80,361.84,440,361.7,320,361.5,360,362.75,80,362.79,80,363.0,480,363.41,80,363.42,120,,,,,,,,,,
2026-01-16 09:32:46,362.585,362.42,1,362.42,9080,362.75,80,362.75,362.42,362.42,9080,362.32,80,362.12,40,362.09,280,362.07,120,362.0,640,361.99,80,361.84,440,361.7,320,361.5,360,362.75,80,362.79,80,363.0,480,363.41,80,363.42,120,,,,,,,,,,
2026-01-16 09:32:47,362.585,362.42,1,362.42,9080,362.75,80,362.75,362.42,362.42,9080,362.32,80,362.12,40,362.09,280,362.07,120,362.0,640,361.99,80,361.84,440,361.7,320,361.5,360,362.75,80,362.79,80,363.0,480,363.41,80,363.42,120,,,,,,,,,,
2026-01-16 09:32:48,362.585,362.42,1,362.42,9120,362.75,80,362.75,362.42,362.42,9120,362.32,80,362.12,40,362.09,280,362.07,120,362.0,640,361.99,80,361.84,440,361.7,320,361.5,360,362.75,80,362.79,80,363.0,480,363.41,80,363.42,120,,,,,,,,,,
2026-01-16 09:32:48,362.585,362.42,1,362.42,9120,362.75,80,362.75,362.42,362.42,9120,362.32,80,362.12,40,362.09,280,362.07,120,362.0,640,361.99,80,361.84,440,361.7,320,361.5,360,362.75,80,362.79,80,363.0,480,363.41,80,363.42,120,,,,,,,,,,
2026-01-16 09:32:50,362.585,362.42,1,362.42,9120,362.75,80,362.75,362.42,362.42,9120,362.32,80,362.12,40,362.09,280,362.07,120,362.0,640,361.99,80,361.84,440,361.7,320,361.5,360,362.75,80,362.79,80,363.0,480,363.41,80,363.42,120,,,,,,,,,,
2026-01-16 09:32:51,362.585,362.42,1,362.42,9120,362.75,80,362.75,362.42,362.42,9120,362.32,80,362.12,40,362.09,280,362.07,120,362.0,640,361.99,80,361.84,440,361.7,320,361.5,360,362.75,80,362.79,80,363.0,480,363.41,80,363.42,120,,,,,,,,,,
2026-01-16 09:32:52,362.42,362.42,1,362.09,80,362.75,840,362.75,362.09,362.09,80,362.03,40,362.0,640,361.99,80,361.84,440,361.7,320,361.5,360,361.34,80,361.16,80,361.15,40,362.75,840,362.79,80,363.0,480,363.41,80,363.42,120,,,,,,,,,,
2026-01-16 09:32:52,362.42,362.42,1,362.09,80,362.75,840,362.75,362.09,362.09,80,362.03,40,362.0,640,361.99,80,361.84,440,361.7,320,361.5,360,361.34,80,361.16,80,361.15,40,362.75,840,362.79,80,363.0,480,363.41,80,363.42,120,,,,,,,,,,
2026-01-16 09:32:54,362.42,362.42,1,362.09,80,362.75,840,362.75,362.09,362.09,80,362.03,40,362.0,640,361.99,80,361.84,440,361.7,320,361.5,360,361.34,80,361.16,80,361.15,40,362.75,840,362.79,80,363.0,480,363.41,80,363.42,120,,,,,,,,,,
2026-01-16 09:32:55,362.42,362.42,1,362.09,80,362.75,840,362.75,362.09,362.09,80,362.03,40,362.0,640,361.99,80,361.84,440,361.7,320,361.5,360,361.34,80,361.16,80,361.15,40,362.75,840,362.79,80,363.0,480,363.41,80,363.42,120,,,,,,,,,,
2026-01-16 09:32:56,362.42,362.42,1,362.09,80,362.75,840,362.75,362.09,362.09,80,362.03,40,362.0,640,361.99,80,361.84,440,361.7,320,361.5,360,361.34,80,361.16,80,361.15,40,362.75,840,362.79,80,363.0,480,363.41,80,363.42,120,,,,,,,,,,
2026-01-16 09:32:57,362.42,362.42,1,362.09,80,362.75,840,362.75,362.09,362.09,80,362.03,40,362.0,640,361.99,80,361.84,440,361.7,320,361.5,360,361.34,80,361.16,80,361.15,40,362.75,840,362.79,80,363.0,480,363.41,80,363.42,120,,,,,,,,,,
2026-01-16 09:32:58,362.42,362.42,1,362.09,80,362.75,840,362.75,362.09,362.09,80,362.03,40,362.0,640,361.99,80,361.84,440,361.7,320,361.5,360,361.34,80,361.16,80,361.15,40,362.75,840,362.79,80,363.0,480,363.41,80,363.42,120,,,,,,,,,,
2026-01-16 09:32:59,362.42,362.6,2,362.09,120,362.75,840,362.75,362.09,362.09,120,362.03,40,362.0,640,361.99,80,361.84,440,361.7,320,361.5,360,361.34,80,361.16,80,361.15,40,362.75,840,362.79,80,363.0,480,363.41,80,363.42,120,,,,,,,,,,
2026-01-16 09:33:00,362.42,362.6,2,362.09,120,362.75,840,362.75,362.09,362.09,120,362.03,40,362.0,640,361.99,80,361.84,440,361.7,320,361.5,360,361.34,80,361.16,80,361.15,40,362.75,840,362.79,80,363.0,480,363.41,80,363.42,120,,,,,,,,,,
2026-01-16 09:33:01,362.42,362.6,2,362.09,120,362.75,840,362.75,362.09,362.09,120,362.03,40,362.0,640,361.99,80,361.84,440,361.7,320,361.5,360,361.34,80,361.16,80,361.15,40,362.75,840,362.79,80,363.0,480,363.41,80,363.42,120,,,,,,,,,,
2026-01-16 09:33:02,362.42,362.75,1,362.09,120,362.75,840,362.75,362.09,362.09,120,362.03,40,362.0,640,361.99,80,361.84,440,361.7,320,361.5,360,361.34,80,361.16,80,361.15,40,362.75,840,362.79,80,363.0,480,363.41,80,363.42,120,,,,,,,,,,
2026-01-16 09:33:03,362.42,362.75,1,362.09,120,362.75,840,362.75,362.09,362.09,120,362.03,40,362.0,640,361.99,80,361.84,440,361.7,320,361.5,360,361.34,80,361.16,80,361.15,40,362.75,840,362.79,80,363.0,480,363.41,80,363.42,120,,,,,,,,,,
2026-01-16 09:33:04,362.445,362.75,1,362.14,120,362.75,920,362.75,362.14,362.14,120,362.09,160,362.03,40,362.0,640,361.99,80,361.84,440,361.7,320,361.5,360,361.34,80,361.16,80,362.75,920,362.79,80,363.0,480,363.41,80,363.42,120,,,,,,,,,,
2026-01-16 09:33:05,362.445,362.75,1,362.14,40,362.75,1160,362.75,362.14,362.14,40,362.09,160,362.03,40,362.0,640,361.99,80,361.84,440,361.7,320,361.5,360,361.34,80,361.16,80,362.75,1160,362.79,80,363.0,480,363.41,80,363.42,120,,,,,,,,,,
2026-01-16 09:33:06,362.24,362.42,10,362.07,40,362.41,280,362.41,362.07,362.07,40,362.05,40,362.03,40,362.0,640,361.99,80,361.84,440,361.7,320,361.5,360,361.34,80,361.16,80,362.41,280,362.42,240,362.44,120,362.45,200,362.75,1160,362.79,80,363.0,480,363.41,80,363.42,120,,
2026-01-16 09:33:07,362.24,362.24,1,362.07,40,362.41,280,362.41,362.07,362.07,40,362.05,40,362.03,40,362.0,640,361.99,80,361.84,440,361.7,320,361.5,360,361.34,80,361.16,80,362.41,280,362.42,240,362.44,120,362.45,200,362.75,1160,362.79,80,363.0,480,363.41,80,363.42,120,,
2026-01-16 09:33:08,362.24,362.24,1,362.07,40,362.41,200,362.41,362.07,362.07,40,362.05,40,362.03,40,362.0,640,361.99,80,361.84,440,361.7,320,361.5,360,361.34,80,361.16,80,362.41,200,362.42,240,362.44,120,362.45,200,362.75,1160,362.79,80,363.0,480,363.41,80,363.42,120,,
2026-01-16 09:33:09,362.24,362.12,1,362.07,40,362.41,200,362.41,362.07,362.07,40,362.05,40,362.03,40,362.0,640,361.99,80,361.84,440,361.7,320,361.5,360,361.34,80,361.16,80,362.41,200,362.42,240,362.44,120,362.45,200,362.75,1160,362.79,80,363.0,480,363.41,80,363.42,120,,
2026-01-16 09:33:10,362.24,362.24,1,362.07,40,362.41,200,362.41,362.07,362.07,40,362.05,40,362.03,40,362.0,640,361.99,80,361.84,440,361.7,320,361.5,360,361.34,80,361.16,80,362.41,200,362.42,240,362.44,120,362.45,200,362.75,1160,362.79,80,363.0,480,363.41,80,363.42,120,,
2026-01-16 09:33:11,362.24,362.24,1,362.07,200,362.41,320,362.41,362.07,362.07,200,362.05,40,362.03,40,362.0,640,361.99,80,361.84,440,361.7,320,361.5,360,361.34,80,361.16,80,362.41,320,362.42,280,362.44,120,362.45,200,362.75,1160,362.79,80,363.0,480,363.41,80,363.42,120,,
2026-01-16 09:33:12,361.785,362.07,1,361.43,320,362.14,400,362.14,361.43,361.43,320,361.34,80,361.16,80,361.15,40,361.03,80,360.91,80,360.83,120,360.66,1000,359.79,200,359.7,280,362.14,400,362.15,160,362.16,120,362.24,40,362.41,320,362.42,280,362.44,120,362.45,200,362.75,1160,362.79,80
2026-01-16 09:33:13,361.785,361.79,1,361.43,320,362.14,400,362.14,361.43,361.43,320,361.34,80,361.16,80,361.15,40,361.03,80,360.91,80,360.83,120,360.66,1000,359.79,200,359.7,280,362.14,400,362.15,160,362.16,120,362.24,40,362.41,320,362.42,280,362.44,120,362.45,200,362.75,1160,362.79,80
2026-01-16 09:33:14,361.785,361.79,1,361.43,320,362.14,400,362.14,361.43,361.43,320,361.34,80,361.16,80,361.15,40,361.03,80,360.91,80,360.83,120,360.66,1000,359.79,200,359.7,280,362.14,400,362.15,160,362.16,120,362.24,40,362.41,320,362.42,280,362.44,120,362.45,200,362.75,1160,362.79,80
2026-01-16 09:33:15,361.785,361.79,1,361.43,320,362.14,400,362.14,361.43,361.43,320,361.34,80,361.16,80,361.15,40,361.03,80,360.91,80,360.83,120,360.66,1000,359.79,200,359.7,280,362.14,400,362.15,160,362.16,120,362.24,40,362.41,320,362.42,280,362.44,120,362.45,200,362.75,1160,362.79,80
2026-01-16 09:33:16,361.975,362.14,2,361.55,40,362.4,1000,362.4,361.55,361.55,40,361.53,40,361.43,320,361.34,80,361.16,80,361.15,40,361.03,80,360.91,80,360.83,120,360.66,1000,362.4,1000,362.41,320,362.42,280,362.44,120,362.45,200,362.75,1160,362.79,80,363.0,480,363.41,80,363.42,120
2026-01-16 09:33:17,361.975,362.14,2,361.55,80,362.4,1000,362.4,361.55,361.55,80,361.53,40,361.43,320,361.34,80,361.16,80,361.15,40,361.03,80,360.91,80,360.83,120,360.66,1000,362.4,1000,362.41,320,362.42,280,362.44,120,362.45,200,362.75,1160,362.79,80,363.0,480,363.41,80,363.42,120
2026-01-16 09:33:18,361.975,362.14,2,361.55,80,362.4,1000,362.4,361.55,361.55,80,361.53,40,361.43,320,361.34,80,361.16,80,361.15,40,361.03,80,360.91,80,360.83,120,360.66,1000,362.4,1000,362.41,320,362.42,280,362.44,120,362.45,200,362.75,1160,362.79,80,363.0,480,363.41,80,363.42,120
2026-01-16 09:33:19,361.975,362.14,2,361.55,80,362.4,1000,362.4,361.55,361.55,80,361.53,40,361.43,320,361.34,80,361.16,80,361.15,40,361.03,80,360.91,80,360.83,120,360.66,1000,362.4,1000,362.41,320,362.42,280,362.44,120,362.45,200,362.75,1160,362.79,80,363.0,480,363.41,80,363.42,120
2026-01-16 09:33:20,362.225,362.14,2,362.05,40,362.4,1000,362.4,362.05,362.05,40,361.55,80,361.53,40,361.43,320,361.34,80,361.16,80,361.15,40,361.03,80,360.91,80,360.83,120,362.4,1000,362.41,320,362.42,280,362.44,120,362.45,200,362.75,1160,362.79,80,363.0,480,363.41,80,363.42,120
2026-01-16 09:33:21,362.225,362.14,2,362.05,40,362.4,1000,362.4,362.05,362.05,40,361.55,80,361.53,40,361.43,320,361.34,80,361.16,80,361.15,40,361.03,80,360.91,80,360.83,120,362.4,1000,362.41,320,362.42,280,362.44,120,362.45,200,362.75,1160,362.79,80,363.0,480,363.41,80,363.42,120
2026-01-16 09:33:22,362.225,362.05,1,362.05,40,362.4,1000,362.4,362.05,362.05,40,361.55,80,361.53,40,361.43,320,361.34,80,361.16,80,361.15,40,361.03,80,360.91,80,360.83,120,362.4,1000,362.41,320,362.42,280,362.44,120,362.45,200,362.75,1160,362.79,80,363.0,480,363.41,80,363.42,120
2026-01-16 09:33:23,362.225,362.05,1,362.05,40,362.4,1000,362.4,362.05,362.05,40,361.55,80,361.53,40,361.43,320,361.34,80,361.16,80,361.15,40,361.03,80,360.91,80,360.83,120,362.4,1000,362.41,320,362.42,280,362.44,120,362.45,200,362.75,1160,362.79,80,363.0,480,363.41,80,363.42,120
2026-01-16 09:33:24,362.415,362.4,8,362.08,40,362.75,1200,362.75,362.08,362.08,40,362.05,120,361.55,80,361.53,40,361.43,320,361.34,80,361.16,80,361.15,40,361.03,80,360.91,80,362.75,1200,362.79,80,363.0,480,363.41,80,363.42,120,,,,,,,,,,
2026-01-16 09:33:25,362.415,362.42,3,362.08,80,362.75,1200,362.75,362.08,362.08,80,362.05,120,361.55,80,361.53,40,361.43,320,361.34,80,361.16,80,361.15,40,361.03,80,360.91,80,362.75,1200,362.79,80,363.0,480,363.41,80,363.42,120,,,,,,,,,,
2026-01-16 09:33:26,362.415,362.42,3,362.08,120,362.75,1200,362.75,362.08,362.08,120,362.05,120,361.55,80,361.53,40,361.43,320,361.34,80,361.16,80,361.15,40,361.03,80,360.91,80,362.75,1200,362.79,80,363.0,480,363.41,80,363.42,120,,,,,,,,,,
2026-01-16 09:33:27,362.415,362.42,3,362.08,120,362.75,1200,362.75,362.08,362.08,120,362.05,120,361.55,80,361.53,40,361.43,320,361.34,80,361.16,80,361.15,40,361.03,80,360.91,80,362.75,1200,362.79,80,363.0,480,363.41,80,363.42,120,,,,,,,,,,
2026-01-16 09:33:28,362.415,362.42,3,362.08,80,362.75,1200,362.75,362.08,362.08,80,362.05,120,361.55,80,361.53,40,361.43,320,361.34,80,361.16,80,361.15,40,361.03,80,360.91,80,362.75,1200,362.79,80,363.0,480,363.41,80,363.42,120,,,,,,,,,,
2026-01-16 09:33:29,362.4,362.42,3,362.05,160,362.75,1040,362.75,362.05,362.05,160,361.55,80,361.53,40,361.43,320,361.34,80,361.16,80,361.15,40,361.03,80,360.91,80,360.83,120,362.75,1040,362.79,80,363.0,480,363.41,80,363.42,120,,,,,,,,,,
2026-01-16 09:33:30,362.405,362.42,3,362.06,80,362.75,1040,362.75,362.06,362.06,80,362.05,200,361.55,80,361.53,40,361.43,320,361.34,80,361.16,80,361.15,40,361.03,80,360.91,80,362.75,1040,362.79,80,363.0,480,363.41,80,363.42,120,,,,,,,,,,
2026-01-16 09:33:31,362.405,362.42,3,362.06,80,362.75,1040,362.75,362.06,362.06,80,362.05,200,361.55,80,361.53,40,361.43,320,361.34,80,361.16,80,361.15,40,361.03,80,360.91,80,362.75,1040,362.79,80,363.0,480,363.41,80,363.42,120,,,,,,,,,,
2026-01-16 09:33:32,362.405,362.42,3,362.06,80,362.75,1040,362.75,362.06,362.06,80,362.05,200,361.55,80,361.53,40,361.43,320,361.34,80,361.16,80,361.15,40,361.03,80,360.91,80,362.75,1040,362.79,80,363.0,480,363.41,80,363.42,120,,,,,,,,,,
2026-01-16 09:33:33,362.55,362.41,5,362.4,40,362.7,1000,362.7,362.4,362.4,40,362.06,80,362.05,200,361.55,80,361.53,40,361.43,320,361.34,80,361.16,80,361.15,40,361.03,80,362.7,1000,362.75,1040,362.79,80,363.0,480,363.41,80,363.42,120,,,,,,,,
2026-01-16 09:33:34,362.55,362.41,5,362.4,40,362.7,1000,362.7,362.4,362.4,40,362.06,80,362.05,200,361.55,80,361.53,40,361.43,320,361.34,80,361.16,80,361.15,40,361.03,80,362.7,1000,362.75,1040,362.79,80,363.0,480,363.41,80,363.42,120,,,,,,,,
2026-01-16 09:33:35,362.55,362.41,5,362.4,200,362.7,1000,362.7,362.4,362.4,200,362.06,80,362.05,200,361.55,80,361.53,40,361.43,320,361.34,80,361.16,80,361.15,40,361.03,80,362.7,1000,362.75,1040,362.79,80,363.0,480,363.41,80,363.42,120,,,,,,,,
2026-01-16 09:33:36,362.55,362.41,5,362.4,200,362.7,1000,362.7,362.4,362.4,200,362.06,80,362.05,200,361.55,80,361.53,40,361.43,320,361.34,80,361.16,80,361.15,40,361.03,80,362.7,1000,362.75,1040,362.79,80,363.0,480,363.41,80,363.42,120,,,,,,,,
2026-01-16 09:33:37,362.55,362.41,5,362.4,200,362.7,1000,362.7,362.4,362.4,200,362.06,80,362.05,200,361.55,80,361.53,40,361.43,320,361.34,80,361.16,80,361.15,40,361.03,80,362.7,1000,362.75,1040,362.79,80,363.0,480,363.41,80,363.42,120,,,,,,,,
2026-01-16 09:33:38,362.55,362.41,5,362.4,200,362.7,1000,362.7,362.4,362.4,200,362.06,80,362.05,200,361.55,80,361.53,40,361.43,320,361.34,80,361.16,80,361.15,40,361.03,80,362.7,1000,362.75,1040,362.79,80,363.0,480,363.41,80,363.42,120,,,,,,,,
2026-01-16 09:33:39,362.55,362.55,1,362.4,200,362.7,1000,362.7,362.4,362.4,200,362.06,80,362.05,200,361.55,80,361.53,40,361.43,320,361.34,80,361.16,80,361.15,40,361.03,80,362.7,1000,362.75,1040,362.79,80,363.0,480,363.41,80,363.42,120,,,,,,,,
2026-01-16 09:33:40,362.25,362.35,1,362.05,240,362.45,240,362.45,362.05,362.05,240,361.55,80,361.53,40,361.43,320,361.34,80,361.16,80,361.15,40,361.03,80,360.91,80,360.83,120,362.45,240,362.66,120,362.7,1000,362.75,1040,362.79,80,363.0,480,363.41,80,363.42,120,,,,
2026-01-16 09:33:41,362.415,362.45,1,362.13,40,362.7,1000,362.7,362.13,362.13,40,362.05,360,361.55,80,361.53,40,361.43,320,361.34,80,361.16,80,361.15,40,361.03,80,360.91,80,362.7,1000,362.75,1040,362.79,80,363.0,480,363.41,80,363.42,120,,,,,,,,
2026-01-16 09:33:42,362.415,362.45,1,362.13,80,362.7,1000,362.7,362.13,362.13,80,362.05,360,361.55,80,361.53,40,361.43,320,361.34,80,361.16,80,361.15,40,361.03,80,360.91,80,362.7,1000,362.75,1040,362.79,80,363.0,480,363.41,80,363.42,120,,,,,,,,
2026-01-16 09:33:43,362.415,362.45,1,362.13,80,362.7,1000,362.7,362.13,362.13,80,362.05,360,361.55,80,361.53,40,361.43,320,361.34,80,361.16,80,361.15,40,361.03,80,360.91,80,362.7,1000,362.75,1040,362.79,80,363.0,480,363.41,80,363.42,120,,,,,,,,
2026-01-16 09:33:44,362.415,362.45,1,362.13,80,362.7,1000,362.7,362.13,362.13,80,362.05,360,361.55,80,361.53,40,361.43,320,361.34,80,361.16,80,361.15,40,361.03,80,360.91,80,362.7,1000,362.75,1040,362.79,80,363.0,480,363.41,80,363.42,120,,,,,,,,
2026-01-16 09:33:45,362.415,362.45,1,362.13,120,362.7,1000,362.7,362.13,362.13,120,362.05,360,361.55,80,361.53,40,361.43,320,361.34,80,361.16,80,361.15,40,361.03,80,360.91,80,362.7,1000,362.75,1040,362.79,80,363.0,480,363.41,80,363.42,120,,,,,,,,
2026-01-16 09:33:46,362.415,362.45,1,362.13,120,362.7,1000,362.7,362.13,362.13,120,362.05,360,361.55,80,361.53,40,361.43,320,361.34,80,361.16,80,361.15,40,361.03,80,360.91,80,362.7,1000,362.75,1040,362.79,80,363.0,480,363.41,80,363.42,120,,,,,,,,
2026-01-16 09:33:47,362.415,362.45,1,362.13,240,362.7,1000,362.7,362.13,362.13,240,362.05,360,361.55,80,361.53,40,361.43,320,361.34,80,361.16,80,361.15,40,361.03,80,360.91,80,362.7,1000,362.75,1040,362.79,80,363.0,480,363.41,80,363.42,120,,,,,,,,
2026-01-16 09:33:48,362.415,362.45,1,362.13,240,362.7,1000,362.7,362.13,362.13,240,362.05,360,361.55,80,361.53,40,361.43,320,361.34,80,361.16,80,361.15,40,361.03,80,360.91,80,362.7,1000,362.75,1040,362.79,80,363.0,480,363.41,80,363.42,120,,,,,,,,
2026-01-16 09:33:49,362.415,362.45,1,362.13,240,362.7,1000,362.7,362.13,362.13,240,362.05,360,361.55,80,361.53,40,361.43,320,361.34,80,361.16,80,361.15,40,361.03,80,360.91,80,362.7,1000,362.75,1040,362.79,80,363.0,480,363.41,80,363.42,120,,,,,,,,
2026-01-16 09:33:50,362.415,362.7,3,362.13,240,362.7,1000,362.7,362.13,362.13,240,362.05,360,361.55,80,361.53,40,361.43,320,361.34,80,361.16,80,361.15,40,361.03,80,360.91,80,362.7,1000,362.75,1040,362.79,80,363.0,480,363.41,80,363.42,120,,,,,,,,
2026-01-16 09:33:51,362.415,362.7,3,362.13,240,362.7,1000,362.7,362.13,362.13,240,362.05,360,361.55,80,361.53,40,361.43,320,361.34,80,361.16,80,361.15,40,361.03,80,360.91,80,362.7,1000,362.75,1040,362.79,80,363.0,480,363.41,80,363.42,120,,,,,,,,
2026-01-16 09:33:52,362.415,362.42,1,362.13,240,362.7,1000,362.7,362.13,362.13,240,362.05,360,361.55,80,361.53,40,361.43,320,361.34,80,361.16,80,361.15,40,361.03,80,360.91,80,362.7,1000,362.75,1040,362.79,80,363.0,480,363.41,80,363.42,120,,,,,,,,
2026-01-16 09:33:53,362.415,362.42,1,362.13,240,362.7,1000,362.7,362.13,362.13,240,362.05,360,361.55,80,361.53,40,361.43,320,361.34,80,361.16,80,361.15,40,361.03,80,360.91,80,362.7,1000,362.75,1040,362.79,80,363.0,480,363.41,80,363.42,120,,,,,,,,
2026-01-16 09:33:54,362.415,362.42,1,362.13,240,362.7,1000,362.7,362.13,362.13,240,362.05,360,361.55,80,361.53,40,361.43,320,361.34,80,361.16,80,361.15,40,361.03,80,360.91,80,362.7,1000,362.75,1040,362.79,80,363.0,480,363.41,80,363.42,120,,,,,,,,
2026-01-16 09:33:55,362.575,362.42,1,362.45,40,362.7,1000,362.7,362.45,362.45,40,362.13,240,362.05,360,361.55,80,361.53,40,361.43,320,361.34,80,361.16,80,361.15,40,361.03,80,362.7,1000,362.75,1040,362.79,80,363.0,480,363.41,80,363.42,120,,,,,,,,
2026-01-16 09:33:56,362.575,362.42,1,362.45,40,362.7,1000,362.7,362.45,362.45,40,362.13,240,362.05,360,361.55,80,361.53,40,361.43,320,361.34,80,361.16,80,361.15,40,361.03,80,362.7,1000,362.75,1040,362.79,80,363.0,480,363.41,80,363.42,120,,,,,,,,
2026-01-16 09:33:57,362.355,362.13,1,362.13,160,362.58,360,362.58,362.13,362.13,160,362.05,360,361.55,80,361.53,40,361.43,320,361.34,80,361.16,80,361.15,40,361.03,80,360.91,80,362.58,360,362.7,1000,362.75,1040,362.79,80,363.0,480,363.41,80,363.42,120,,,,,,
2026-01-16 09:33:58,362.315,362.13,1,362.13,160,362.5,40,362.5,362.13,362.13,160,362.05,360,361.55,80,361.53,40,361.43,320,361.34,80,361.16,80,361.15,40,361.03,80,360.91,80,362.5,40,362.58,360,362.7,1000,362.75,1040,362.79,80,363.0,480,363.41,80,363.42,120,,,,
2026-01-16 09:33:59,362.315,362.13,1,362.13,160,362.5,200,362.5,362.13,362.13,160,362.05,360,361.55,80,361.53,40,361.43,320,361.34,80,361.16,80,361.15,40,361.03,80,360.91,80,362.5,200,362.58,360,362.7,1000,362.75,1040,362.79,80,363.0,480,363.41,80,363.42,120,,,,
2026-01-16 09:34:00,362.315,362.13,1,362.13,160,362.5,200,362.5,362.13,362.13,160,362.05,360,361.55,80,361.53,40,361.43,320,361.34,80,361.16,80,361.15,40,361.03,80,360.91,80,362.5,200,362.58,360,362.7,1000,362.75,1040,362.79,80,363.0,480,363.41,80,363.42,120,,,,
2026-01-16 09:34:01,362.315,362.13,1,362.13,240,362.5,200,362.5,362.13,362.13,240,362.05,360,361.55,80,361.53,40,361.43,320,361.34,80,361.16,80,361.15,40,361.03,80,360.91,80,362.5,200,362.58,360,362.7,1000,362.75,1040,362.79,80,363.0,480,363.41,80,363.42,120,,,,
2026-01-16 09:34:02,362.315,362.13,1,362.13,240,362.5,200,362.5,362.13,362.13,240,362.05,360,361.55,80,361.53,40,361.43,320,361.34,80,361.16,80,361.15,40,361.03,80,360.91,80,362.5,200,362.58,360,362.7,1000,362.75,1040,362.79,80,363.0,480,363.41,80,363.42,120,,,,
2026-01-16 09:34:03,362.315,362.13,1,362.13,240,362.5,200,362.5,362.13,362.13,240,362.05,360,361.55,80,361.53,40,361.43,320,361.34,80,361.16,80,361.15,40,361.03,80,360.91,80,362.5,200,362.58,360,362.7,1000,362.75,1040,362.79,80,363.0,480,363.41,80,363.42,120,,,,
2026-01-16 09:34:04,362.315,362.13,1,362.13,240,362.5,200,362.5,362.13,362.13,240,362.05,360,361.55,80,361.53,40,361.43,320,361.34,80,361.16,80,361.15,40,361.03,80,360.91,80,362.5,200,362.58,360,362.7,1000,362.75,1040,362.79,80,363.0,480,363.41,80,363.42,120,,,,
2026-01-16 09:34:05,362.315,362.13,1,362.13,240,362.5,200,362.5,362.13,362.13,240,362.05,360,361.55,80,361.53,40,361.43,320,361.34,80,361.16,80,361.15,40,361.03,80,360.91,80,362.5,200,362.58,360,362.7,1000,362.75,1040,362.79,80,363.0,480,363.41,80,363.42,120,,,,
2026-01-16 09:34:06,362.315,362.13,1,362.13,240,362.5,200,362.5,362.13,362.13,240,362.05,360,361.55,80,361.53,40,361.43,320,361.34,80,361.16,80,361.15,40,361.03,80,360.91,80,362.5,200,362.58,360,362.7,1000,362.75,1040,362.79,80,363.0,480,363.41,80,363.42,120,,,,
2026-01-16 09:34:07,362.315,362.32,1,362.13,240,362.5,200,362.5,362.13,362.13,240,362.05,360,361.55,80,361.53,40,361.43,320,361.34,80,361.16,80,361.15,40,361.03,80,360.91,80,362.5,200,362.58,360,362.7,1000,362.75,1040,362.79,80,363.0,480,363.41,80,363.42,120,,,,
2026-01-16 09:34:08,362.11,362.05,1,361.9,120,362.32,120,362.32,361.9,361.9,120,361.55,80,361.53,40,361.43,320,361.34,80,361.16,80,361.15,40,361.03,80,360.91,80,360.83,120,362.32,120,362.41,80,362.45,40,362.5,400,362.58,360,362.7,1000,362.75,1040,362.79,80,363.0,480,363.41,80
2026-01-16 09:34:09,362.11,362.05,1,361.9,120,362.32,120,362.32,361.9,361.9,120,361.55,80,361.53,40,361.43,320,361.34,80,361.16,80,361.15,40,361.03,80,360.91,80,360.83,120,362.32,120,362.41,80,362.45,40,362.5,400,362.58,360,362.7,1000,362.75,1040,362.79,80,363.0,480,363.41,80
2026-01-16 09:34:10,362.11,362.05,1,361.9,120,362.32,120,362.32,361.9,361.9,120,361.55,80,361.53,40,361.43,320,361.34,80,361.16,80,361.15,40,361.03,80,360.91,80,360.83,120,362.32,120,362.41,80,362.45,40,362.5,400,362.58,360,362.7,1000,362.75,1040,362.79,80,363.0,480,363.41,80
2026-01-16 09:34:11,361.935,361.9,1,361.55,40,362.32,280,362.32,361.55,361.55,40,361.53,40,361.43,320,361.34,80,361.16,80,361.15,40,361.03,80,360.91,80,360.83,120,360.66,1000,362.32,280,362.41,80,362.45,40,362.5,400,362.58,360,362.7,1000,362.75,1040,362.79,80,363.0,480,363.41,80
2026-01-16 09:34:12,361.935,361.9,1,361.55,320,362.32,280,362.32,361.55,361.55,320,361.53,40,361.43,320,361.34,80,361.16,80,361.15,40,361.03,80,360.91,80,360.83,120,360.66,1000,362.32,280,362.41,80,362.45,40,362.5,400,362.58,360,362.7,1000,362.75,1040,362.79,80,363.0,480,363.41,80
2026-01-16 09:34:13,361.935,361.9,1,361.55,320,362.32,280,362.32,361.55,361.55,320,361.53,40,361.43,320,361.34,80,361.16,80,361.15,40,361.03,80,360.91,80,360.83,120,360.66,1000,362.32,280,362.41,80,362.45,40,362.5,400,362.58,360,362.7,1000,362.75,1040,362.79,80,363.0,480,363.41,80
2026-01-16 09:34:14,361.935,361.94,1,361.55,320,362.32,280,362.32,361.55,361.55,320,361.53,40,361.43,320,361.34,80,361.16,80,361.15,40,361.03,80,360.91,80,360.83,120,360.66,1000,362.32,280,362.41,80,362.45,40,362.5,400,362.58,360,362.7,1000,362.75,1040,362.79,80,363.0,480,363.41,80
2026-01-16 09:34:15,361.935,361.94,1,361.55,320,362.32,280,362.32,361.55,361.55,320,361.53,40,361.43,320,361.34,80,361.16,80,361.15,40,361.03,80,360.91,80,360.83,120,360.66,1000,362.32,280,362.41,80,362.45,40,362.5,400,362.58,360,362.7,1000,362.75,1040,362.79,80,363.0,480,363.41,80
2026-01-16 09:34:16,361.935,361.94,1,361.55,320,362.32,280,362.32,361.55,361.55,320,361.53,40,361.43,320,361.34,80,361.16,80,361.15,40,361.03,80,360.91,80,360.83,120,360.66,1000,362.32,280,362.41,80,362.45,40,362.5,400,362.58,360,362.7,1000,362.75,1040,362.79,80,363.0,480,363.41,80
2026-01-16 09:34:17,361.935,361.94,1,361.55,320,362.32,280,362.32,361.55,361.55,320,361.53,40,361.43,320,361.34,80,361.16,80,361.15,40,361.03,80,360.91,80,360.83,120,360.66,1000,362.32,280,362.41,80,362.45,40,362.5,400,362.58,360,362.7,1000,362.75,1040,362.79,80,363.0,480,363.41,80
2026-01-16 09:34:18,361.935,361.94,1,361.55,320,362.32,280,362.32,361.55,361.55,320,361.53,40,361.43,320,361.34,80,361.16,80,361.15,40,361.03,80,360.91,80,360.83,120,360.66,1000,362.32,280,362.41,80,362.45,40,362.5,400,362.58,360,362.7,1000,362.75,1040,362.79,80,363.0,480,363.41,80
2026-01-16 09:34:19,361.965,361.94,1,361.61,80,362.32,280,362.32,361.61,361.61,80,361.55,320,361.53,40,361.43,320,361.34,80,361.16,80,361.15,40,361.03,80,360.91,80,360.83,120,362.32,280,362.41,80,362.45,40,362.5,400,362.58,360,362.7,1000,362.75,1040,362.79,80,363.0,480,363.41,80
2026-01-16 09:34:20,361.965,361.97,1,361.61,200,362.32,280,362.32,361.61,361.61,200,361.55,320,361.53,40,361.43,320,361.34,80,361.16,80,361.15,40,361.03,80,360.91,80,360.83,120,362.32,280,362.41,80,362.45,40,362.5,400,362.58,360,362.7,1000,362.75,1040,362.79,80,363.0,480,363.41,80
2026-01-16 09:34:21,361.965,361.97,1,361.61,200,362.32,280,362.32,361.61,361.61,200,361.55,320,361.53,40,361.43,320,361.34,80,361.16,80,361.15,40,361.03,80,360.91,80,360.83,120,362.32,280,362.41,80,362.45,40,362.5,400,362.58,360,362.7,1000,362.75,1040,362.79,80,363.0,480,363.41,80
2026-01-16 09:34:22,361.965,361.97,1,361.61,200,362.32,280,362.32,361.61,361.61,200,361.55,320,361.53,40,361.43,320,361.34,80,361.16,80,361.15,40,361.03,80,360.91,80,360.83,120,362.32,280,362.41,80,362.45,40,362.5,400,362.58,360,362.7,1000,362.75,1040,362.79,80,363.0,480,363.41,80
2026-01-16 09:34:23,361.965,361.97,1,361.61,200,362.32,320,362.32,361.61,361.61,200,361.55,320,361.53,40,361.43,320,361.34,80,361.16,80,361.15,40,361.03,80,360.91,80,360.83,120,362.32,320,362.41,80,362.45,40,362.5,400,362.58,360,362.7,1000,362.75,1040,362.79,80,363.0,480,363.41,80
2026-01-16 09:34:24,362.155,362.32,1,361.61,120,362.7,1000,362.7,361.61,361.61,120,361.55,320,361.53,40,361.43,320,361.34,80,361.16,80,361.15,40,361.03,80,360.91,80,360.83,120,362.7,1000,362.75,1040,362.79,80,363.0,480,363.41,80,363.42,120,,,,,,,,
2026-01-16 09:34:25,362.52,362.7,1,362.34,80,362.7,720,362.7,362.34,362.34,80,362.1,200,361.61,120,361.55,320,361.53,40,361.43,320,361.34,80,361.16,80,361.15,40,361.03,80,362.7,720,362.75,1040,362.79,80,363.0,480,363.41,80,363.42,120,,,,,,,,
2026-01-16 09:34:26,362.52,362.7,1,362.34,80,362.7,720,362.7,362.34,362.34,80,362.1,200,361.61,120,361.55,320,361.53,40,361.43,320,361.34,80,361.16,80,361.15,40,361.03,80,362.7,720,362.75,1040,362.79,80,363.0,480,363.41,80,363.42,120,,,,,,,,
2026-01-16 09:34:27,362.52,362.7,1,362.34,280,362.7,720,362.7,362.34,362.34,280,362.1,200,361.61,120,361.55,320,361.53,40,361.43,320,361.34,80,361.16,80,361.15,40,361.03,80,362.7,720,362.75,1040,362.79,80,363.0,480,363.41,80,363.42,120,,,,,,,,
2026-01-16 09:34:28,362.52,362.7,1,362.34,280,362.7,720,362.7,362.34,362.34,280,362.1,200,361.61,120,361.55,320,361.53,40,361.43,320,361.34,80,361.16,80,361.15,40,361.03,80,362.7,720,362.75,1040,362.79,80,363.0,480,363.41,80,363.42,120,,,,,,,,
2026-01-16 09:34:29,362.52,362.7,1,362.34,400,362.7,720,362.7,362.34,362.34,400,362.1,200,361.61,120,361.55,320,361.53,40,361.43,320,361.34,80,361.16,80,361.15,40,361.03,80,362.7,720,362.75,1040,362.79,80,363.0,480,363.41,80,363.42,120,,,,,,,,
2026-01-16 09:34:30,362.58,362.51,1,362.46,40,362.7,720,362.7,362.46,362.46,40,362.34,360,362.1,200,361.61,120,361.55,320,361.53,40,361.43,320,361.34,80,361.16,80,361.15,40,362.7,720,362.75,1040,362.79,80,363.0,480,363.41,80,363.42,120,,,,,,,,
2026-01-16 09:34:31,362.58,362.51,1,362.46,40,362.7,720,362.7,362.46,362.46,40,362.34,360,362.1,200,361.61,120,361.55,320,361.53,40,361.43,320,361.34,80,361.16,80,361.15,40,362.7,720,362.75,1040,362.79,80,363.0,480,363.41,80,363.42,120,,,,,,,,
2026-01-16 09:34:32,362.58,362.51,1,362.46,520,362.7,720,362.7,362.46,362.46,520,362.34,360,362.1,200,361.61,120,361.55,320,361.53,40,361.43,320,361.34,80,361.16,80,361.15,40,362.7,720,362.75,1040,362.79,80,363.0,480,363.41,80,363.42,120,,,,,,,,
2026-01-16 09:34:33,362.58,362.51,1,362.46,520,362.7,720,362.7,362.46,362.46,520,362.34,360,362.1,200,361.61,120,361.55,320,361.53,40,361.43,320,361.34,80,361.16,80,361.15,40,362.7,720,362.75,1040,362.79,80,363.0,480,363.41,80,363.42,120,,,,,,,,
2026-01-16 09:34:34,362.58,362.51,1,362.46,520,362.7,720,362.7,362.46,362.46,520,362.34,360,362.1,200,361.61,120,361.55,320,361.53,40,361.43,320,361.34,80,361.16,80,361.15,40,362.7,720,362.75,1040,362.79,80,363.0,480,363.41,80,363.42,120,,,,,,,,
2026-01-16 09:34:35,362.58,362.51,1,362.46,520,362.7,720,362.7,362.46,362.46,520,362.34,360,362.1,200,361.61,120,361.55,320,361.53,40,361.43,320,361.34,80,361.16,80,361.15,40,362.7,720,362.75,1040,362.79,80,363.0,480,363.41,80,363.42,120,,,,,,,,
2026-01-16 09:34:36,362.58,362.51,1,362.46,560,362.7,720,362.7,362.46,362.46,560,362.34,360,362.1,200,361.61,120,361.55,320,361.53,40,361.43,320,361.34,80,361.16,80,361.15,40,362.7,720,362.75,1040,362.79,80,363.0,480,363.41,80,363.42,120,,,,,,,,
2026-01-16 09:34:37,362.58,362.51,1,362.46,560,362.7,720,362.7,362.46,362.46,560,362.34,360,362.1,200,361.61,120,361.55,320,361.53,40,361.43,320,361.34,80,361.16,80,361.15,40,362.7,720,362.75,1040,362.79,80,363.0,480,363.41,80,363.42,120,,,,,,,,
2026-01-16 09:34:38,362.58,362.51,1,362.46,560,362.7,720,362.7,362.46,362.46,560,362.34,360,362.1,200,361.61,120,361.55,320,361.53,40,361.43,320,361.34,80,361.16,80,361.15,40,362.7,720,362.75,1040,362.79,80,363.0,480,363.41,80,363.42,120,,,,,,,,
2026-01-16 09:34:39,362.58,362.51,1,362.46,560,362.7,720,362.7,362.46,362.46,560,362.34,360,362.1,200,361.61,120,361.55,320,361.53,40,361.43,320,361.34,80,361.16,80,361.15,40,362.7,720,362.75,1040,362.79,80,363.0,480,363.41,80,363.42,120,,,,,,,,
2026-01-16 09:34:40,362.64,362.58,1,362.58,160,362.7,720,362.7,362.58,362.58,160,362.52,120,362.41,400,362.34,360,362.1,200,361.61,120,361.55,320,361.53,40,361.43,320,361.34,80,362.7,720,362.75,1040,362.79,80,363.0,480,363.41,80,363.42,120,,,,,,,,
2026-01-16 09:34:41,362.875,362.75,1,362.79,160,362.96,160,362.96,362.79,362.79,160,362.78,160,362.55,40,362.52,120,362.41,400,362.34,360,362.1,200,361.61,120,361.55,320,361.53,40,362.96,160,363.0,480,363.41,80,363.42,120,,,,,,,,,,,,
2026-01-16 09:34:42,362.875,362.75,1,362.79,160,362.96,120,362.96,362.79,362.79,160,362.78,160,362.55,40,362.52,120,362.41,400,362.34,360,362.1,200,361.61,120,361.55,320,361.53,40,362.96,120,363.0,480,363.41,80,363.42,120,,,,,,,,,,,,
2026-01-16 09:34:43,362.815,362.74,1,362.75,120,362.88,160,362.88,362.75,362.75,120,362.55,120,362.52,120,362.41,400,362.34,360,362.1,200,361.61,120,361.55,320,361.53,40,361.43,320,362.88,160,362.96,120,363.0,480,363.41,80,363.42,120,,,,,,,,,,
2026-01-16 09:34:44,362.815,362.75,5,362.75,120,362.88,160,362.88,362.75,362.75,120,362.55,120,362.52,120,362.41,400,362.34,360,362.1,200,361.61,120,361.55,320,361.53,40,361.43,320,362.88,160,362.96,120,363.0,480,363.41,80,363.42,120,,,,,,,,,,
2026-01-16 09:34:45,362.815,362.75,2,362.75,120,362.88,160,362.88,362.75,362.75,120,362.55,120,362.52,120,362.41,400,362.34,360,362.1,200,361.61,120,361.55,320,361.53,40,361.43,320,362.88,160,362.96,120,363.0,480,363.41,80,363.42,120,,,,,,,,,,
2026-01-16 09:34:46,362.815,362.75,2,362.75,120,362.88,280,362.88,362.75,362.75,120,362.55,120,362.52,120,362.41,400,362.34,360,362.1,200,361.61,120,361.55,320,361.53,40,361.43,320,362.88,280,362.96,120,363.0,480,363.41,80,363.42,120,,,,,,,,,,
2026-01-16 09:34:47,362.815,362.75,2,362.75,120,362.88,280,362.88,362.75,362.75,120,362.55,120,362.52,120,362.41,400,362.34,360,362.1,200,361.61,120,361.55,320,361.53,40,361.43,320,362.88,280,362.96,120,363.0,480,363.41,80,363.42,120,,,,,,,,,,
2026-01-16 09:34:48,363.05,362.92,1,362.88,120,363.22,80,363.22,362.88,362.88,120,362.75,160,362.55,120,362.52,120,362.41,400,362.34,360,362.1,200,361.61,120,361.55,320,361.53,40,363.22,80,363.41,80,363.42,120,,,,,,,,,,,,,,
2026-01-16 09:34:49,363.05,362.92,1,362.88,40,363.22,80,363.22,362.88,362.88,40,362.75,160,362.55,120,362.52,120,362.41,400,362.34,360,362.1,200,361.61,120,361.55,320,361.53,40,363.22,80,363.41,80,363.42,120,,,,,,,,,,,,,,
2026-01-16 09:34:50,363.05,363.05,1,362.88,40,363.22,80,363.22,362.88,362.88,40,362.75,160,362.55,120,362.52,120,362.41,400,362.34,360,362.1,200,361.61,120,361.55,320,361.53,40,363.22,80,363.41,80,363.42,120,,,,,,,,,,,,,,
2026-01-16 09:34:51,363.05,363.05,1,362.88,40,363.22,80,363.22,362.88,362.88,40,362.75,160,362.55,120,362.52,120,362.41,400,362.34,360,362.1,200,361.61,120,361.55,320,361.53,40,363.22,80,363.41,80,363.42,120,,,,,,,,,,,,,,
2026-01-16 09:34:52,363.05,363.05,1,362.88,80,363.22,80,363.22,362.88,362.88,80,362.75,160,362.55,120,362.52,120,362.41,400,362.34,360,362.1,200,361.61,120,361.55,320,361.53,40,363.22,80,363.41,80,363.42,120,,,,,,,,,,,,,,
2026-01-16 09:34:53,363.05,363.05,1,362.88,80,363.22,80,363.22,362.88,362.88,80,362.75,160,362.55,120,362.52,120,362.41,400,362.34,360,362.1,200,361.61,120,361.55,320,361.53,40,363.22,80,363.41,80,363.42,120,,,,,,,,,,,,,,
2026-01-16 09:34:54,363.05,363.05,1,362.88,80,363.22,80,363.22,362.88,362.88,80,362.75,160,362.55,120,362.52,120,362.41,400,362.34,360,362.1,200,361.61,120,361.55,320,361.53,40,363.22,80,363.41,80,363.42,120,,,,,,,,,,,,,,
2026-01-16 09:34:55,363.05,363.05,1,362.88,80,363.22,80,363.22,362.88,362.88,80,362.75,160,362.55,120,362.52,120,362.41,400,362.34,360,362.1,200,361.61,120,361.55,320,361.53,40,363.22,80,363.41,80,363.42,120,,,,,,,,,,,,,,
2026-01-16 09:34:56,363.05,363.05,1,362.88,80,363.22,80,363.22,362.88,362.88,80,362.75,160,362.55,120,362.52,120,362.41,400,362.34,360,362.1,200,361.61,120,361.55,320,361.53,40,363.22,80,363.41,80,363.42,120,,,,,,,,,,,,,,
2026-01-16 09:34:57,363.05,363.05,1,362.88,80,363.22,80,363.22,362.88,362.88,80,362.75,160,362.55,120,362.52,120,362.41,400,362.34,360,362.1,200,361.61,120,361.55,320,361.53,40,363.22,80,363.41,80,363.42,120,,,,,,,,,,,,,,
2026-01-16 09:34:58,363.05,363.05,2,362.88,80,363.22,80,363.22,362.88,362.88,80,362.75,160,362.55,120,362.52,120,362.41,400,362.34,360,362.1,200,361.61,120,361.55,320,361.53,40,363.22,80,363.41,80,363.42,120,,,,,,,,,,,,,,
2026-01-16 09:34:59,363.265,363.22,1,363.11,40,363.42,120,363.42,363.11,363.11,40,363.01,160,362.88,80,362.75,160,362.55,120,362.52,120,362.41,400,362.34,360,362.1,200,361.61,120,363.42,120,,,,,,,,,,,,,,,,,,
2026-01-16 09:35:00,363.265,363.27,1,363.11,40,363.42,120,363.42,363.11,363.11,40,363.01,160,362.88,80,362.75,160,362.55,120,362.52,120,362.41,400,362.34,360,362.1,200,361.61,120,363.42,120,,,,,,,,,,,,,,,,,,
2026-01-16 09:35:01,363.265,363.27,1,363.11,400,363.42,120,363.42,363.11,363.11,400,363.01,160,362.88,80,362.75,160,362.55,120,362.52,120,362.41,400,362.34,360,362.1,200,361.61,120,363.42,120,,,,,,,,,,,,,,,,,,
2026-01-16 09:35:02,363.265,363.27,1,363.11,480,363.42,120,363.42,363.11,363.11,480,363.01,160,362.88,80,362.75,160,362.55,120,362.52,120,362.41,400,362.34,360,362.1,200,361.61,120,363.42,120,,,,,,,,,,,,,,,,,,
2026-01-16 09:35:03,363.425,363.5,1,363.23,240,363.62,240,363.62,363.23,363.23,240,363.11,480,363.01,160,362.88,80,362.75,160,362.55,120,362.52,120,362.41,400,362.34,360,362.1,200,363.62,240,,,,,,,,,,,,,,,,,,
2026-01-16 09:35:04,363.425,363.5,1,363.23,240,363.62,240,363.62,363.23,363.23,240,363.11,480,363.01,160,362.88,80,362.75,160,362.55,120,362.52,120,362.41,400,362.34,360,362.1,200,363.62,240,,,,,,,,,,,,,,,,,,
2026-01-16 09:35:05,363.425,363.43,3,363.23,400,363.62,240,363.62,363.23,363.23,400,363.11,480,363.01,160,362.88,80,362.75,160,362.55,120,362.52,120,362.41,400,362.34,360,362.1,200,363.62,240,,,,,,,,,,,,,,,,,,
2026-01-16 09:35:06,363.425,363.43,2,363.23,360,363.62,240,363.62,363.23,363.23,360,363.11,480,363.01,160,362.88,80,362.75,160,362.55,120,362.52,120,362.41,400,362.34,360,362.1,200,363.62,240,,,,,,,,,,,,,,,,,,
2026-01-16 09:35:07,363.425,363.43,2,363.23,320,363.62,80,363.62,363.23,363.23,320,363.11,480,363.01,160,362.88,80,362.75,160,362.55,120,362.52,120,362.41,400,362.34,360,362.1,200,363.62,80,363.76,3640,,,,,,,,,,,,,,,,
2026-01-16 09:35:08,363.425,363.43,2,363.23,360,363.62,80,363.62,363.23,363.23,360,363.11,480,363.01,160,362.88,80,362.75,160,362.55,120,362.52,120,362.41,400,362.34,360,362.1,200,363.62,80,363.76,3640,,,,,,,,,,,,,,,,
2026-01-16 09:35:09,363.405,363.43,2,363.24,80,363.57,40,363.57,363.24,363.24,80,363.23,360,363.11,480,363.01,160,362.88,80,362.75,160,362.55,120,362.52,120,362.41,400,362.34,360,363.57,40,363.62,80,363.76,3640,,,,,,,,,,,,,,
2026-01-16 09:35:10,363.405,363.43,2,363.24,80,363.57,40,363.57,363.24,363.24,80,363.23,360,363.11,480,363.01,160,362.88,80,362.75,160,362.55,120,362.52,120,362.41,400,362.34,360,363.57,40,363.62,80,363.76,3640,,,,,,,,,,,,,,
2026-01-16 09:35:11,363.405,363.43,2,363.24,200,363.57,40,363.57,363.24,363.24,200,363.23,360,363.11,480,363.01,160,362.88,80,362.75,160,362.55,120,362.52,120,362.41,400,362.34,360,363.57,40,363.62,80,363.76,3640,,,,,,,,,,,,,,
2026-01-16 09:35:12,363.42,363.43,2,363.27,40,363.57,40,363.57,363.27,363.27,40,363.26,40,363.25,40,363.24,240,363.23,360,363.11,480,363.01,160,362.88,80,362.75,160,362.55,120,363.57,40,363.62,80,363.76,3640,,,,,,,,,,,,,,
2026-01-16 09:35:13,363.42,363.43,2,363.27,120,363.57,120,363.57,363.27,363.27,120,363.26,40,363.25,40,363.24,240,363.23,360,363.11,480,363.01,160,362.88,80,362.75,160,362.55,120,363.57,120,363.62,80,363.76,3640,,,,,,,,,,,,,,
2026-01-16 09:35:14,363.42,363.43,2,363.27,120,363.57,120,363.57,363.27,363.27,120,363.26,40,363.25,40,363.24,240,363.23,360,363.11,480,363.01,160,362.88,80,362.75,160,362.55,120,363.57,120,363.62,80,363.76,3640,,,,,,,,,,,,,,
2026-01-16 09:35:15,362.85,362.82,2,362.62,40,363.08,120,363.08,362.62,362.62,40,362.58,120,362.55,120,362.52,120,362.41,400,362.34,360,362.1,200,361.61,120,361.55,320,361.53,40,363.08,120,363.26,80,363.33,80,363.5,200,363.57,120,363.62,80,363.76,3640,,,,,,
2026-01-16 09:35:16,362.85,362.82,2,362.62,40,363.08,120,363.08,362.62,362.62,40,362.58,120,362.55,120,362.52,120,362.41,400,362.34,360,362.1,200,361.61,120,361.55,320,361.53,40,363.08,120,363.26,80,363.33,80,363.5,200,363.57,120,363.62,80,363.76,3640,,,,,,
2026-01-16 09:35:17,362.845,362.82,2,362.62,80,363.07,40,363.07,362.62,362.62,80,362.58,120,362.55,120,362.52,120,362.41,400,362.34,360,362.1,200,361.61,120,361.55,320,361.53,40,363.07,40,363.08,120,363.26,80,363.33,80,363.5,200,363.57,120,363.62,80,363.76,3640,,,,
2026-01-16 09:35:18,362.845,362.82,2,362.62,80,363.07,40,363.07,362.62,362.62,80,362.58,120,362.55,120,362.52,120,362.41,400,362.34,360,362.1,200,361.61,120,361.55,320,361.53,40,363.07,40,363.08,120,363.26,80,363.33,80,363.5,200,363.57,120,363.62,80,363.76,3640,,,,
2026-01-16 09:35:19,362.845,362.82,2,362.62,80,363.07,40,363.07,362.62,362.62,80,362.58,120,362.55,120,362.52,120,362.41,400,362.34,360,362.1,200,361.61,120,361.55,320,361.53,40,363.07,40,363.08,120,363.26,80,363.33,80,363.5,200,363.57,120,363.62,80,363.76,3640,,,,
2026-01-16 09:35:20,362.845,362.82,2,362.62,160,363.07,80,363.07,362.62,362.62,160,362.58,120,362.55,120,362.52,120,362.41,400,362.34,360,362.1,200,361.61,120,361.55,320,361.53,40,363.07,80,363.08,120,363.26,80,363.33,80,363.5,200,363.57,120,363.62,80,363.76,3640,,,,
2026-01-16 09:35:21,362.845,362.82,2,362.62,160,363.07,120,363.07,362.62,362.62,160,362.58,120,362.55,120,362.52,120,362.41,400,362.34,360,362.1,200,361.61,120,361.55,320,361.53,40,363.07,120,363.08,120,363.26,80,363.33,80,363.5,200,363.57,120,363.62,80,363.76,3640,,,,
2026-01-16 09:35:22,363.13,363.16,1,362.84,80,363.42,120,363.42,362.84,362.84,80,362.73,80,362.62,160,362.58,120,362.55,120,362.52,120,362.41,400,362.34,360,362.1,200,361.61,120,363.42,120,363.76,3640,,,,,,,,,,,,,,,,
2026-01-16 09:35:23,363.13,363.07,1,362.84,80,363.42,120,363.42,362.84,362.84,80,362.73,80,362.62,160,362.58,120,362.55,120,362.52,120,362.41,400,362.34,360,362.1,200,361.61,120,363.42,120,363.76,3640,,,,,,,,,,,,,,,,
2026-01-16 09:35:24,363.13,363.07,1,362.84,80,363.42,120,363.42,362.84,362.84,80,362.73,80,362.62,160,362.58,120,362.55,120,362.52,120,362.41,400,362.34,360,362.1,200,361.61,120,363.42,120,363.76,3640,,,,,,,,,,,,,,,,
2026-01-16 09:35:25,363.215,362.99,5,362.84,80,363.59,120,363.59,362.84,362.84,80,362.73,80,362.62,160,362.58,120,362.55,120,362.52,120,362.41,400,362.34,360,362.1,200,361.61,120,363.59,120,363.76,3640,,,,,,,,,,,,,,,,
2026-01-16 09:35:26,363.13,362.99,5,362.84,200,363.42,40,363.42,362.84,362.84,200,362.73,80,362.62,160,362.58,120,362.55,120,362.52,120,362.41,400,362.34,360,362.1,200,361.61,120,363.42,40,363.59,120,363.76,3640,,,,,,,,,,,,,,
2026-01-16 09:35:27,363.215,362.99,5,362.84,200,363.59,120,363.59,362.84,362.84,200,362.73,80,362.62,160,362.58,120,362.55,120,362.52,120,362.41,400,362.34,360,362.1,200,361.61,120,363.59,120,363.76,3640,,,,,,,,,,,,,,,,
2026-01-16 09:35:28,363.17,362.99,5,362.84,200,363.5,280,363.5,362.84,362.84,200,362.73,80,362.62,160,362.58,120,362.55,120,362.52,120,362.41,400,362.34,360,362.1,200,361.61,120,363.5,280,363.59,120,363.76,3640,,,,,,,,,,,,,,
2026-01-16 09:35:29,363.17,362.99,5,362.84,200,363.5,280,363.5,362.84,362.84,200,362.73,80,362.62,160,362.58,120,362.55,120,362.52,120,362.41,400,362.34,360,362.1,200,361.61,120,363.5,280,363.59,120,363.76,3640,,,,,,,,,,,,,,
2026-01-16 09:35:30,362.455,362.64,1,362.19,40,362.72,40,362.72,362.19,362.19,40,362.1,200,361.61,120,361.55,320,361.53,40,361.43,320,361.34,80,361.16,80,361.15,40,361.03,80,362.72,40,362.89,40,362.99,40,363.0,80,363.07,80,363.14,40,363.17,200,363.42,40,363.5,280,363.59,120
2026-01-16 09:35:31,362.545,362.64,1,362.24,80,362.85,120,362.85,362.24,362.24,80,362.2,120,362.16,120,362.04,40,362.03,360,361.61,120,361.55,320,361.53,40,361.43,320,361.34,80,362.85,120,362.89,40,362.99,40,363.0,80,363.07,80,363.14,40,363.17,200,363.42,40,363.5,280,363.59,120
2026-01-16 09:35:32,362.545,362.64,1,362.24,80,362.85,120,362.85,362.24,362.24,80,362.2,120,362.16,120,362.04,40,362.03,360,361.61,120,361.55,320,361.53,40,361.43,320,361.34,80,362.85,120,362.89,40,362.99,40,363.0,80,363.07,80,363.14,40,363.17,200,363.42,40,363.5,280,363.59,120
2026-01-16 09:35:33,362.685,362.64,1,362.2,400,363.17,200,363.17,362.2,362.2,400,362.19,120,362.16,120,362.04,40,362.03,360,361.61,120,361.55,320,361.53,40,361.43,320,361.34,80,363.17,200,363.42,40,363.5,280,363.59,120,363.76,3640,,,,,,,,,,
2026-01-16 09:35:34,362.61,362.64,1,362.2,400,363.02,40,363.02,362.2,362.2,400,362.19,120,362.16,120,362.04,40,362.03,360,361.61,120,361.55,320,361.53,40,361.43,320,361.34,80,363.02,40,363.17,200,363.42,40,363.5,280,363.59,120,363.76,3640,,,,,,,,
2026-01-16 09:35:35,362.61,362.64,1,362.2,400,363.02,40,363.02,362.2,362.2,400,362.19,120,362.16,120,362.04,40,362.03,360,361.61,120,361.55,320,361.53,40,361.43,320,361.34,80,363.02,40,363.17,200,363.42,40,363.5,280,363.59,120,363.76,3640,,,,,,,,
2026-01-16 09:35:36,362.68,362.94,2,362.19,120,363.17,200,363.17,362.19,362.19,120,362.16,120,362.04,40,362.03,360,361.61,120,361.55,320,361.53,40,361.43,320,361.34,80,361.16,80,363.17,200,363.42,40,363.5,280,363.59,120,363.76,3640,,,,,,,,,,
2026-01-16 09:35:37,362.68,362.65,1,362.19,120,363.17,200,363.17,362.19,362.19,120,362.16,120,362.04,40,362.03,360,361.61,120,361.55,320,361.53,40,361.43,320,361.34,80,361.16,80,363.17,200,363.42,40,363.5,280,363.59,120,363.76,3640,,,,,,,,,,
2026-01-16 09:35:38,362.68,362.65,1,362.19,120,363.17,200,363.17,362.19,362.19,120,362.16,120,362.04,40,362.03,360,361.61,120,361.55,320,361.53,40,361.43,320,361.34,80,361.16,80,363.17,200,363.42,40,363.5,280,363.59,120,363.76,3640,,,,,,,,,,
2026-01-16 09:35:39,362.68,362.65,1,362.19,120,363.17,200,363.17,362.19,362.19,120,362.16,120,362.04,40,362.03,360,361.61,120,361.55,320,361.53,40,361.43,320,361.34,80,361.16,80,363.17,200,363.42,40,363.5,280,363.59,120,363.76,3640,,,,,,,,,,
2026-01-16 09:35:40,362.68,362.65,1,362.19,120,363.17,200,363.17,362.19,362.19,120,362.16,120,362.04,40,362.03,360,361.61,120,361.55,320,361.53,40,361.43,320,361.34,80,361.16,80,363.17,200,363.42,40,363.5,280,363.59,120,363.76,3640,,,,,,,,,,
2026-01-16 09:35:41,362.68,362.65,1,362.19,120,363.17,200,363.17,362.19,362.19,120,362.16,120,362.04,40,362.03,360,361.61,120,361.55,320,361.53,40,361.43,320,361.34,80,361.16,80,363.17,200,363.42,40,363.5,280,363.59,120,363.76,3640,,,,,,,,,,
2026-01-16 09:35:42,362.68,362.46,1,362.19,120,363.17,200,363.17,362.19,362.19,120,362.16,120,362.04,40,362.03,360,361.61,120,361.55,320,361.53,40,361.43,320,361.34,80,361.16,80,363.17,200,363.42,40,363.5,280,363.59,120,363.76,3640,,,,,,,,,,
2026-01-16 09:35:43,362.605,362.46,1,362.19,120,363.02,120,363.02,362.19,362.19,120,362.16,120,362.04,40,362.03,360,361.61,120,361.55,320,361.53,40,361.43,320,361.34,80,361.16,80,363.02,120,363.17,200,363.42,40,363.5,280,363.59,120,363.76,3640,,,,,,,,
2026-01-16 09:35:44,362.605,362.46,1,362.19,120,363.02,120,363.02,362.19,362.19,120,362.16,120,362.04,40,362.03,360,361.61,120,361.55,320,361.53,40,361.43,320,361.34,80,361.16,80,363.02,120,363.17,200,363.42,40,363.5,280,363.59,120,363.76,3640,,,,,,,,
2026-01-16 09:35:45,362.605,362.61,1,362.19,120,363.02,120,363.02,362.19,362.19,120,362.16,120,362.04,40,362.03,360,361.61,120,361.55,320,361.53,40,361.43,320,361.34,80,361.16,80,363.02,120,363.17,200,363.42,40,363.5,280,363.59,120,363.76,3640,,,,,,,,
2026-01-16 09:35:46,362.825,362.61,1,362.46,80,363.19,120,363.19,362.46,362.46,80,362.19,120,362.16,120,362.04,40,362.03,360,361.61,120,361.55,320,361.53,40,361.43,320,361.34,80,363.19,120,363.42,40,363.5,280,363.59,120,363.76,3640,,,,,,,,,,
2026-01-16 09:35:47,363.115,362.61,1,362.87,40,363.36,120,363.36,362.87,362.87,40,362.65,120,362.46,80,362.19,120,362.16,120,362.04,40,362.03,360,361.61,120,361.55,320,361.53,40,363.36,120,363.42,40,363.5,280,363.59,120,363.76,3640,,,,,,,,,,
2026-01-16 09:35:48,363.115,362.61,1,362.87,40,363.36,120,363.36,362.87,362.87,40,362.65,120,362.46,80,362.19,120,362.16,120,362.04,40,362.03,360,361.61,120,361.55,320,361.53,40,363.36,120,363.42,40,363.5,280,363.59,120,363.76,3640,,,,,,,,,,
2026-01-16 09:35:49,363.115,362.61,1,362.87,40,363.36,120,363.36,362.87,362.87,40,362.65,120,362.46,80,362.19,120,362.16,120,362.04,40,362.03,360,361.61,120,361.55,320,361.53,40,363.36,120,363.42,40,363.5,280,363.59,120,363.76,3640,,,,,,,,,,
2026-01-16 09:35:50,363.185,362.61,1,362.87,40,363.5,320,363.5,362.87,362.87,40,362.65,120,362.46,80,362.19,120,362.16,120,362.04,40,362.03,360,361.61,120,361.55,320,361.53,40,363.5,320,363.59,120,363.76,3640,,,,,,,,,,,,,,
2026-01-16 09:35:51,363.185,362.61,1,362.87,80,363.5,280,363.5,362.87,362.87,80,362.65,120,362.46,80,362.19,120,362.16,120,362.04,40,362.03,360,361.61,120,361.55,320,361.53,40,363.5,280,363.59,120,363.76,3640,,,,,,,,,,,,,,
2026-01-16 09:35:52,363.185,362.61,1,362.87,80,363.5,280,363.5,362.87,362.87,80,362.65,120,362.46,80,362.19,120,362.16,120,362.04,40,362.03,360,361.61,120,361.55,320,361.53,40,363.5,280,363.59,120,363.76,3640,,,,,,,,,,,,,,
2026-01-16 09:35:53,363.215,362.61,1,362.93,120,363.5,280,363.5,362.93,362.93,120,362.87,80,362.65,120,362.46,80,362.19,120,362.16,120,362.04,40,362.03,360,361.61,120,361.55,320,363.5,280,363.59,120,363.76,3640,,,,,,,,,,,,,,
2026-01-16 09:35:54,363.215,363.22,2,362.93,120,363.5,280,363.5,362.93,362.93,120,362.87,80,362.65,120,362.46,80,362.19,120,362.16,120,362.04,40,362.03,360,361.61,120,361.55,320,363.5,280,363.59,120,363.76,3640,,,,,,,,,,,,,,
2026-01-16 09:35:55,363.215,363.22,2,362.93,200,363.5,280,363.5,362.93,362.93,200,362.87,80,362.65,120,362.46,80,362.19,120,362.16,120,362.04,40,362.03,360,361.61,120,361.55,320,363.5,280,363.59,120,363.76,3640,,,,,,,,,,,,,,
2026-01-16 09:35:56,363.215,363.22,2,362.93,200,363.5,280,363.5,362.93,362.93,200,362.87,80,362.65,120,362.46,80,362.19,120,362.16,120,362.04,40,362.03,360,361.61,120,361.55,320,363.5,280,363.59,120,363.76,3640,,,,,,,,,,,,,,
2026-01-16 09:35:57,363.215,363.22,2,362.93,200,363.5,280,363.5,362.93,362.93,200,362.87,80,362.65,120,362.46,80,362.19,120,362.16,120,362.04,40,362.03,360,361.61,120,361.55,320,363.5,280,363.59,120,363.76,3640,,,,,,,,,,,,,,
2026-01-16 09:35:58,363.09,363.22,1,362.96,40,363.22,80,363.22,362.96,362.96,40,362.95,40,362.94,40,362.93,280,362.87,80,362.65,120,362.46,80,362.19,120,362.16,120,362.04,40,363.22,80,363.5,280,363.59,120,363.76,3640,,,,,,,,,,,,
2026-01-16 09:35:59,363.095,363.22,1,362.97,40,363.22,80,363.22,362.97,362.97,40,362.96,40,362.95,40,362.94,40,362.93,280,362.87,80,362.65,120,362.46,80,362.19,120,362.16,120,363.22,80,363.5,280,363.59,120,363.76,3640,,,,,,,,,,,,
2026-01-16 09:36:00,363.095,363.22,1,362.97,40,363.22,80,363.22,362.97,362.97,40,362.96,40,362.95,40,362.94,40,362.93,280,362.87,80,362.65,120,362.46,80,362.19,120,362.16,120,363.22,80,363.5,280,363.59,120,363.76,3640,,,,,,,,,,,,
2026-01-16 09:36:01,362.79,362.88,1,362.59,280,362.99,40,362.99,362.59,362.59,280,362.46,80,362.19,120,362.16,120,362.04,40,362.03,360,361.61,120,361.55,320,361.53,40,361.43,320,362.99,40,363.01,40,363.09,40,363.1,80,363.22,80,363.5,280,363.59,120,363.76,3640,,,,
2026-01-16 09:36:02,362.79,362.88,1,362.59,280,362.99,40,362.99,362.59,362.59,280,362.46,80,362.19,120,362.16,120,362.04,40,362.03,360,361.61,120,361.55,320,361.53,40,361.43,320,362.99,40,363.01,40,363.09,40,363.1,80,363.22,80,363.5,280,363.59,120,363.76,3640,,,,
2026-01-16 09:36:03,362.9,362.88,1,362.72,120,363.08,80,363.08,362.72,362.72,120,362.59,240,362.46,80,362.19,120,362.16,120,362.04,40,362.03,360,361.61,120,361.55,320,361.53,40,363.08,80,363.22,80,363.5,280,363.59,120,363.76,3640,,,,,,,,,,
2026-01-16 09:36:04,362.9,362.88,1,362.72,120,363.08,80,363.08,362.72,362.72,120,362.59,240,362.46,80,362.19,120,362.16,120,362.04,40,362.03,360,361.61,120,361.55,320,361.53,40,363.08,80,363.22,80,363.5,280,363.59,120,363.76,3640,,,,,,,,,,
2026-01-16 09:36:05,362.905,362.88,1,362.73,120,363.08,80,363.08,362.73,362.73,120,362.72,120,362.59,240,362.46,80,362.19,120,362.16,120,362.04,40,362.03,360,361.61,120,361.55,320,363.08,80,363.22,80,363.5,280,363.59,120,363.76,3640,,,,,,,,,,
2026-01-16 09:36:06,362.97,362.88,1,362.86,120,363.08,80,363.08,362.86,362.86,120,362.73,40,362.72,120,362.59,240,362.46,80,362.19,120,362.16,120,362.04,40,362.03,360,361.61,120,363.08,80,363.22,80,363.5,280,363.59,120,363.76,3640,,,,,,,,,,
2026-01-16 09:36:07,362.97,362.88,1,362.86,120,363.08,80,363.08,362.86,362.86,120,362.73,40,362.72,120,362.59,240,362.46,80,362.19,120,362.16,120,362.04,40,362.03,360,361.61,120,363.08,80,363.22,80,363.5,280,363.59,120,363.76,3640,,,,,,,,,,
2026-01-16 09:36:08,362.97,362.88,1,362.86,120,363.08,80,363.08,362.86,362.86,120,362.73,40,362.72,120,362.59,240,362.46,80,362.19,120,362.16,120,362.04,40,362.03,360,361.61,120,363.08,80,363.22,80,363.5,280,363.59,120,363.76,3640,,,,,,,,,,
2026-01-16 09:36:09,362.97,362.88,1,362.86,120,363.08,80,363.08,362.86,362.86,120,362.73,40,362.72,120,362.59,240,362.46,80,362.19,120,362.16,120,362.04,40,362.03,360,361.61,120,363.08,80,363.22,80,363.5,280,363.59,120,363.76,3640,,,,,,,,,,
2026-01-16 09:36:10,362.97,362.88,1,362.86,80,363.08,80,363.08,362.86,362.86,80,362.73,40,362.72,120,362.59,240,362.46,80,362.19,120,362.16,120,362.04,40,362.03,360,361.61,120,363.08,80,363.22,80,363.5,280,363.59,120,363.76,3640,,,,,,,,,,
2026-01-16 09:36:11,362.97,362.88,1,362.86,80,363.08,80,363.08,362.86,362.86,80,362.73,40,362.72,120,362.59,240,362.46,80,362.19,120,362.16,120,362.04,40,362.03,360,361.61,120,363.08,80,363.22,80,363.5,280,363.59,120,363.76,3640,,,,,,,,,,
2026-01-16 09:36:12,362.97,362.88,1,362.86,80,363.08,80,363.08,362.86,362.86,80,362.73,40,362.72,120,362.59,240,362.46,80,362.19,120,362.16,120,362.04,40,362.03,360,361.61,120,363.08,80,363.22,80,363.5,280,363.59,120,363.76,3640,,,,,,,,,,
2026-01-16 09:36:13,362.97,362.88,1,362.86,80,363.08,80,363.08,362.86,362.86,80,362.73,40,362.72,120,362.59,240,362.46,80,362.19,120,362.16,120,362.04,40,362.03,360,361.61,120,363.08,80,363.22,80,363.5,280,363.59,120,363.76,3640,,,,,,,,,,
2026-01-16 09:36:14,362.97,362.97,1,362.86,80,363.08,80,363.08,362.86,362.86,80,362.73,40,362.72,120,362.59,240,362.46,80,362.19,120,362.16,120,362.04,40,362.03,360,361.61,120,363.08,80,363.22,80,363.5,280,363.59,120,363.76,3640,,,,,,,,,,
2026-01-16 09:36:15,362.855,362.87,1,362.57,40,363.14,120,363.14,362.57,362.57,40,362.56,80,362.46,80,362.19,120,362.16,120,362.04,40,362.03,360,361.61,120,361.55,320,361.53,40,363.14,120,363.33,120,363.5,280,363.59,120,363.76,3640,,,,,,,,,,
2026-01-16 09:36:16,363.005,362.95,1,362.79,120,363.22,40,363.22,362.79,362.79,120,362.62,120,362.57,240,362.56,80,362.46,80,362.19,120,362.16,120,362.04,40,362.03,360,361.61,120,363.22,40,363.33,120,363.5,280,363.59,120,363.76,3640,,,,,,,,,,
2026-01-16 09:36:17,362.9,362.9,1,362.79,120,363.01,120,363.01,362.79,362.79,120,362.62,120,362.57,240,362.56,80,362.46,80,362.19,120,362.16,120,362.04,40,362.03,360,361.61,120,363.01,120,363.22,40,363.33,120,363.5,280,363.59,120,363.76,3640,,,,,,,,
2026-01-16 09:36:18,362.865,362.9,1,362.79,120,362.94,120,362.94,362.79,362.79,120,362.62,120,362.57,240,362.56,80,362.46,80,362.19,120,362.16,120,362.04,40,362.03,360,361.61,120,362.94,120,363.01,120,363.22,40,363.33,120,363.5,280,363.59,120,363.76,3640,,,,,,
2026-01-16 09:36:19,362.865,362.87,1,362.79,120,362.94,120,362.94,362.79,362.79,120,362.62,120,362.57,240,362.56,80,362.46,80,362.19,120,362.16,120,362.04,40,362.03,360,361.61,120,362.94,120,363.01,120,363.22,40,363.33,120,363.5,280,363.59,120,363.76,3640,,,,,,
2026-01-16 09:36:20,362.9,362.87,1,362.79,120,363.01,120,363.01,362.79,362.79,120,362.62,120,362.57,240,362.56,80,362.46,80,362.19,120,362.16,120,362.04,40,362.03,360,361.61,120,363.01,120,363.22,40,363.33,120,363.5,280,363.59,120,363.76,3640,,,,,,,,
2026-01-16 09:36:21,362.895,362.87,1,362.79,120,363.0,200,363.0,362.79,362.79,120,362.62,120,362.57,240,362.56,80,362.46,80,362.19,120,362.16,120,362.04,40,362.03,360,361.61,120,363.0,200,363.01,120,363.22,40,363.33,120,363.5,280,363.59,120,363.76,3640,,,,,,
2026-01-16 09:36:22,363.015,363.02,3,362.81,160,363.22,80,363.22,362.81,362.81,160,362.71,80,362.62,120,362.57,240,362.56,80,362.46,80,362.19,120,362.16,120,362.04,40,362.03,360,363.22,80,363.33,120,363.5,280,363.59,120,363.76,3640,,,,,,,,,,
2026-01-16 09:36:23,362.92,363.02,3,362.82,40,363.02,80,363.02,362.82,362.82,40,362.81,120,362.71,80,362.62,120,362.57,240,362.56,80,362.46,80,362.19,120,362.16,120,362.04,40,363.02,80,363.22,80,363.33,120,363.5,280,363.59,120,363.76,3640,,,,,,,,
2026-01-16 09:36:25,362.915,362.92,1,362.82,240,363.01,80,363.01,362.82,362.82,240,362.81,120,362.71,80,362.62,120,362.57,240,362.56,80,362.46,80,362.19,120,362.16,120,362.04,40,363.01,80,363.07,200,363.22,120,363.33,120,363.5,280,363.59,120,363.76,3640,,,,,,
2026-01-16 09:36:26,362.915,362.92,1,362.82,240,363.01,80,363.01,362.82,362.82,240,362.81,120,362.71,80,362.62,120,362.57,240,362.56,80,362.46,80,362.19,120,362.16,120,362.04,40,363.01,80,363.07,200,363.22,120,363.33,120,363.5,280,363.59,120,363.76,3640,,,,,,
2026-01-16 09:36:27,362.96,363.07,3,362.82,240,363.1,80,363.1,362.82,362.82,240,362.81,120,362.71,80,362.62,120,362.57,240,362.56,80,362.46,80,362.19,120,362.16,120,362.04,40,363.1,80,363.22,120,363.33,120,363.5,280,363.59,120,363.76,3640,,,,,,,,
2026-01-16 09:36:28,363.02,363.07,1,362.82,240,363.22,120,363.22,362.82,362.82,240,362.81,120,362.71,80,362.62,120,362.57,240,362.56,80,362.46,80,362.19,120,362.16,120,362.04,40,363.22,120,363.33,120,363.5,280,363.59,120,363.76,3640,,,,,,,,,,
2026-01-16 09:36:29,362.945,363.07,1,362.82,40,363.07,120,363.07,362.82,362.82,40,362.79,40,362.71,80,362.62,120,362.57,240,362.56,80,362.46,80,362.19,120,362.16,120,362.04,40,363.07,120,363.22,120,363.33,120,363.5,280,363.59,120,363.76,3640,,,,,,,,
2026-01-16 09:36:30,363.02,363.07,1,362.82,40,363.22,120,363.22,362.82,362.82,40,362.79,40,362.71,80,362.62,120,362.57,240,362.56,80,362.46,80,362.19,120,362.16,120,362.04,40,363.22,120,363.33,120,363.5,280,363.59,120,363.76,3640,,,,,,,,,,
2026-01-16 09:36:31,363.025,363.07,1,362.83,40,363.22,160,363.22,362.83,362.83,40,362.82,40,362.79,40,362.71,80,362.62,120,362.57,240,362.56,80,362.46,80,362.19,120,362.16,120,363.22,160,363.33,120,363.5,280,363.59,120,363.76,3640,,,,,,,,,,
2026-01-16 09:36:32,362.925,362.93,1,362.83,40,363.02,120,363.02,362.83,362.83,40,362.82,40,362.79,40,362.71,80,362.62,120,362.57,240,362.56,80,362.46,80,362.19,120,362.16,120,363.02,120,363.22,160,363.33,120,363.5,280,363.59,120,363.76,3640,,,,,,,,
2026-01-16 09:36:33,362.925,362.93,1,362.83,40,363.02,120,363.02,362.83,362.83,40,362.82,40,362.79,40,362.71,80,362.62,120,362.57,240,362.56,80,362.46,80,362.19,120,362.16,120,363.02,120,363.22,160,363.33,120,363.5,280,363.59,120,363.76,3640,,,,,,,,
2026-01-16 09:36:34,362.925,362.93,1,362.83,40,363.02,120,363.02,362.83,362.83,40,362.82,40,362.79,40,362.71,80,362.62,120,362.57,240,362.56,80,362.46,80,362.19,120,362.16,120,363.02,120,363.22,160,363.33,120,363.5,280,363.59,120,363.76,3640,,,,,,,,
2026-01-16 09:36:35,362.925,362.83,1,362.83,40,363.02,240,363.02,362.83,362.83,40,362.82,40,362.79,40,362.71,80,362.62,120,362.57,240,362.56,80,362.46,80,362.19,120,362.16,120,363.02,240,363.22,160,363.33,120,363.5,280,363.59,120,363.76,3640,,,,,,,,
2026-01-16 09:36:36,362.9,362.83,1,362.78,120,363.02,240,363.02,362.78,362.78,120,362.71,80,362.62,120,362.57,240,362.56,80,362.46,80,362.19,120,362.16,120,362.04,40,362.03,360,363.02,240,363.22,160,363.33,120,363.5,280,363.59,120,363.76,3640,,,,,,,,
2026-01-16 09:36:37,362.9,362.83,1,362.78,120,363.02,240,363.02,362.78,362.78,120,362.71,80,362.62,120,362.57,240,362.56,80,362.46,80,362.19,120,362.16,120,362.04,40,362.03,360,363.02,240,363.22,160,363.33,120,363.5,280,363.59,120,363.76,3640,,,,,,,,
2026-01-16 09:36:38,362.9,362.83,1,362.78,120,363.02,240,363.02,362.78,362.78,120,362.71,80,362.62,120,362.57,240,362.56,80,362.46,80,362.19,120,362.16,120,362.04,40,362.03,360,363.02,240,363.22,160,363.33,120,363.5,280,363.59,120,363.76,3640,,,,,,,,
2026-01-16 09:36:39,362.85,362.83,1,362.78,120,362.92,80,362.92,362.78,362.78,120,362.71,80,362.62,120,362.57,240,362.56,80,362.46,80,362.19,120,362.16,120,362.04,40,362.03,360,362.92,80,363.02,240,363.22,160,363.33,120,363.5,280,363.59,120,363.76,3640,,,,,,
2026-01-16 09:36:40,362.85,362.92,2,362.78,120,362.92,200,362.92,362.78,362.78,120,362.71,80,362.62,120,362.57,240,362.56,80,362.46,80,362.19,120,362.16,120,362.04,40,362.03,360,362.92,200,363.02,240,363.22,160,363.33,120,363.5,280,363.59,120,363.76,3640,,,,,,
2026-01-16 09:36:41,362.85,362.88,1,362.78,120,362.92,200,362.92,362.78,362.78,120,362.71,80,362.62,120,362.57,240,362.56,80,362.46,80,362.19,120,362.16,120,362.04,40,362.03,360,362.92,200,363.02,240,363.22,160,363.33,120,363.5,280,363.59,120,363.76,3640,,,,,,
2026-01-16 09:36:42,362.425,362.78,1,362.16,480,362.69,40,362.69,362.16,362.16,480,362.02,160,361.61,120,361.55,320,361.53,40,361.43,320,361.34,80,361.16,80,361.15,40,361.03,80,362.69,40,362.73,120,362.85,40,362.87,80,362.9,40,362.96,80,363.02,160,363.22,160,363.33,120,363.5,280
2026-01-16 09:36:43,362.425,362.78,1,362.16,480,362.69,40,362.69,362.16,362.16,480,362.02,160,361.61,120,361.55,320,361.53,40,361.43,320,361.34,80,361.16,80,361.15,40,361.03,80,362.69,40,362.73,120,362.85,40,362.87,80,362.9,40,362.96,80,363.02,160,363.22,160,363.33,120,363.5,280
2026-01-16 09:36:44,362.425,362.78,1,362.16,480,362.69,40,362.69,362.16,362.16,480,362.02,160,361.61,120,361.55,320,361.53,40,361.43,320,361.34,80,361.16,80,361.15,40,361.03,80,362.69,40,362.73,120,362.85,40,362.87,80,362.9,40,362.96,80,363.02,160,363.22,160,363.33,120,363.5,280
2026-01-16 09:36:45,362.425,362.43,1,362.16,480,362.69,40,362.69,362.16,362.16,480,362.02,160,361.61,120,361.55,320,361.53,40,361.43,320,361.34,80,361.16,80,361.15,40,361.03,80,362.69,40,362.73,120,362.85,40,362.87,80,362.9,40,362.96,80,363.02,160,363.22,160,363.33,120,363.5,280
2026-01-16 09:36:46,362.425,362.43,1,362.16,480,362.69,40,362.69,362.16,362.16,480,362.02,160,361.61,120,361.55,320,361.53,40,361.43,320,361.34,80,361.16,80,361.15,40,361.03,80,362.69,40,362.73,120,362.85,40,362.87,80,362.9,40,362.96,80,363.02,160,363.22,160,363.33,120,363.5,280
2026-01-16 09:36:47,362.425,362.43,1,362.16,480,362.69,80,362.69,362.16,362.16,480,362.02,160,361.61,120,361.55,320,361.53,40,361.43,320,361.34,80,361.16,80,361.15,40,361.03,80,362.69,80,362.73,120,362.85,40,362.87,80,362.9,40,362.96,80,363.02,160,363.22,160,363.33,120,363.5,280
2026-01-16 09:36:48,362.425,362.43,1,362.16,480,362.69,80,362.69,362.16,362.16,480,362.02,160,361.61,120,361.55,320,361.53,40,361.43,320,361.34,80,361.16,80,361.15,40,361.03,80,362.69,80,362.73,120,362.85,40,362.87,80,362.9,40,362.96,80,363.02,160,363.22,160,363.33,120,363.5,280
2026-01-16 09:36:49,362.425,362.43,1,362.16,600,362.69,80,362.69,362.16,362.16,600,362.02,160,361.61,120,361.55,320,361.53,40,361.43,320,361.34,80,361.16,80,361.15,40,361.03,80,362.69,80,362.73,120,362.85,40,362.87,80,362.9,40,362.96,80,363.02,160,363.22,160,363.33,120,363.5,280
2026-01-16 09:36:50,362.425,362.43,1,362.16,600,362.69,80,362.69,362.16,362.16,600,362.02,160,361.61,120,361.55,320,361.53,40,361.43,320,361.34,80,361.16,80,361.15,40,361.03,80,362.69,80,362.73,120,362.85,40,362.87,80,362.9,40,362.96,80,363.02,160,363.22,160,363.33,120,363.5,280
2026-01-16 09:36:51,362.425,362.43,1,362.16,600,362.69,80,362.69,362.16,362.16,600,362.02,160,361.61,120,361.55,320,361.53,40,361.43,320,361.34,80,361.16,80,361.15,40,361.03,80,362.69,80,362.73,120,362.85,40,362.87,80,362.9,40,362.96,80,363.02,160,363.22,160,363.33,120,363.5,280
2026-01-16 09:36:52,362.405,362.43,1,362.13,40,362.68,80,362.68,362.13,362.13,40,362.02,160,361.61,120,361.55,320,361.53,40,361.43,320,361.34,80,361.16,80,361.15,40,361.03,80,362.68,80,362.69,80,362.73,120,362.85,40,362.87,80,362.9,40,362.96,80,363.02,160,363.22,160,363.33,120
2026-01-16 09:36:53,362.405,362.43,1,362.13,40,362.68,80,362.68,362.13,362.13,40,362.02,160,361.61,120,361.55,320,361.53,40,361.43,320,361.34,80,361.16,80,361.15,40,361.03,80,362.68,80,362.69,80,362.73,120,362.85,40,362.87,80,362.9,40,362.96,80,363.02,160,363.22,160,363.33,120
2026-01-16 09:36:54,362.405,362.43,1,362.13,40,362.68,160,362.68,362.13,362.13,40,362.02,160,361.61,120,361.55,320,361.53,40,361.43,320,361.34,80,361.16,80,361.15,40,361.03,80,362.68,160,362.69,80,362.73,120,362.85,40,362.87,80,362.9,40,362.96,80,363.02,160,363.22,160,363.33,120
2026-01-16 09:36:55,361.99,362.09,1,361.8,40,362.18,40,362.18,361.8,361.8,40,361.61,120,361.55,320,361.53,40,361.43,320,361.34,80,361.16,80,361.15,40,361.03,80,360.91,80,362.18,40,362.27,40,362.32,80,362.45,40,362.46,40,362.68,160,362.69,80,362.73,120,362.85,40,362.87,80
2026-01-16 09:36:56,361.865,361.99,101,361.55,40,362.18,80,362.18,361.55,361.55,40,361.46,120,361.43,320,361.34,80,361.16,80,361.15,40,361.03,80,360.91,80,360.83,120,360.66,1000,362.18,80,362.27,40,362.32,80,362.45,40,362.46,40,362.68,160,362.69,80,362.73,120,362.85,40,362.87,80
2026-01-16 09:36:57,362.185,362.16,1,361.69,120,362.68,160,362.68,361.69,361.69,120,361.55,80,361.52,40,361.46,120,361.43,320,361.34,80,361.16,80,361.15,40,361.03,80,360.91,80,362.68,160,362.69,80,362.73,120,362.85,40,362.87,80,362.9,40,362.96,80,363.02,160,363.22,160,363.33,120
2026-01-16 09:36:58,362.275,362.16,1,361.87,40,362.68,160,362.68,361.87,361.87,40,361.69,120,361.55,80,361.52,40,361.46,120,361.43,320,361.34,80,361.16,80,361.15,40,361.03,80,362.68,160,362.69,80,362.73,120,362.85,40,362.87,80,362.9,40,362.96,80,363.02,160,363.22,160,363.33,120
2026-01-16 09:36:59,362.275,362.16,1,361.87,40,362.68,160,362.68,361.87,361.87,40,361.69,120,361.55,80,361.52,40,361.46,120,361.43,320,361.34,80,361.16,80,361.15,40,361.03,80,362.68,160,362.69,80,362.73,120,362.85,40,362.87,80,362.9,40,362.96,80,363.02,160,363.22,160,363.33,120
2026-01-16 09:37:00,362.275,362.16,1,361.87,200,362.68,160,362.68,361.87,361.87,200,361.69,120,361.55,80,361.52,40,361.46,120,361.43,320,361.34,80,361.16,80,361.15,40,361.03,80,362.68,160,362.69,80,362.73,120,362.85,40,362.87,80,362.9,40,362.96,80,363.02,160,363.22,160,363.33,120
2026-01-16 09:37:01,362.275,362.66,1,361.87,200,362.68,160,362.68,361.87,361.87,200,361.69,120,361.55,80,361.52,40,361.46,120,361.43,320,361.34,80,361.16,80,361.15,40,361.03,80,362.68,160,362.69,80,362.73,120,362.85,40,362.87,80,362.9,40,362.96,80,363.02,160,363.22,160,363.33,120
2026-01-16 09:37:02,362.275,362.66,1,361.87,200,362.68,160,362.68,361.87,361.87,200,361.69,120,361.55,80,361.52,40,361.46,120,361.43,320,361.34,80,361.16,80,361.15,40,361.03,80,362.68,160,362.69,80,362.73,120,362.85,40,362.87,80,362.9,40,362.96,80,363.02,160,363.22,160,363.33,120
2026-01-16 09:37:03,362.275,362.28,1,361.87,200,362.68,160,362.68,361.87,361.87,200,361.69,120,361.55,80,361.52,40,361.46,120,361.43,320,361.34,80,361.16,80,361.15,40,361.03,80,362.68,160,362.69,80,362.73,120,362.85,40,362.87,80,362.9,40,362.96,80,363.02,160,363.22,160,363.33,120
2026-01-16 09:37:04,362.275,362.28,1,361.87,200,362.68,160,362.68,361.87,361.87,200,361.69,120,361.55,80,361.52,40,361.46,120,361.43,320,361.34,80,361.16,80,361.15,40,361.03,80,362.68,160,362.69,80,362.73,120,362.85,40,362.87,80,362.9,40,362.96,80,363.02,160,363.22,160,363.33,120
2026-01-16 09:37:05,362.275,362.28,1,361.87,200,362.68,160,362.68,361.87,361.87,200,361.69,120,361.55,80,361.52,40,361.46,120,361.43,320,361.34,80,361.16,80,361.15,40,361.03,80,362.68,160,362.69,80,362.73,120,362.85,40,362.87,80,362.9,40,362.96,80,363.02,160,363.22,160,363.33,120
2026-01-16 09:37:06,362.275,362.28,1,361.87,200,362.68,160,362.68,361.87,361.87,200,361.69,120,361.55,80,361.52,40,361.46,120,361.43,320,361.34,80,361.16,80,361.15,40,361.03,80,362.68,160,362.69,80,362.73,120,362.85,40,362.87,80,362.9,40,362.96,80,363.02,160,363.22,160,363.33,120
2026-01-16 09:37:07,362.275,362.28,1,361.87,240,362.68,160,362.68,361.87,361.87,240,361.69,120,361.55,80,361.52,40,361.46,120,361.43,320,361.34,80,361.16,80,361.15,40,361.03,80,362.68,160,362.69,80,362.73,120,362.85,40,362.87,80,362.9,40,362.96,80,363.02,160,363.22,160,363.33,120
2026-01-16 09:37:08,362.155,361.87,1,361.87,240,362.44,120,362.44,361.87,361.87,240,361.69,120,361.55,80,361.52,40,361.46,120,361.43,320,361.34,80,361.16,80,361.15,40,361.03,80,362.44,120,362.65,40,362.67,200,362.68,200,362.69,80,362.73,120,362.85,40,362.87,80,362.9,40,362.96,80
2026-01-16 09:37:09,362.155,361.87,1,361.87,240,362.44,120,362.44,361.87,361.87,240,361.69,120,361.55,80,361.52,40,361.46,120,361.43,320,361.34,80,361.16,80,361.15,40,361.03,80,362.44,120,362.65,40,362.67,200,362.68,200,362.69,80,362.73,120,362.85,40,362.87,80,362.9,40,362.96,80
2026-01-16 09:37:10,362.155,361.87,1,361.87,240,362.44,120,362.44,361.87,361.87,240,361.69,120,361.55,80,361.52,40,361.46,120,361.43,320,361.34,80,361.16,80,361.15,40,361.03,80,362.44,120,362.65,40,362.67,200,362.68,200,362.69,80,362.73,120,362.85,40,362.87,80,362.9,40,362.96,80
2026-01-16 09:37:11,362.155,361.87,1,361.87,240,362.44,120,362.44,361.87,361.87,240,361.69,120,361.55,80,361.52,40,361.46,120,361.43,320,361.34,80,361.16,80,361.15,40,361.03,80,362.44,120,362.65,40,362.67,200,362.68,200,362.69,80,362.73,120,362.85,40,362.87,80,362.9,40,362.96,80
2026-01-16 09:37:12,362.155,361.87,1,361.87,280,362.44,120,362.44,361.87,361.87,280,361.69,120,361.55,80,361.52,40,361.46,120,361.43,320,361.34,80,361.16,80,361.15,40,361.03,80,362.44,120,362.65,40,362.67,200,362.68,200,362.69,80,362.73,120,362.85,40,362.87,80,362.9,40,362.96,80
2026-01-16 09:37:13,362.155,362.16,5,361.87,280,362.44,120,362.44,361.87,361.87,280,361.69,120,361.55,80,361.52,40,361.46,120,361.43,320,361.34,80,361.16,80,361.15,40,361.03,80,362.44,120,362.65,40,362.67,200,362.68,200,362.69,80,362.73,120,362.85,40,362.87,80,362.9,40,362.96,80
2026-01-16 09:37:14,362.155,362.16,5,361.87,280,362.44,120,362.44,361.87,361.87,280,361.69,120,361.55,80,361.52,40,361.46,120,361.43,320,361.34,80,361.16,80,361.15,40,361.03,80,362.44,120,362.65,40,362.67,200,362.68,200,362.69,80,362.73,120,362.85,40,362.87,80,362.9,40,362.96,80
2026-01-16 09:37:15,362.155,362.16,5,361.87,280,362.44,160,362.44,361.87,361.87,280,361.69,120,361.55,80,361.52,40,361.46,120,361.43,320,361.34,80,361.16,80,361.15,40,361.03,80,362.44,160,362.65,40,362.67,200,362.68,200,362.69,80,362.73,120,362.85,40,362.87,80,362.9,40,362.96,80
2026-01-16 09:37:16,362.155,362.16,5,361.87,280,362.44,160,362.44,361.87,361.87,280,361.69,120,361.55,80,361.52,40,361.46,120,361.43,320,361.34,80,361.16,80,361.15,40,361.03,80,362.44,160,362.65,40,362.67,200,362.68,200,362.69,80,362.73,120,362.85,40,362.87,80,362.9,40,362.96,80
2026-01-16 09:37:17,362.16,362.16,5,361.88,40,362.44,160,362.44,361.88,361.88,40,361.87,280,361.69,120,361.55,80,361.52,40,361.46,120,361.43,320,361.34,80,361.16,80,361.15,40,362.44,160,362.65,40,362.67,200,362.68,200,362.69,80,362.73,120,362.85,40,362.87,80,362.9,40,362.96,80
2026-01-16 09:37:18,362.16,362.16,5,361.88,40,362.44,160,362.44,361.88,361.88,40,361.87,280,361.69,120,361.55,80,361.52,40,361.46,120,361.43,320,361.34,80,361.16,80,361.15,40,362.44,160,362.65,40,362.67,200,362.68,200,362.69,80,362.73,120,362.85,40,362.87,80,362.9,40,362.96,80
2026-01-16 09:37:19,362.16,362.16,5,361.88,40,362.44,160,362.44,361.88,361.88,40,361.87,280,361.69,120,361.55,80,361.52,40,361.46,120,361.43,320,361.34,80,361.16,80,361.15,40,362.44,160,362.65,40,362.67,200,362.68,200,362.69,80,362.73,120,362.85,40,362.87,80,362.9,40,362.96,80
2026-01-16 09:37:20,362.16,362.16,5,361.88,40,362.44,160,362.44,361.88,361.88,40,361.87,280,361.69,120,361.55,80,361.52,40,361.46,120,361.43,320,361.34,80,361.16,80,361.15,40,362.44,160,362.65,40,362.67,200,362.68,200,362.69,80,362.73,120,362.85,40,362.87,80,362.9,40,362.96,80
2026-01-16 09:37:21,362.16,362.16,5,361.88,40,362.44,160,362.44,361.88,361.88,40,361.87,280,361.69,120,361.55,80,361.52,40,361.46,120,361.43,320,361.34,80,361.16,80,361.15,40,362.44,160,362.65,40,362.67,200,362.68,200,362.69,80,362.73,120,362.85,40,362.87,80,362.9,40,362.96,80
2026-01-16 09:37:22,362.16,362.16,5,361.88,40,362.44,160,362.44,361.88,361.88,40,361.87,280,361.69,120,361.55,80,361.52,40,361.46,120,361.43,320,361.34,80,361.16,80,361.15,40,362.44,160,362.65,40,362.67,200,362.68,200,362.69,80,362.73,120,362.85,40,362.87,80,362.9,40,362.96,80
2026-01-16 09:37:23,362.16,362.16,5,361.88,40,362.44,160,362.44,361.88,361.88,40,361.87,280,361.69,120,361.55,80,361.52,40,361.46,120,361.43,320,361.34,80,361.16,80,361.15,40,362.44,160,362.65,40,362.67,200,362.68,200,362.69,80,362.73,120,362.85,40,362.87,80,362.9,40,362.96,80
2026-01-16 09:37:24,362.16,362.16,5,361.88,40,362.44,160,362.44,361.88,361.88,40,361.87,280,361.69,120,361.55,80,361.52,40,361.46,120,361.43,320,361.34,80,361.16,80,361.15,40,362.44,160,362.65,40,362.67,200,362.68,200,362.69,80,362.73,120,362.85,40,362.87,80,362.9,40,362.96,80
2026-01-16 09:37:25,362.16,362.16,5,361.88,40,362.44,160,362.44,361.88,361.88,40,361.87,280,361.69,120,361.55,80,361.52,40,361.46,120,361.43,320,361.34,80,361.16,80,361.15,40,362.44,160,362.65,40,362.67,200,362.68,200,362.69,80,362.73,120,362.85,40,362.87,80,362.9,40,362.96,80
2026-01-16 09:37:26,362.16,362.16,1,361.88,40,362.44,160,362.44,361.88,361.88,40,361.87,280,361.69,120,361.55,80,361.52,40,361.46,120,361.43,320,361.34,80,361.16,80,361.15,40,362.44,160,362.65,40,362.67,200,362.68,200,362.69,80,362.73,120,362.85,40,362.87,80,362.9,40,362.96,80
2026-01-16 09:37:27,362.28,362.16,1,361.9,120,362.66,40,362.66,361.9,361.9,120,361.88,80,361.87,280,361.69,120,361.55,80,361.52,40,361.46,120,361.43,320,361.34,80,361.16,80,362.66,40,362.67,240,362.68,200,362.69,80,362.73,120,362.85,40,362.87,80,362.9,40,362.96,80,363.02,160
2026-01-16 09:37:28,362.065,362.18,1,361.69,120,362.44,120,362.44,361.69,361.69,120,361.55,80,361.52,40,361.46,120,361.43,320,361.34,80,361.16,80,361.15,40,361.03,80,360.91,80,362.44,120,362.67,200,362.68,200,362.69,80,362.73,120,362.85,40,362.87,80,362.9,40,362.96,80,363.02,160
2026-01-16 09:37:29,361.915,362.18,4,361.57,40,362.26,120,362.26,361.57,361.57,40,361.55,80,361.52,40,361.46,120,361.43,320,361.34,80,361.16,80,361.15,40,361.03,80,360.91,80,362.26,120,362.41,40,362.44,120,362.67,200,362.68,200,362.69,80,362.73,120,362.85,40,362.87,80,362.9,40
2026-01-16 09:37:30,361.925,362.18,4,361.59,40,362.26,120,362.26,361.59,361.59,40,361.58,80,361.57,40,361.55,80,361.52,40,361.46,120,361.43,320,361.34,80,361.16,80,361.15,40,362.26,120,362.41,40,362.44,120,362.67,200,362.68,200,362.69,80,362.73,120,362.85,40,362.87,80,362.9,40
