sim_time,mid_price,last_price,last_size,best_bid_price,best_bid_size,best_ask_price,best_ask_size,close_price_buy,close_price_sell,bid1_price,bid1_size,bid2_price,bid2_size,bid3_price,bid3_size,bid4_price,bid4_size,bid5_price,bid5_size,bid6_price,bid6_size,bid7_price,bid7_size,bid8_price,bid8_size,bid9_price,bid9_size,bid10_price,bid10_size,ask1_price,ask1_size,ask2_price,ask2_size,ask3_price,ask3_size,ask4_price,ask4_size,ask5_price,ask5_size,ask6_price,ask6_size,ask7_price,ask7_size,ask8_price,ask8_size,ask9_price,ask9_size,ask10_price,ask10_size
2026-01-16 09:30:36,247.78,0.0,0,247.56,200,248.0,2200,248.0,247.56,247.56,200,247.39,100,247.38,300,247.26,500,247.25,1000,247.06,200,,,,,,,,,248.0,2200,248.8,100,,,,,,,,,,,,,,,,
2026-01-16 09:30:37,247.78,0.0,0,247.56,200,248.0,2200,248.0,247.56,247.56,200,247.39,100,247.38,300,247.26,500,247.25,1000,247.06,200,,,,,,,,,248.0,2200,248.8,100,,,,,,,,,,,,,,,,
2026-01-16 09:30:38,247.78,247.78,1,247.56,200,248.0,2200,248.0,247.56,247.56,200,247.39,100,247.38,300,247.26,500,247.25,1000,247.06,200,,,,,,,,,248.0,2200,248.8,100,,,,,,,,,,,,,,,,
2026-01-16 09:30:38,247.78,247.78,1,247.56,200,248.0,2200,248.0,247.56,247.56,200,247.39,100,247.38,300,247.26,500,247.25,1000,247.06,200,,,,,,,,,248.0,2200,248.8,100,,,,,,,,,,,,,,,,
2026-01-16 09:30:39,247.78,247.84,10,247.56,200,248.0,2200,248.0,247.56,247.56,200,247.39,100,247.38,300,247.26,500,247.25,1000,247.06,200,,,,,,,,,248.0,2200,248.8,100,,,,,,,,,,,,,,,,
2026-01-16 09:30:39,247.78,247.84,10,247.56,200,248.0,2200,248.0,247.56,247.56,200,247.39,100,247.38,300,247.26,500,247.25,1000,247.06,200,,,,,,,,,248.0,2200,248.8,100,,,,,,,,,,,,,,,,
2026-01-16 09:30:41,247.78,247.84,10,247.56,200,248.0,2200,248.0,247.56,247.56,200,247.39,100,247.38,300,247.26,500,247.25,1000,247.06,200,,,,,,,,,248.0,2200,248.8,100,,,,,,,,,,,,,,,,
2026-01-16 09:30:43,247.78,247.78,1,247.56,200,248.0,2200,248.0,247.56,247.56,200,247.39,100,247.38,300,247.26,500,247.25,1000,247.06,200,,,,,,,,,248.0,2200,248.8,100,,,,,,,,,,,,,,,,
2026-01-16 09:30:44,247.78,247.78,1,247.56,200,248.0,2200,248.0,247.56,247.56,200,247.39,100,247.38,300,247.26,500,247.25,1000,247.06,200,,,,,,,,,248.0,2200,248.8,100,,,,,,,,,,,,,,,,
2026-01-16 09:30:45,247.555,247.57,1,247.34,600,247.77,100,247.77,247.34,247.34,600,247.25,1100,247.06,200,,,,,,,,,,,,,,,247.77,100,247.91,100,248.0,2200,248.8,100,,,,,,,,,,,,
2026-01-16 09:30:46,247.555,247.57,1,247.34,800,247.77,100,247.77,247.34,247.34,800,247.25,1100,247.06,200,,,,,,,,,,,,,,,247.77,100,247.91,100,248.0,2200,248.8,100,,,,,,,,,,,,
2026-01-16 09:30:47,247.785,247.94,3,247.59,200,247.98,100,247.98,247.59,247.59,200,247.34,800,247.25,1100,247.06,200,,,,,,,,,,,,,247.98,100,248.0,2200,248.8,100,,,,,,,,,,,,,,
2026-01-16 09:30:48,247.785,247.94,3,247.59,200,247.98,100,247.98,247.59,247.59,200,247.34,800,247.25,1100,247.06,200,,,,,,,,,,,,,247.98,100,248.0,2200,248.8,100,,,,,,,,,,,,,,
2026-01-16 09:30:49,247.785,247.94,3,247.59,200,247.98,100,247.98,247.59,247.59,200,247.34,800,247.25,1100,247.06,200,,,,,,,,,,,,,247.98,100,248.0,2200,248.8,100,,,,,,,,,,,,,,
2026-01-16 09:30:50,247.785,247.94,3,247.59,200,247.98,100,247.98,247.59,247.59,200,247.34,800,247.25,1100,247.06,200,,,,,,,,,,,,,247.98,100,248.0,2200,248.8,100,,,,,,,,,,,,,,
2026-01-16 09:30:51,247.785,247.94,3,247.59,200,247.98,100,247.98,247.59,247.59,200,247.34,800,247.25,1100,247.06,200,,,,,,,,,,,,,247.98,100,248.0,2200,248.8,100,,,,,,,,,,,,,,
2026-01-16 09:30:52,247.785,247.94,3,247.59,200,247.98,100,247.98,247.59,247.59,200,247.34,800,247.25,1100,247.06,200,,,,,,,,,,,,,247.98,100,248.0,2200,248.8,100,,,,,,,,,,,,,,
2026-01-16 09:30:53,247.785,247.94,3,247.59,200,247.98,100,247.98,247.59,247.59,200,247.34,800,247.25,1100,247.06,200,,,,,,,,,,,,,247.98,100,248.0,2200,248.8,100,,,,,,,,,,,,,,
2026-01-16 09:30:54,247.785,247.94,3,247.59,200,247.98,100,247.98,247.59,247.59,200,247.34,800,247.25,1100,247.06,200,,,,,,,,,,,,,247.98,100,248.0,2200,248.8,100,,,,,,,,,,,,,,
2026-01-16 09:30:55,247.785,247.94,3,247.59,200,247.98,100,247.98,247.59,247.59,200,247.34,800,247.25,1100,247.06,200,,,,,,,,,,,,,247.98,100,248.0,2200,248.8,100,,,,,,,,,,,,,,
2026-01-16 09:30:56,247.785,247.94,3,247.59,100,247.98,100,247.98,247.59,247.59,100,247.34,800,247.25,1100,247.06,200,,,,,,,,,,,,,247.98,100,248.0,2200,248.8,100,,,,,,,,,,,,,,
2026-01-16 09:30:57,247.785,247.94,3,247.59,100,247.98,100,247.98,247.59,247.59,100,247.34,800,247.25,1100,247.06,200,,,,,,,,,,,,,247.98,100,248.0,2200,248.8,100,,,,,,,,,,,,,,
2026-01-16 09:30:58,247.785,247.83,2,247.59,100,247.98,100,247.98,247.59,247.59,100,247.34,800,247.25,1100,247.06,200,,,,,,,,,,,,,247.98,100,248.0,2200,248.8,100,,,,,,,,,,,,,,
2026-01-16 09:30:59,247.9,247.9,1,247.8,500,248.0,2200,248.0,247.8,247.8,500,247.59,300,247.34,800,247.25,1100,247.06,200,,,,,,,,,,,248.0,2200,248.8,100,,,,,,,,,,,,,,,,
2026-01-16 09:31:00,247.9,247.9,1,247.8,600,248.0,2000,248.0,247.8,247.8,600,247.59,300,247.34,800,247.25,1100,247.06,200,,,,,,,,,,,248.0,2000,248.8,100,,,,,,,,,,,,,,,,
2026-01-16 09:31:01,247.9,247.9,1,247.8,600,248.0,2000,248.0,247.8,247.8,600,247.59,300,247.34,800,247.25,1100,247.06,200,,,,,,,,,,,248.0,2000,248.8,100,,,,,,,,,,,,,,,,
2026-01-16 09:31:02,247.9,247.9,1,247.8,600,248.0,2000,248.0,247.8,247.8,600,247.59,300,247.34,800,247.25,1100,247.06,200,,,,,,,,,,,248.0,2000,248.8,100,,,,,,,,,,,,,,,,
2026-01-16 09:31:03,247.9,247.9,1,247.8,600,248.0,2000,248.0,247.8,247.8,600,247.59,300,247.34,800,247.25,1100,247.06,200,,,,,,,,,,,248.0,2000,248.8,100,,,,,,,,,,,,,,,,
2026-01-16 09:31:04,248.05,248.06,1,247.9,300,248.2,300,248.2,247.9,247.9,300,247.84,100,247.8,700,247.59,300,247.34,800,247.25,1100,247.06,200,,,,,,,248.2,300,248.8,100,,,,,,,,,,,,,,,,
2026-01-16 09:31:05,248.05,248.06,1,247.9,300,248.2,300,248.2,247.9,247.9,300,247.84,100,247.8,700,247.59,300,247.34,800,247.25,1100,247.06,200,,,,,,,248.2,300,248.8,100,,,,,,,,,,,,,,,,
2026-01-16 09:31:06,247.525,247.74,1,247.3,500,247.75,300,247.75,247.3,247.3,500,247.25,1100,247.06,200,,,,,,,,,,,,,,,247.75,300,248.0,100,248.01,300,248.02,100,248.14,100,248.19,400,248.2,200,248.8,100,,,,
2026-01-16 09:31:07,247.54,247.72,1,247.33,400,247.75,300,247.75,247.33,247.33,400,247.3,100,247.25,1100,247.06,200,,,,,,,,,,,,,247.75,300,248.0,100,248.01,300,248.02,100,248.14,100,248.19,400,248.2,200,248.8,100,,,,
2026-01-16 09:31:08,247.87,247.89,1,247.59,300,248.15,100,248.15,247.59,247.59,300,247.44,100,247.31,800,247.3,100,247.25,1100,247.06,200,,,,,,,,,248.15,100,248.17,400,248.18,300,248.19,600,248.2,200,248.8,100,,,,,,,,
2026-01-16 09:31:09,247.87,247.89,1,247.59,300,248.15,100,248.15,247.59,247.59,300,247.44,100,247.31,800,247.3,100,247.25,1100,247.06,200,,,,,,,,,248.15,100,248.17,400,248.18,300,248.19,600,248.2,200,248.8,100,,,,,,,,
2026-01-16 09:31:10,247.87,247.89,1,247.59,400,248.15,100,248.15,247.59,247.59,400,247.44,100,247.31,800,247.3,100,247.25,1100,247.06,200,,,,,,,,,248.15,100,248.17,400,248.18,300,248.19,600,248.2,200,248.8,100,,,,,,,,
2026-01-16 09:31:11,247.87,247.89,1,247.59,500,248.15,100,248.15,247.59,247.59,500,247.44,100,247.31,800,247.3,100,247.25,1100,247.06,200,,,,,,,,,248.15,100,248.17,400,248.18,300,248.19,600,248.2,200,248.8,100,,,,,,,,
2026-01-16 09:31:12,247.985,247.89,1,247.82,100,248.15,100,248.15,247.82,247.82,100,247.81,400,247.59,500,247.44,100,247.31,800,247.3,100,247.25,1100,247.06,200,,,,,248.15,100,248.17,400,248.18,300,248.19,600,248.2,200,248.8,100,,,,,,,,
2026-01-16 09:31:13,248.01,248.01,1,247.82,100,248.2,300,248.2,247.82,247.82,100,247.81,400,247.59,500,247.44,100,247.31,800,247.3,100,247.25,1100,247.06,200,,,,,248.2,300,248.8,100,,,,,,,,,,,,,,,,
2026-01-16 09:31:14,248.01,248.06,1,247.82,100,248.2,300,248.2,247.82,247.82,100,247.81,400,247.59,500,247.44,100,247.31,800,247.3,100,247.25,1100,247.06,200,,,,,248.2,300,248.8,100,,,,,,,,,,,,,,,,
2026-01-16 09:31:15,247.835,247.81,1,247.6,300,248.07,400,248.07,247.6,247.6,300,247.59,500,247.44,100,247.31,800,247.3,100,247.25,1100,247.06,200,,,,,,,248.07,400,248.12,100,248.13,100,248.2,300,248.8,100,,,,,,,,,,
2026-01-16 09:31:16,247.835,247.91,1,247.6,300,248.07,200,248.07,247.6,247.6,300,247.59,500,247.44,100,247.31,800,247.3,100,247.25,1100,247.06,200,,,,,,,248.07,200,248.12,100,248.13,100,248.2,300,248.8,100,,,,,,,,,,
2026-01-16 09:31:17,247.835,247.91,1,247.6,300,248.07,200,248.07,247.6,247.6,300,247.59,500,247.44,100,247.31,800,247.3,100,247.25,1100,247.06,200,,,,,,,248.07,200,248.12,100,248.13,100,248.2,300,248.8,100,,,,,,,,,,
2026-01-16 09:31:18,247.835,247.91,1,247.6,300,248.07,200,248.07,247.6,247.6,300,247.59,500,247.44,100,247.31,800,247.3,100,247.25,1100,247.06,200,,,,,,,248.07,200,248.12,100,248.13,100,248.2,300,248.8,100,,,,,,,,,,
2026-01-16 09:31:19,247.835,247.91,1,247.6,300,248.07,200,248.07,247.6,247.6,300,247.59,500,247.44,100,247.31,800,247.3,100,247.25,1100,247.06,200,,,,,,,248.07,200,248.12,100,248.13,100,248.2,300,248.8,100,,,,,,,,,,
2026-01-16 09:31:20,247.82,248.07,3,247.6,400,248.04,100,248.04,247.6,247.6,400,247.59,500,247.44,100,247.31,800,247.3,100,247.25,1100,247.06,200,,,,,,,248.04,100,248.07,200,248.12,100,248.13,100,248.2,300,248.8,100,,,,,,,,
2026-01-16 09:31:21,247.755,248.07,3,247.6,400,247.91,100,247.91,247.6,247.6,400,247.59,500,247.44,100,247.31,800,247.3,100,247.25,1100,247.06,200,,,,,,,247.91,100,248.04,100,248.07,200,248.12,100,248.13,100,248.2,300,248.8,100,,,,,,
2026-01-16 09:31:22,247.755,248.07,3,247.6,400,247.91,100,247.91,247.6,247.6,400,247.59,500,247.44,100,247.31,800,247.3,100,247.25,1100,247.06,200,,,,,,,247.91,100,248.04,100,248.07,200,248.12,100,248.13,100,248.2,300,248.8,100,,,,,,
2026-01-16 09:31:23,247.75,248.07,3,247.6,400,247.9,300,247.9,247.6,247.6,400,247.59,500,247.44,100,247.31,800,247.3,100,247.25,1100,247.06,200,,,,,,,247.9,300,247.91,300,248.04,100,248.07,200,248.12,100,248.13,100,248.2,300,248.8,100,,,,
2026-01-16 09:31:24,247.75,248.07,3,247.6,400,247.9,300,247.9,247.6,247.6,400,247.59,500,247.44,100,247.31,800,247.3,100,247.25,1100,247.06,200,,,,,,,247.9,300,247.91,300,248.04,100,248.07,200,248.12,100,248.13,100,248.2,300,248.8,100,,,,
2026-01-16 09:31:25,247.75,248.07,3,247.6,400,247.9,300,247.9,247.6,247.6,400,247.59,500,247.44,100,247.31,800,247.3,100,247.25,1100,247.06,200,,,,,,,247.9,300,247.91,300,248.04,100,248.07,200,248.12,100,248.13,100,248.2,300,248.8,100,,,,
2026-01-16 09:31:26,247.735,248.07,3,247.6,400,247.87,300,247.87,247.6,247.6,400,247.59,500,247.44,100,247.31,800,247.3,100,247.25,1100,247.06,200,,,,,,,247.87,300,247.91,200,248.04,100,248.07,200,248.12,100,248.13,100,248.2,300,248.8,100,,,,
2026-01-16 09:31:27,247.735,247.74,2,247.6,400,247.87,300,247.87,247.6,247.6,400,247.59,500,247.44,100,247.31,800,247.3,100,247.25,1100,247.06,200,,,,,,,247.87,300,247.91,200,248.04,100,248.07,200,248.12,100,248.13,100,248.2,300,248.8,100,,,,
2026-01-16 09:31:28,247.735,247.74,2,247.6,500,247.87,300,247.87,247.6,247.6,500,247.59,500,247.44,100,247.31,800,247.3,100,247.25,1100,247.06,200,,,,,,,247.87,300,247.91,200,248.04,100,248.07,200,248.12,100,248.13,100,248.2,300,248.8,100,,,,
2026-01-16 09:31:29,247.735,247.74,2,247.6,500,247.87,300,247.87,247.6,247.6,500,247.59,500,247.44,100,247.31,800,247.3,100,247.25,1100,247.06,200,,,,,,,247.87,300,247.91,200,248.04,100,248.07,200,248.12,100,248.13,100,248.2,300,248.8,100,,,,
2026-01-16 09:31:30,247.72,247.73,1,247.6,500,247.84,300,247.84,247.6,247.6,500,247.59,500,247.44,100,247.31,800,247.3,100,247.25,1100,247.06,200,,,,,,,247.84,300,247.85,100,247.87,100,247.91,200,248.04,100,248.07,200,248.12,100,248.13,100,248.2,300,248.8,100
2026-01-16 09:31:31,247.715,247.72,1,247.6,500,247.83,200,247.83,247.6,247.6,500,247.59,500,247.44,100,247.31,800,247.3,100,247.25,1100,247.06,200,,,,,,,247.83,200,247.84,100,247.91,200,248.04,100,248.07,200,248.12,100,248.13,100,248.2,300,248.8,100,,
2026-01-16 09:31:32,247.715,247.72,1,247.6,500,247.83,200,247.83,247.6,247.6,500,247.59,500,247.44,100,247.31,800,247.3,100,247.25,1100,247.06,200,,,,,,,247.83,200,247.84,100,247.91,200,248.04,100,248.07,200,248.12,100,248.13,100,248.2,300,248.8,100,,
2026-01-16 09:31:33,247.78,247.82,2,247.65,100,247.91,300,247.91,247.65,247.65,100,247.61,100,247.6,300,247.59,500,247.44,100,247.31,800,247.3,100,247.25,1100,247.06,200,,,247.91,300,248.04,100,248.07,200,248.12,100,248.13,100,248.2,300,248.8,100,,,,,,
2026-01-16 09:31:34,247.78,247.9,2,247.65,100,247.91,300,247.91,247.65,247.65,100,247.61,100,247.6,300,247.59,500,247.44,100,247.31,800,247.3,100,247.25,1100,247.06,200,,,247.91,300,248.04,100,248.07,200,248.12,100,248.13,100,248.2,300,248.8,100,,,,,,
2026-01-16 09:31:35,247.76,247.9,2,247.61,100,247.91,200,247.91,247.61,247.61,100,247.6,300,247.59,500,247.44,100,247.31,800,247.3,100,247.25,1100,247.06,200,,,,,247.91,200,248.04,100,248.07,200,248.12,100,248.13,100,248.2,300,248.8,100,,,,,,
2026-01-16 09:31:36,247.76,247.9,2,247.61,100,247.91,200,247.91,247.61,247.61,100,247.6,300,247.59,500,247.44,100,247.31,800,247.3,100,247.25,1100,247.06,200,,,,,247.91,200,248.04,100,248.07,200,248.12,100,248.13,100,248.2,300,248.8,100,,,,,,
2026-01-16 09:31:37,247.76,247.76,1,247.61,100,247.91,200,247.91,247.61,247.61,100,247.6,300,247.59,500,247.44,100,247.31,800,247.3,100,247.25,1100,247.06,200,,,,,247.91,200,248.04,100,248.07,200,248.12,100,248.13,100,248.2,300,248.8,100,,,,,,
2026-01-16 09:31:38,247.76,247.76,1,247.61,100,247.91,200,247.91,247.61,247.61,100,247.6,300,247.59,500,247.44,100,247.31,800,247.3,100,247.25,1100,247.06,200,,,,,247.91,200,248.04,100,248.07,200,248.12,100,248.13,100,248.2,300,248.8,100,,,,,,
2026-01-16 09:31:39,247.76,247.76,1,247.61,100,247.91,200,247.91,247.61,247.61,100,247.6,300,247.59,500,247.44,100,247.31,800,247.3,100,247.25,1100,247.06,200,,,,,247.91,200,248.04,100,248.07,200,248.12,100,248.13,100,248.2,300,248.8,100,,,,,,
2026-01-16 09:31:40,247.76,247.76,1,247.61,100,247.91,200,247.91,247.61,247.61,100,247.6,300,247.59,500,247.44,100,247.31,800,247.3,100,247.25,1100,247.06,200,,,,,247.91,200,248.04,100,248.07,200,248.12,100,248.13,100,248.2,300,248.8,100,,,,,,
2026-01-16 09:31:41,247.76,247.76,1,247.61,100,247.91,200,247.91,247.61,247.61,100,247.6,300,247.59,500,247.44,100,247.31,800,247.3,100,247.25,1100,247.06,200,,,,,247.91,200,248.04,100,248.07,200,248.12,100,248.13,100,248.2,300,248.8,100,,,,,,
2026-01-16 09:31:42,247.76,247.76,1,247.61,100,247.91,200,247.91,247.61,247.61,100,247.6,300,247.59,500,247.44,100,247.31,800,247.3,100,247.25,1100,247.06,200,,,,,247.91,200,248.04,100,248.07,200,248.12,100,248.13,100,248.2,300,248.8,100,,,,,,
2026-01-16 09:31:43,247.76,247.76,1,247.61,100,247.91,200,247.91,247.61,247.61,100,247.6,300,247.59,500,247.44,100,247.31,800,247.3,100,247.25,1100,247.06,200,,,,,247.91,200,248.04,100,248.07,200,248.12,100,248.13,100,248.2,300,248.8,100,,,,,,
2026-01-16 09:31:44,247.76,247.77,2,247.61,100,247.91,200,247.91,247.61,247.61,100,247.6,300,247.59,500,247.44,100,247.31,800,247.3,100,247.25,1100,247.06,200,,,,,247.91,200,248.04,100,248.07,200,248.12,100,248.13,100,248.2,300,248.8,100,,,,,,
2026-01-16 09:31:45,247.76,247.77,2,247.61,100,247.91,200,247.91,247.61,247.61,100,247.6,300,247.59,500,247.44,100,247.31,800,247.3,100,247.25,1100,247.06,200,,,,,247.91,200,248.04,100,248.07,200,248.12,100,248.13,100,248.2,300,248.8,100,,,,,,
2026-01-16 09:31:46,247.815,247.82,1,247.65,100,247.98,200,247.98,247.65,247.65,100,247.61,100,247.6,300,247.59,500,247.44,100,247.31,800,247.3,100,247.25,1100,247.06,200,,,247.98,200,248.1,100,248.12,100,248.13,100,248.2,300,248.8,100,,,,,,,,
2026-01-16 09:31:47,247.815,247.82,2,247.65,100,247.98,200,247.98,247.65,247.65,100,247.61,100,247.6,300,247.59,500,247.44,100,247.31,800,247.3,100,247.25,1100,247.06,200,,,247.98,200,248.1,100,248.12,100,248.13,100,248.2,300,248.8,100,,,,,,,,
2026-01-16 09:31:48,247.815,247.82,1,247.65,200,247.98,200,247.98,247.65,247.65,200,247.61,100,247.6,300,247.59,500,247.44,100,247.31,800,247.3,100,247.25,1100,247.06,200,,,247.98,200,248.1,100,248.12,100,248.13,100,248.2,300,248.8,100,,,,,,,,
2026-01-16 09:31:49,247.815,247.66,1,247.65,200,247.98,200,247.98,247.65,247.65,200,247.61,100,247.6,300,247.59,500,247.44,100,247.31,800,247.3,100,247.25,1100,247.06,200,,,247.98,200,248.1,100,248.12,100,248.13,100,248.2,300,248.8,100,,,,,,,,
2026-01-16 09:31:50,247.815,247.66,1,247.65,200,247.98,200,247.98,247.65,247.65,200,247.61,100,247.6,300,247.59,500,247.44,100,247.31,800,247.3,100,247.25,1100,247.06,200,,,247.98,200,248.1,100,248.12,100,248.13,100,248.2,300,248.8,100,,,,,,,,
2026-01-16 09:31:51,247.815,247.66,1,247.65,200,247.98,200,247.98,247.65,247.65,200,247.61,100,247.6,300,247.59,500,247.44,100,247.31,800,247.3,100,247.25,1100,247.06,200,,,247.98,200,248.1,100,248.12,100,248.13,100,248.2,300,248.8,100,,,,,,,,
2026-01-16 09:31:52,247.815,247.66,1,247.65,200,247.98,200,247.98,247.65,247.65,200,247.61,100,247.6,300,247.59,500,247.44,100,247.31,800,247.3,100,247.25,1100,247.06,200,,,247.98,200,248.1,100,248.12,100,248.13,100,248.2,300,248.8,100,,,,,,,,
2026-01-16 09:31:53,247.815,247.66,1,247.65,200,247.98,200,247.98,247.65,247.65,200,247.61,100,247.6,300,247.59,500,247.44,100,247.31,800,247.3,100,247.25,1100,247.06,200,,,247.98,200,248.1,100,248.12,100,248.13,100,248.2,300,248.8,100,,,,,,,,
2026-01-16 09:31:54,247.815,247.67,2,247.65,300,247.98,200,247.98,247.65,247.65,300,247.61,100,247.6,300,247.59,500,247.44,100,247.31,800,247.3,100,247.25,1100,247.06,200,,,247.98,200,248.1,100,248.12,100,248.13,100,248.2,300,248.8,100,,,,,,,,
2026-01-16 09:31:55,247.675,247.65,1,247.49,200,247.86,300,247.86,247.49,247.49,200,247.3,100,247.25,1100,247.06,200,,,,,,,,,,,,,247.86,300,247.87,400,247.9,100,247.91,300,247.92,300,247.97,200,247.98,200,248.1,100,248.12,100,248.13,100
2026-01-16 09:31:56,247.675,247.65,1,247.49,200,247.86,300,247.86,247.49,247.49,200,247.3,100,247.25,1100,247.06,200,,,,,,,,,,,,,247.86,300,247.87,400,247.9,100,247.91,300,247.92,300,247.97,200,247.98,200,248.1,100,248.12,100,248.13,100
2026-01-16 09:31:57,247.675,247.65,1,247.49,300,247.86,300,247.86,247.49,247.49,300,247.3,100,247.25,1100,247.06,200,,,,,,,,,,,,,247.86,300,247.87,400,247.9,100,247.91,300,247.92,300,247.97,200,247.98,200,248.1,100,248.12,100,248.13,100
2026-01-16 09:31:58,247.675,247.65,1,247.49,300,247.86,300,247.86,247.49,247.49,300,247.3,100,247.25,1100,247.06,200,,,,,,,,,,,,,247.86,300,247.87,400,247.9,100,247.91,300,247.92,300,247.97,200,247.98,200,248.1,100,248.12,100,248.13,100
2026-01-16 09:31:59,247.675,247.65,1,247.49,300,247.86,300,247.86,247.49,247.49,300,247.3,100,247.25,1100,247.06,200,,,,,,,,,,,,,247.86,300,247.87,400,247.9,100,247.91,300,247.92,300,247.97,200,247.98,200,248.1,100,248.12,100,248.13,100
2026-01-16 09:32:00,247.695,247.65,1,247.53,200,247.86,300,247.86,247.53,247.53,200,247.49,300,247.3,100,247.25,1100,247.06,200,,,,,,,,,,,247.86,300,247.87,400,247.9,100,247.91,300,247.92,300,247.97,200,247.98,200,248.1,100,248.12,100,248.13,100
2026-01-16 09:32:01,247.47,247.52,1,247.25,1100,247.69,300,247.69,247.25,247.25,1100,247.06,200,,,,,,,,,,,,,,,,,247.69,300,247.73,100,247.85,100,247.86,300,247.87,400,247.9,100,247.91,300,247.92,300,247.97,200,247.98,200
2026-01-16 09:32:02,247.51,247.52,1,247.34,200,247.68,100,247.68,247.34,247.34,200,247.25,1100,247.06,200,,,,,,,,,,,,,,,247.68,100,247.69,300,247.73,100,247.85,100,247.86,300,247.87,400,247.9,100,247.91,300,247.92,300,247.97,200
2026-01-16 09:32:03,247.515,247.52,1,247.34,100,247.69,300,247.69,247.34,247.34,100,247.25,1100,247.06,200,,,,,,,,,,,,,,,247.69,300,247.73,100,247.85,100,247.86,300,247.87,400,247.9,100,247.91,300,247.92,300,247.97,200,247.98,200
2026-01-16 09:32:04,247.52,247.52,3,247.35,200,247.69,300,247.69,247.35,247.35,200,247.34,300,247.25,1100,247.06,200,,,,,,,,,,,,,247.69,300,247.73,100,247.85,100,247.86,300,247.87,400,247.9,100,247.91,300,247.92,300,247.97,200,247.98,200
2026-01-16 09:32:05,247.525,247.52,1,247.36,200,247.69,400,247.69,247.36,247.36,200,247.34,300,247.25,1100,247.06,200,,,,,,,,,,,,,247.69,400,247.73,100,247.85,100,247.86,300,247.87,400,247.9,100,247.91,300,247.92,300,247.97,200,247.98,200
2026-01-16 09:32:06,247.45,247.52,1,247.37,200,247.53,300,247.53,247.37,247.37,200,247.35,100,247.34,300,247.25,1100,247.06,200,,,,,,,,,,,247.53,300,247.69,400,247.73,100,247.85,100,247.86,300,247.87,400,247.9,100,247.91,300,247.92,300,247.97,200
2026-01-16 09:32:07,247.45,247.52,1,247.37,200,247.53,300,247.53,247.37,247.37,200,247.35,100,247.34,300,247.25,1100,247.06,200,,,,,,,,,,,247.53,300,247.69,400,247.73,100,247.85,100,247.86,300,247.87,400,247.9,100,247.91,300,247.92,300,247.97,200
2026-01-16 09:32:08,247.3,247.44,2,247.25,1300,247.35,300,247.35,247.25,247.25,1300,247.06,200,,,,,,,,,,,,,,,,,247.35,300,247.37,100,247.38,300,247.52,200,247.53,300,247.69,400,247.73,100,247.85,100,247.86,300,247.87,400
2026-01-16 09:32:09,247.3,247.3,1,247.25,1300,247.35,300,247.35,247.25,247.25,1300,247.06,200,,,,,,,,,,,,,,,,,247.35,300,247.37,100,247.38,300,247.52,200,247.53,300,247.69,400,247.73,100,247.85,100,247.86,300,247.87,400
2026-01-16 09:32:10,246.72,246.91,1,246.63,200,246.81,100,246.81,246.63,246.63,200,,,,,,,,,,,,,,,,,,,246.81,100,246.86,100,246.92,200,247.03,100,247.04,100,247.09,100,247.1,300,247.11,100,247.25,200,247.26,500
2026-01-16 09:32:11,246.72,246.91,1,246.63,200,246.81,100,246.81,246.63,246.63,200,,,,,,,,,,,,,,,,,,,246.81,100,246.86,100,246.92,200,247.03,100,247.04,100,247.09,100,247.1,300,247.11,100,247.25,200,247.26,500
2026-01-16 09:32:12,246.72,246.91,1,246.63,200,246.81,100,246.81,246.63,246.63,200,,,,,,,,,,,,,,,,,,,246.81,100,246.86,100,246.92,200,247.03,100,247.04,100,247.09,100,247.1,300,247.11,100,247.25,200,247.26,500
2026-01-16 09:32:13,247.13,247.03,1,246.76,100,247.5,300,247.5,246.76,246.76,100,246.72,100,246.66,100,246.63,500,,,,,,,,,,,,,247.5,300,247.51,200,247.53,300,247.69,400,247.73,100,247.85,100,247.86,300,247.87,400,247.9,100,247.91,300
2026-01-16 09:32:14,247.13,247.34,1,246.76,100,247.5,300,247.5,246.76,246.76,100,246.72,100,246.66,100,246.63,500,,,,,,,,,,,,,247.5,300,247.51,200,247.53,300,247.69,400,247.73,100,247.85,100,247.86,300,247.87,400,247.9,100,247.91,300
2026-01-16 09:32:15,247.13,247.34,1,246.76,100,247.5,300,247.5,246.76,246.76,100,246.72,100,246.66,100,246.63,500,,,,,,,,,,,,,247.5,300,247.51,200,247.53,300,247.69,400,247.73,100,247.85,100,247.86,300,247.87,400,247.9,100,247.91,300
2026-01-16 09:32:16,247.045,247.34,1,246.76,300,247.33,300,247.33,246.76,246.76,300,246.72,100,246.66,100,246.63,500,,,,,,,,,,,,,247.33,300,247.39,100,247.4,300,247.5,300,247.51,200,247.53,300,247.69,400,247.73,100,247.85,100,247.86,300
2026-01-16 09:32:17,247.05,246.81,1,246.77,100,247.33,500,247.33,246.77,246.77,100,246.76,300,246.72,100,246.66,100,246.63,500,,,,,,,,,,,247.33,500,247.39,100,247.4,300,247.5,300,247.51,200,247.53,300,247.69,400,247.73,100,247.85,100,247.86,300
2026-01-16 09:32:18,247.05,247.03,1,246.77,300,247.33,500,247.33,246.77,246.77,300,246.76,300,246.72,100,246.66,100,246.63,500,,,,,,,,,,,247.33,500,247.39,100,247.4,300,247.5,300,247.51,200,247.53,300,247.69,400,247.73,100,247.85,100,247.86,300
2026-01-16 09:32:19,247.05,247.03,1,246.77,300,247.33,500,247.33,246.77,246.77,300,246.76,300,246.72,100,246.66,100,246.63,500,,,,,,,,,,,247.33,500,247.39,100,247.4,300,247.5,300,247.51,200,247.53,300,247.69,400,247.73,100,247.85,100,247.86,300
2026-01-16 09:32:20,247.05,247.03,1,246.77,300,247.33,500,247.33,246.77,246.77,300,246.76,300,246.72,100,246.66,100,246.63,500,,,,,,,,,,,247.33,500,247.39,100,247.4,300,247.5,300,247.51,200,247.53,300,247.69,400,247.73,100,247.85,100,247.86,300
2026-01-16 09:32:21,247.05,247.03,1,246.77,300,247.33,500,247.33,246.77,246.77,300,246.76,300,246.72,100,246.66,100,246.63,500,,,,,,,,,,,247.33,500,247.39,100,247.4,300,247.5,300,247.51,200,247.53,300,247.69,400,247.73,100,247.85,100,247.86,300
2026-01-16 09:32:22,247.05,247.03,1,246.77,300,247.33,500,247.33,246.77,246.77,300,246.76,300,246.72,100,246.66,100,246.63,500,,,,,,,,,,,247.33,500,247.39,100,247.4,300,247.5,300,247.51,200,247.53,300,247.69,400,247.73,100,247.85,100,247.86,300
2026-01-16 09:32:24,247.05,247.03,1,246.77,300,247.33,500,247.33,246.77,246.77,300,246.76,300,246.72,100,246.66,100,246.63,500,,,,,,,,,,,247.33,500,247.39,100,247.4,300,247.5,300,247.51,200,247.53,300,247.69,400,247.73,100,247.85,100,247.86,300
2026-01-16 09:32:25,247.05,247.05,5,246.77,300,247.33,500,247.33,246.77,246.77,300,246.76,300,246.72,100,246.66,100,246.63,500,,,,,,,,,,,247.33,500,247.39,100,247.4,300,247.5,300,247.51,200,247.53,300,247.69,400,247.73,100,247.85,100,247.86,300
2026-01-16 09:32:26,247.05,247.05,5,246.77,300,247.33,500,247.33,246.77,246.77,300,246.76,300,246.72,100,246.66,100,246.63,500,,,,,,,,,,,247.33,500,247.39,100,247.4,300,247.5,300,247.51,200,247.53,300,247.69,400,247.73,100,247.85,100,247.86,300
2026-01-16 09:32:26,247.055,247.05,5,246.78,300,247.33,500,247.33,246.78,246.78,300,246.77,400,246.76,300,246.72,100,246.66,100,246.63,500,,,,,,,,,247.33,500,247.39,100,247.4,300,247.5,300,247.51,200,247.53,300,247.69,400,247.73,100,247.85,100,247.86,300
2026-01-16 09:32:27,247.055,246.95,2,246.78,300,247.33,500,247.33,246.78,246.78,300,246.77,400,246.76,300,246.72,100,246.66,100,246.63,500,,,,,,,,,247.33,500,247.39,100,247.4,300,247.5,300,247.51,200,247.53,300,247.69,400,247.73,100,247.85,100,247.86,300
2026-01-16 09:32:29,247.055,247.06,1,246.78,300,247.33,500,247.33,246.78,246.78,300,246.77,400,246.76,300,246.72,100,246.66,100,246.63,500,,,,,,,,,247.33,500,247.39,100,247.4,300,247.5,300,247.51,200,247.53,300,247.69,400,247.73,100,247.85,100,247.86,300
2026-01-16 09:32:30,247.06,246.78,1,246.79,100,247.33,500,247.33,246.79,246.79,100,246.78,300,246.77,400,246.76,300,246.72,100,246.66,100,246.63,500,,,,,,,247.33,500,247.39,100,247.4,300,247.5,300,247.51,200,247.53,300,247.69,400,247.73,100,247.85,100,247.86,300
2026-01-16 09:32:30,247.095,247.05,1,246.91,200,247.28,200,247.28,246.91,246.91,200,246.85,300,246.84,100,246.8,100,246.79,300,246.78,300,246.77,400,246.76,300,246.72,100,246.66,100,247.28,200,247.29,400,247.3,300,247.31,500,247.32,600,247.33,500,247.39,100,247.4,300,247.5,300,247.51,200
2026-01-16 09:32:31,247.095,247.05,1,246.91,300,247.28,200,247.28,246.91,246.91,300,246.85,300,246.84,100,246.8,100,246.79,300,246.78,300,246.77,400,246.76,300,246.72,100,246.66,100,247.28,200,247.29,400,247.3,300,247.31,500,247.32,600,247.33,500,247.39,100,247.4,300,247.5,300,247.51,200
2026-01-16 09:32:33,247.095,247.1,1,246.91,300,247.28,200,247.28,246.91,246.91,300,246.85,300,246.84,100,246.8,100,246.79,300,246.78,300,246.77,400,246.76,300,246.72,100,246.66,100,247.28,200,247.29,400,247.3,300,247.31,500,247.32,600,247.33,500,247.39,100,247.4,300,247.5,300,247.51,200
2026-01-16 09:32:33,247.095,247.1,1,246.91,300,247.28,200,247.28,246.91,246.91,300,246.85,300,246.84,100,246.8,100,246.79,300,246.78,300,246.77,400,246.76,300,246.72,100,246.66,100,247.28,200,247.29,400,247.3,300,247.31,500,247.32,600,247.33,500,247.39,100,247.4,300,247.5,300,247.51,200
2026-01-16 09:32:35,247.09,247.1,1,246.91,300,247.27,300,247.27,246.91,246.91,300,246.85,300,246.84,100,246.8,100,246.79,300,246.78,300,246.77,400,246.76,300,246.72,100,246.66,100,247.27,300,247.28,100,247.29,400,247.3,300,247.31,500,247.32,600,247.33,500,247.39,100,247.4,300,247.5,300
2026-01-16 09:32:35,247.045,247.04,1,246.8,200,247.29,200,247.29,246.8,246.8,200,246.79,300,246.78,300,246.77,400,246.76,300,246.72,100,246.66,100,246.63,500,,,,,247.29,200,247.3,300,247.31,100,247.32,300,247.33,400,247.39,100,247.4,300,247.5,300,247.51,200,247.53,300
2026-01-16 09:32:36,247.045,246.92,1,246.8,300,247.29,200,247.29,246.8,246.8,300,246.79,300,246.78,300,246.77,400,246.76,300,246.72,100,246.66,100,246.63,500,,,,,247.29,200,247.3,300,247.31,100,247.32,300,247.33,400,247.39,100,247.4,300,247.5,300,247.51,200,247.53,300
2026-01-16 09:32:37,247.045,246.92,1,246.8,300,247.29,200,247.29,246.8,246.8,300,246.79,300,246.78,300,246.77,400,246.76,300,246.72,100,246.66,100,246.63,500,,,,,247.29,200,247.3,300,247.31,100,247.32,300,247.33,400,247.39,100,247.4,300,247.5,300,247.51,200,247.53,300
2026-01-16 09:32:39,247.045,246.92,1,246.8,300,247.29,200,247.29,246.8,246.8,300,246.79,300,246.78,300,246.77,400,246.76,300,246.72,100,246.66,100,246.63,500,,,,,247.29,200,247.3,300,247.31,100,247.32,300,247.33,400,247.39,100,247.4,300,247.5,300,247.51,200,247.53,300
2026-01-16 09:32:40,247.05,247.05,4,246.81,100,247.29,200,247.29,246.81,246.81,100,246.8,500,246.79,300,246.78,300,246.77,400,246.76,300,246.72,100,246.66,100,246.63,500,,,247.29,200,247.34,100,247.39,100,247.4,300,247.5,300,247.51,200,247.53,300,247.69,400,247.73,100,247.85,100
2026-01-16 09:32:41,247.05,247.05,4,246.81,100,247.29,200,247.29,246.81,246.81,100,246.8,500,246.79,300,246.78,300,246.77,400,246.76,300,246.72,100,246.66,100,246.63,500,,,247.29,200,247.34,100,247.39,100,247.4,300,247.5,300,247.51,200,247.53,300,247.69,400,247.73,100,247.85,100
2026-01-16 09:32:42,247.05,247.16,2,246.81,100,247.29,200,247.29,246.81,246.81,100,246.8,500,246.79,300,246.78,300,246.77,400,246.76,300,246.72,100,246.66,100,246.63,500,,,247.29,200,247.34,100,247.39,100,247.4,300,247.5,300,247.51,200,247.53,300,247.69,400,247.73,100,247.85,100
2026-01-16 09:32:43,247.05,247.16,2,246.81,100,247.29,200,247.29,246.81,246.81,100,246.8,500,246.79,300,246.78,300,246.77,400,246.76,300,246.72,100,246.66,100,246.63,500,,,247.29,200,247.34,100,247.39,100,247.4,300,247.5,300,247.51,200,247.53,300,247.69,400,247.73,100,247.85,100
2026-01-16 09:32:44,247.05,247.16,2,246.81,100,247.29,200,247.29,246.81,246.81,100,246.8,500,246.79,300,246.78,300,246.77,400,246.76,300,246.72,100,246.66,100,246.63,500,,,247.29,200,247.34,100,247.39,100,247.4,300,247.5,300,247.51,200,247.53,300,247.69,400,247.73,100,247.85,100
2026-01-16 09:32:45,247.05,247.16,2,246.81,100,247.29,200,247.29,246.81,246.81,100,246.8,500,246.79,300,246.78,300,246.77,400,246.76,300,246.72,100,246.66,100,246.63,500,,,247.29,200,247.34,100,247.39,100,247.4,300,247.5,300,247.51,200,247.53,300,247.69,400,247.73,100,247.85,100
2026-01-16 09:32:46,247.05,247.16,2,246.81,100,247.29,200,247.29,246.81,246.81,100,246.8,500,246.79,300,246.78,300,246.77,400,246.76,300,246.72,100,246.66,100,246.63,500,,,247.29,200,247.34,100,247.39,100,247.4,300,247.5,300,247.51,200,247.53,300,247.69,400,247.73,100,247.85,100
2026-01-16 09:32:47,247.06,247.06,6,246.83,100,247.29,200,247.29,246.83,246.83,100,246.82,400,246.81,100,246.8,500,246.79,300,246.78,300,246.77,400,246.76,300,246.72,100,246.66,100,247.29,200,247.34,100,247.39,100,247.4,300,247.5,300,247.51,200,247.53,300,247.69,400,247.73,100,247.85,100
2026-01-16 09:32:48,247.06,247.06,6,246.83,100,247.29,200,247.29,246.83,246.83,100,246.82,400,246.81,100,246.8,500,246.79,300,246.78,300,246.77,400,246.76,300,246.72,100,246.66,100,247.29,200,247.34,100,247.39,100,247.4,300,247.5,300,247.51,200,247.53,300,247.69,400,247.73,100,247.85,100
2026-01-16 09:32:48,247.06,247.06,6,246.83,100,247.29,500,247.29,246.83,246.83,100,246.82,400,246.81,100,246.8,500,246.79,300,246.78,300,246.77,400,246.76,300,246.72,100,246.66,100,247.29,500,247.34,100,247.39,100,247.4,300,247.5,300,247.51,200,247.53,300,247.69,400,247.73,100,247.85,100
2026-01-16 09:32:50,247.12,247.06,6,246.95,300,247.29,500,247.29,246.95,246.95,300,246.83,100,246.82,400,246.81,100,246.8,500,246.79,300,246.78,300,246.77,400,246.76,300,246.72,100,247.29,500,247.34,100,247.39,100,247.4,300,247.5,300,247.51,200,247.53,300,247.69,400,247.73,100,247.85,100
2026-01-16 09:32:51,247.12,247.06,6,246.95,300,247.29,500,247.29,246.95,246.95,300,246.83,100,246.82,400,246.81,100,246.8,500,246.79,300,246.78,300,246.77,400,246.76,300,246.72,100,247.29,500,247.34,100,247.39,100,247.4,300,247.5,300,247.51,200,247.53,300,247.69,400,247.73,100,247.85,100
2026-01-16 09:32:52,247.12,247.06,6,246.95,300,247.29,500,247.29,246.95,246.95,300,246.83,100,246.82,400,246.81,100,246.8,500,246.79,300,246.78,300,246.77,400,246.76,300,246.72,100,247.29,500,247.34,100,247.39,100,247.4,300,247.5,300,247.51,200,247.53,300,247.69,400,247.73,100,247.85,100
2026-01-16 09:32:52,247.12,247.06,6,246.95,300,247.29,600,247.29,246.95,246.95,300,246.83,100,246.82,400,246.81,100,246.8,500,246.79,300,246.78,300,246.77,400,246.76,300,246.72,100,247.29,600,247.34,100,247.39,100,247.4,300,247.5,300,247.51,200,247.53,300,247.69,400,247.73,100,247.85,100
2026-01-16 09:32:54,247.12,247.12,1,246.95,300,247.29,600,247.29,246.95,246.95,300,246.83,100,246.82,400,246.81,100,246.8,500,246.79,300,246.78,300,246.77,400,246.76,300,246.72,100,247.29,600,247.34,100,247.39,100,247.4,300,247.5,300,247.51,200,247.53,300,247.69,400,247.73,100,247.85,100
2026-01-16 09:32:55,246.75,246.74,1,246.63,500,246.87,100,246.87,246.63,246.63,500,,,,,,,,,,,,,,,,,,,246.87,100,246.96,100,247.03,100,247.04,300,247.05,400,247.07,300,247.08,200,247.15,100,247.21,100,247.28,200
2026-01-16 09:32:56,246.755,246.74,1,246.64,100,246.87,100,246.87,246.64,246.64,100,246.63,500,,,,,,,,,,,,,,,,,246.87,100,246.96,100,247.03,100,247.04,300,247.05,400,247.07,300,247.08,200,247.15,100,247.21,100,247.28,200
2026-01-16 09:32:57,246.755,246.75,2,246.64,100,246.87,100,246.87,246.64,246.64,100,246.63,500,,,,,,,,,,,,,,,,,246.87,100,246.96,100,247.03,100,247.04,300,247.05,400,247.07,300,247.08,200,247.15,100,247.21,100,247.28,200
2026-01-16 09:32:58,246.755,246.75,2,246.64,100,246.87,100,246.87,246.64,246.64,100,246.63,500,,,,,,,,,,,,,,,,,246.87,100,246.96,100,247.03,100,247.04,300,247.05,400,247.07,300,247.08,200,247.15,100,247.21,100,247.28,200
2026-01-16 09:32:59,246.755,246.75,2,246.64,100,246.87,100,246.87,246.64,246.64,100,246.63,500,,,,,,,,,,,,,,,,,246.87,100,246.96,100,247.03,100,247.04,300,247.05,400,247.07,300,247.08,200,247.15,100,247.21,100,247.28,200
2026-01-16 09:33:00,246.75,246.8,1,246.64,300,246.86,400,246.86,246.64,246.64,300,246.63,500,,,,,,,,,,,,,,,,,246.86,400,246.92,200,246.96,100,247.03,100,247.04,300,247.05,400,247.07,300,247.08,200,247.15,100,247.21,100
2026-01-16 09:33:01,246.775,246.64,1,246.63,100,246.92,200,246.92,246.63,246.63,100,246.5,2400,,,,,,,,,,,,,,,,,246.92,200,246.96,100,247.03,100,247.04,300,247.05,400,247.07,300,247.08,200,247.15,100,247.21,100,247.28,200
2026-01-16 09:33:02,246.765,246.64,2,246.63,100,246.9,100,246.9,246.63,246.63,100,246.5,2400,,,,,,,,,,,,,,,,,246.9,100,246.91,100,246.92,300,246.96,100,247.03,100,247.04,300,247.05,400,247.07,300,247.08,200,247.15,100
2026-01-16 09:33:03,246.77,246.64,2,246.64,100,246.9,100,246.9,246.64,246.64,100,246.63,100,246.5,2400,,,,,,,,,,,,,,,246.9,100,246.91,100,246.92,300,246.96,100,247.03,100,247.04,300,247.05,400,247.07,300,247.08,200,247.15,100
2026-01-16 09:33:04,246.77,246.64,10,246.64,100,246.9,100,246.9,246.64,246.64,100,246.63,100,246.5,2400,,,,,,,,,,,,,,,246.9,100,246.91,100,246.92,300,246.96,100,247.03,100,247.04,300,247.05,400,247.07,300,247.08,200,247.15,100
2026-01-16 09:33:05,246.77,246.64,10,246.64,100,246.9,200,246.9,246.64,246.64,100,246.63,100,246.5,2400,,,,,,,,,,,,,,,246.9,200,246.91,100,246.92,300,246.96,100,247.03,100,247.04,300,247.05,400,247.07,300,247.08,200,247.15,100
2026-01-16 09:33:06,246.77,246.64,10,246.64,100,246.9,200,246.9,246.64,246.64,100,246.63,100,246.5,2400,,,,,,,,,,,,,,,246.9,200,246.91,100,246.92,300,246.96,100,247.03,100,247.04,300,247.05,400,247.07,300,247.08,200,247.15,100
2026-01-16 09:33:07,246.74,246.73,1,246.63,300,246.85,300,246.85,246.63,246.63,300,246.5,2400,,,,,,,,,,,,,,,,,246.85,300,246.86,200,246.9,200,246.91,100,246.92,300,246.96,100,247.03,100,247.04,300,247.05,400,247.07,300
2026-01-16 09:33:08,246.74,246.73,1,246.63,300,246.85,300,246.85,246.63,246.63,300,246.5,2400,,,,,,,,,,,,,,,,,246.85,300,246.86,200,246.9,200,246.91,100,246.92,300,246.96,100,247.03,100,247.04,300,247.05,400,247.07,300
2026-01-16 09:33:09,246.645,246.62,1,246.5,2300,246.79,400,246.79,246.5,246.5,2300,,,,,,,,,,,,,,,,,,,246.79,400,246.8,500,246.81,100,246.84,200,246.85,300,246.86,200,246.9,200,246.91,100,246.92,300,246.96,100
2026-01-16 09:33:10,246.65,246.72,1,246.51,100,246.79,200,246.79,246.51,246.51,100,246.5,2300,,,,,,,,,,,,,,,,,246.79,200,246.8,500,246.81,100,246.84,200,246.85,300,246.86,200,246.9,200,246.91,100,246.92,300,246.96,100
2026-01-16 09:33:11,246.685,246.72,1,246.51,100,246.86,300,246.86,246.51,246.51,100,246.5,2300,,,,,,,,,,,,,,,,,246.86,300,246.9,200,246.91,100,246.92,300,246.96,100,247.03,100,247.04,300,247.05,400,247.07,300,247.08,200
2026-01-16 09:33:12,246.685,246.72,1,246.51,100,246.86,200,246.86,246.51,246.51,100,246.5,2300,,,,,,,,,,,,,,,,,246.86,200,246.9,200,246.91,100,246.92,300,246.96,100,247.03,100,247.04,300,247.05,400,247.07,300,247.08,200
2026-01-16 09:33:13,246.73,246.72,1,246.6,100,246.86,300,246.86,246.6,246.6,100,246.51,100,246.5,2300,,,,,,,,,,,,,,,246.86,300,246.9,200,246.91,100,246.92,300,246.96,100,247.03,100,247.04,300,247.05,400,247.07,300,247.08,200
2026-01-16 09:33:14,246.73,246.72,1,246.6,100,246.86,300,246.86,246.6,246.6,100,246.51,100,246.5,2300,,,,,,,,,,,,,,,246.86,300,246.9,200,246.91,100,246.92,300,246.96,100,247.03,100,247.04,300,247.05,400,247.07,300,247.08,200
2026-01-16 09:33:15,246.73,246.72,1,246.6,100,246.86,300,246.86,246.6,246.6,100,246.51,100,246.5,2300,,,,,,,,,,,,,,,246.86,300,246.9,200,246.91,100,246.92,300,246.96,100,247.03,100,247.04,300,247.05,400,247.07,300,247.08,200
2026-01-16 09:33:16,246.72,246.73,1,246.6,200,246.84,1300,246.84,246.6,246.6,200,246.51,100,246.5,2300,,,,,,,,,,,,,,,246.84,1300,246.86,200,246.9,200,246.91,100,246.92,300,246.96,100,247.03,100,247.04,300,247.05,400,247.07,300
2026-01-16 09:33:17,246.72,246.73,1,246.6,200,246.84,1300,246.84,246.6,246.6,200,246.51,100,246.5,2300,,,,,,,,,,,,,,,246.84,1300,246.86,200,246.9,200,246.91,100,246.92,300,246.96,100,247.03,100,247.04,300,247.05,400,247.07,300
2026-01-16 09:33:18,247.015,246.97,1,246.85,200,247.18,500,247.18,246.85,246.85,200,246.81,100,246.74,100,246.73,100,246.65,100,246.6,200,246.51,100,246.5,2300,,,,,247.18,500,247.21,100,247.28,200,247.29,600,247.34,100,247.39,100,247.4,300,247.5,300,247.51,200,247.53,300
2026-01-16 09:33:19,247.015,247.0,1,246.85,200,247.18,500,247.18,246.85,246.85,200,246.81,100,246.74,100,246.73,100,246.65,100,246.6,200,246.51,100,246.5,2300,,,,,247.18,500,247.21,100,247.28,200,247.29,600,247.34,100,247.39,100,247.4,300,247.5,300,247.51,200,247.53,300
2026-01-16 09:33:20,247.015,247.0,1,246.85,200,247.18,700,247.18,246.85,246.85,200,246.81,100,246.74,100,246.73,100,246.65,100,246.6,200,246.51,100,246.5,2300,,,,,247.18,700,247.21,100,247.28,200,247.29,600,247.34,100,247.39,100,247.4,300,247.5,300,247.51,200,247.53,300
2026-01-16 09:33:21,247.015,247.0,1,246.85,200,247.18,700,247.18,246.85,246.85,200,246.81,100,246.74,100,246.73,100,246.65,100,246.6,200,246.51,100,246.5,2300,,,,,247.18,700,247.21,100,247.28,200,247.29,600,247.34,100,247.39,100,247.4,300,247.5,300,247.51,200,247.53,300
2026-01-16 09:33:22,246.87,246.85,1,246.6,200,247.14,100,247.14,246.6,246.6,200,246.51,100,246.5,2300,,,,,,,,,,,,,,,247.14,100,247.17,100,247.18,600,247.21,100,247.28,200,247.29,600,247.34,100,247.39,100,247.4,300,247.5,300
2026-01-16 09:33:23,247.07,247.07,1,246.86,200,247.28,100,247.28,246.86,246.86,200,246.6,200,246.51,100,246.5,2300,,,,,,,,,,,,,247.28,100,247.29,300,247.34,100,247.39,100,247.4,300,247.5,300,247.51,200,247.53,300,247.69,400,247.73,100
2026-01-16 09:33:24,247.065,247.07,10,246.86,200,247.27,100,247.27,246.86,246.86,200,246.6,200,246.51,100,246.5,2300,,,,,,,,,,,,,247.27,100,247.28,100,247.29,300,247.34,100,247.39,100,247.4,300,247.5,300,247.51,200,247.53,300,247.69,400
2026-01-16 09:33:25,247.14,247.07,10,247.0,200,247.28,200,247.28,247.0,247.0,200,246.86,200,246.6,200,246.51,100,246.5,2300,,,,,,,,,,,247.28,200,247.29,300,247.34,100,247.39,100,247.4,300,247.5,300,247.51,200,247.53,300,247.69,400,247.73,100
2026-01-16 09:33:26,247.075,247.0,1,246.86,200,247.29,200,247.29,246.86,246.86,200,246.6,200,246.51,100,246.5,2300,,,,,,,,,,,,,247.29,200,247.34,100,247.39,100,247.4,300,247.5,300,247.51,200,247.53,300,247.69,400,247.73,100,247.85,100
2026-01-16 09:33:27,247.075,247.0,1,246.86,200,247.29,200,247.29,246.86,246.86,200,246.6,200,246.51,100,246.5,2300,,,,,,,,,,,,,247.29,200,247.34,100,247.39,100,247.4,300,247.5,300,247.51,200,247.53,300,247.69,400,247.73,100,247.85,100
2026-01-16 09:33:28,247.075,247.0,1,246.86,200,247.29,200,247.29,246.86,246.86,200,246.6,200,246.51,100,246.5,2300,,,,,,,,,,,,,247.29,200,247.34,100,247.39,100,247.4,300,247.5,300,247.51,200,247.53,300,247.69,400,247.73,100,247.85,100
2026-01-16 09:33:29,247.075,247.0,1,246.86,200,247.29,200,247.29,246.86,246.86,200,246.6,200,246.51,100,246.5,2300,,,,,,,,,,,,,247.29,200,247.34,100,247.39,100,247.4,300,247.5,300,247.51,200,247.53,300,247.69,400,247.73,100,247.85,100
2026-01-16 09:33:30,247.075,247.0,1,246.86,200,247.29,200,247.29,246.86,246.86,200,246.6,200,246.51,100,246.5,2300,,,,,,,,,,,,,247.29,200,247.34,100,247.39,100,247.4,300,247.5,300,247.51,200,247.53,300,247.69,400,247.73,100,247.85,100
2026-01-16 09:33:31,247.07,247.14,1,246.86,200,247.28,100,247.28,246.86,246.86,200,246.6,200,246.51,100,246.5,2300,,,,,,,,,,,,,247.28,100,247.29,200,247.34,100,247.39,100,247.4,300,247.5,300,247.51,200,247.53,300,247.69,400,247.73,100
2026-01-16 09:33:32,247.07,247.14,1,246.86,200,247.28,100,247.28,246.86,246.86,200,246.6,200,246.51,100,246.5,2300,,,,,,,,,,,,,247.28,100,247.29,200,247.34,100,247.39,100,247.4,300,247.5,300,247.51,200,247.53,300,247.69,400,247.73,100
2026-01-16 09:33:33,247.105,247.11,1,246.92,200,247.29,200,247.29,246.92,246.92,200,246.91,100,246.87,100,246.86,500,246.6,200,246.51,100,246.5,2300,,,,,,,247.29,200,247.34,100,247.39,100,247.4,300,247.5,300,247.51,200,247.53,300,247.69,400,247.73,100,247.85,100
2026-01-16 09:33:34,247.08,247.0,1,246.87,200,247.29,200,247.29,246.87,246.87,200,246.86,500,246.6,200,246.51,100,246.5,2300,,,,,,,,,,,247.29,200,247.34,100,247.39,100,247.4,300,247.5,300,247.51,200,247.53,300,247.69,400,247.73,100,247.85,100
2026-01-16 09:33:35,247.08,247.29,1,246.87,200,247.29,300,247.29,246.87,246.87,200,246.86,500,246.6,200,246.51,100,246.5,2300,,,,,,,,,,,247.29,300,247.34,100,247.39,100,247.4,300,247.5,300,247.51,200,247.53,300,247.69,400,247.73,100,247.85,100
2026-01-16 09:33:36,247.08,247.29,1,246.87,200,247.29,300,247.29,246.87,246.87,200,246.86,500,246.6,200,246.51,100,246.5,2300,,,,,,,,,,,247.29,300,247.34,100,247.39,100,247.4,300,247.5,300,247.51,200,247.53,300,247.69,400,247.73,100,247.85,100
2026-01-16 09:33:37,247.145,247.09,1,247.0,100,247.29,300,247.29,247.0,247.0,100,246.88,1300,246.87,200,246.86,500,246.6,200,246.51,100,246.5,2300,,,,,,,247.29,300,247.34,100,247.39,100,247.4,300,247.5,300,247.51,200,247.53,300,247.69,400,247.73,100,247.85,100
2026-01-16 09:33:38,247.145,247.15,1,247.0,100,247.29,300,247.29,247.0,247.0,100,246.88,1300,246.87,200,246.86,500,246.6,200,246.51,100,246.5,2300,,,,,,,247.29,300,247.34,100,247.39,100,247.4,300,247.5,300,247.51,200,247.53,300,247.69,400,247.73,100,247.85,100
2026-01-16 09:33:39,247.145,247.12,1,247.0,500,247.29,300,247.29,247.0,247.0,500,246.88,1300,246.87,200,246.86,500,246.6,200,246.51,100,246.5,2300,,,,,,,247.29,300,247.34,100,247.39,100,247.4,300,247.5,300,247.51,200,247.53,300,247.69,400,247.73,100,247.85,100
2026-01-16 09:33:40,247.145,247.12,1,247.0,500,247.29,300,247.29,247.0,247.0,500,246.88,1300,246.87,200,246.86,500,246.6,200,246.51,100,246.5,2300,,,,,,,247.29,300,247.34,100,247.39,100,247.4,300,247.5,300,247.51,200,247.53,300,247.69,400,247.73,100,247.85,100
2026-01-16 09:33:41,247.145,247.12,1,247.0,500,247.29,200,247.29,247.0,247.0,500,246.88,1300,246.87,200,246.86,500,246.6,200,246.51,100,246.5,2300,,,,,,,247.29,200,247.34,100,247.39,100,247.4,300,247.5,300,247.51,200,247.53,300,247.69,400,247.73,100,247.85,100
2026-01-16 09:33:42,247.145,247.12,1,247.0,500,247.29,200,247.29,247.0,247.0,500,246.88,1300,246.87,200,246.86,500,246.6,200,246.51,100,246.5,2300,,,,,,,247.29,200,247.34,100,247.39,100,247.4,300,247.5,300,247.51,200,247.53,300,247.69,400,247.73,100,247.85,100
2026-01-16 09:33:43,247.145,247.12,1,247.0,500,247.29,200,247.29,247.0,247.0,500,246.88,1300,246.87,200,246.86,500,246.6,200,246.51,100,246.5,2300,,,,,,,247.29,200,247.34,100,247.39,100,247.4,300,247.5,300,247.51,200,247.53,300,247.69,400,247.73,100,247.85,100
2026-01-16 09:33:44,247.145,247.12,1,247.0,500,247.29,200,247.29,247.0,247.0,500,246.88,1300,246.87,200,246.86,500,246.6,200,246.51,100,246.5,2300,,,,,,,247.29,200,247.34,100,247.39,100,247.4,300,247.5,300,247.51,200,247.53,300,247.69,400,247.73,100,247.85,100
2026-01-16 09:33:45,247.145,247.12,1,247.0,500,247.29,200,247.29,247.0,247.0,500,246.88,1300,246.87,200,246.86,500,246.6,200,246.51,100,246.5,2300,,,,,,,247.29,200,247.34,100,247.39,100,247.4,300,247.5,300,247.51,200,247.53,300,247.69,400,247.73,100,247.85,100
2026-01-16 09:33:46,247.145,247.15,1,247.0,500,247.29,200,247.29,247.0,247.0,500,246.88,1300,246.87,200,246.86,500,246.6,200,246.51,100,246.5,2300,,,,,,,247.29,200,247.34,100,247.39,100,247.4,300,247.5,300,247.51,200,247.53,300,247.69,400,247.73,100,247.85,100
2026-01-16 09:33:47,247.145,247.15,1,247.0,500,247.29,200,247.29,247.0,247.0,500,246.88,1300,246.87,200,246.86,500,246.6,200,246.51,100,246.5,2300,,,,,,,247.29,200,247.34,100,247.39,100,247.4,300,247.5,300,247.51,200,247.53,300,247.69,400,247.73,100,247.85,100
2026-01-16 09:33:48,247.145,247.15,1,247.0,500,247.29,200,247.29,247.0,247.0,500,246.88,1300,246.87,200,246.86,500,246.6,200,246.51,100,246.5,2300,,,,,,,247.29,200,247.34,100,247.39,100,247.4,300,247.5,300,247.51,200,247.53,300,247.69,400,247.73,100,247.85,100
2026-01-16 09:33:49,247.145,247.15,1,247.0,500,247.29,200,247.29,247.0,247.0,500,246.88,1300,246.87,200,246.86,500,246.6,200,246.51,100,246.5,2300,,,,,,,247.29,200,247.34,100,247.39,100,247.4,300,247.5,300,247.51,200,247.53,300,247.69,400,247.73,100,247.85,100
2026-01-16 09:33:50,247.145,247.15,1,247.0,500,247.29,200,247.29,247.0,247.0,500,246.88,1300,246.87,200,246.86,500,246.6,200,246.51,100,246.5,2300,,,,,,,247.29,200,247.34,100,247.39,100,247.4,300,247.5,300,247.51,200,247.53,300,247.69,400,247.73,100,247.85,100
2026-01-16 09:33:51,247.145,247.15,1,247.0,500,247.29,200,247.29,247.0,247.0,500,246.88,1300,246.87,200,246.86,500,246.6,200,246.51,100,246.5,2300,,,,,,,247.29,200,247.34,100,247.39,100,247.4,300,247.5,300,247.51,200,247.53,300,247.69,400,247.73,100,247.85,100
2026-01-16 09:33:52,247.14,247.15,1,247.0,400,247.28,100,247.28,247.0,247.0,400,246.88,1300,246.87,200,246.86,500,246.6,200,246.51,100,246.5,2300,,,,,,,247.28,100,247.29,200,247.34,100,247.39,100,247.4,300,247.5,300,247.51,200,247.53,300,247.69,400,247.73,100
2026-01-16 09:33:53,247.14,247.15,1,247.0,400,247.28,100,247.28,247.0,247.0,400,246.88,1300,246.87,200,246.86,500,246.6,200,246.51,100,246.5,2300,,,,,,,247.28,100,247.29,200,247.34,100,247.39,100,247.4,300,247.5,300,247.51,200,247.53,300,247.69,400,247.73,100
2026-01-16 09:33:54,247.145,247.15,1,247.01,100,247.28,100,247.28,247.01,247.01,100,247.0,400,246.88,1300,246.87,200,246.86,500,246.6,200,246.51,100,246.5,2300,,,,,247.28,100,247.29,200,247.34,100,247.39,100,247.4,300,247.5,300,247.51,200,247.53,300,247.69,400,247.73,100
2026-01-16 09:33:55,247.145,247.04,1,247.01,100,247.28,100,247.28,247.01,247.01,100,247.0,400,246.88,1300,246.87,200,246.86,500,246.6,200,246.51,100,246.5,2300,,,,,247.28,100,247.29,200,247.34,100,247.39,100,247.4,300,247.5,300,247.51,200,247.53,300,247.69,400,247.73,100
2026-01-16 09:33:56,247.145,247.15,1,247.01,100,247.28,100,247.28,247.01,247.01,100,247.0,400,246.88,1300,246.87,200,246.86,500,246.6,200,246.51,100,246.5,2300,,,,,247.28,100,247.29,200,247.34,100,247.39,100,247.4,300,247.5,300,247.51,200,247.53,300,247.69,400,247.73,100
2026-01-16 09:33:57,247.145,247.15,1,247.01,100,247.28,100,247.28,247.01,247.01,100,247.0,400,246.88,1300,246.87,200,246.86,500,246.6,200,246.51,100,246.5,2300,,,,,247.28,100,247.29,200,247.34,100,247.39,100,247.4,300,247.5,300,247.51,200,247.53,300,247.69,400,247.73,100
2026-01-16 09:33:58,247.145,247.15,1,247.01,200,247.28,200,247.28,247.01,247.01,200,247.0,400,246.88,1300,246.87,200,246.86,500,246.6,200,246.51,100,246.5,2300,,,,,247.28,200,247.29,200,247.34,100,247.39,100,247.4,300,247.5,300,247.51,200,247.53,300,247.69,400,247.73,100
2026-01-16 09:33:59,247.335,247.28,1,247.14,500,247.53,100,247.53,247.14,247.14,500,247.11,300,247.01,200,247.0,400,246.88,1300,246.87,200,246.86,500,246.6,200,246.51,100,246.5,2300,247.53,100,247.69,400,247.73,100,247.85,100,247.86,300,247.87,400,247.9,100,247.91,300,247.92,300,247.97,200
2026-01-16 09:34:00,247.335,247.34,1,247.14,500,247.53,100,247.53,247.14,247.14,500,247.11,300,247.01,200,247.0,400,246.88,1300,246.87,200,246.86,500,246.6,200,246.51,100,246.5,2300,247.53,100,247.69,400,247.73,100,247.85,100,247.86,300,247.87,400,247.9,100,247.91,300,247.92,300,247.97,200
2026-01-16 09:34:01,247.335,247.34,1,247.14,800,247.53,100,247.53,247.14,247.14,800,247.11,300,247.01,200,247.0,400,246.88,1300,246.87,200,246.86,500,246.6,200,246.51,100,246.5,2300,247.53,100,247.69,400,247.73,100,247.85,100,247.86,300,247.87,400,247.9,100,247.91,300,247.92,300,247.97,200
2026-01-16 09:34:02,247.335,247.34,1,247.14,800,247.53,100,247.53,247.14,247.14,800,247.11,300,247.01,200,247.0,400,246.88,1300,246.87,200,246.86,500,246.6,200,246.51,100,246.5,2300,247.53,100,247.69,400,247.73,100,247.85,100,247.86,300,247.87,400,247.9,100,247.91,300,247.92,300,247.97,200
2026-01-16 09:34:03,247.335,247.34,1,247.14,800,247.53,100,247.53,247.14,247.14,800,247.11,300,247.01,200,247.0,400,246.88,1300,246.87,200,246.86,500,246.6,200,246.51,100,246.5,2300,247.53,100,247.69,400,247.73,100,247.85,100,247.86,300,247.87,400,247.9,100,247.91,300,247.92,300,247.97,200
2026-01-16 09:34:04,247.335,247.34,1,247.14,800,247.53,100,247.53,247.14,247.14,800,247.11,300,247.01,200,247.0,400,246.88,1300,246.87,200,246.86,500,246.6,200,246.51,100,246.5,2300,247.53,100,247.69,400,247.73,100,247.85,100,247.86,300,247.87,400,247.9,100,247.91,300,247.92,300,247.97,200
2026-01-16 09:34:05,247.335,247.34,1,247.14,700,247.53,100,247.53,247.14,247.14,700,247.11,300,247.01,200,247.0,400,246.88,1300,246.87,200,246.86,500,246.6,200,246.51,100,246.5,2300,247.53,100,247.69,400,247.73,100,247.85,100,247.86,300,247.87,400,247.9,100,247.91,300,247.92,300,247.97,200
2026-01-16 09:34:06,247.32,247.34,1,247.14,700,247.5,300,247.5,247.14,247.14,700,247.11,300,247.01,200,247.0,400,246.88,1300,246.87,200,246.86,500,246.6,200,246.51,100,246.5,2300,247.5,300,247.53,100,247.69,400,247.73,100,247.85,100,247.86,300,247.87,400,247.9,100,247.91,300,247.92,300
2026-01-16 09:34:07,247.075,247.02,1,246.89,100,247.26,100,247.26,246.89,246.89,100,246.88,1600,246.87,200,246.86,500,246.6,200,246.51,100,246.5,2300,,,,,,,247.26,100,247.27,100,247.3,200,247.31,100,247.32,100,247.5,300,247.53,100,247.69,400,247.73,100,247.85,100
2026-01-16 09:34:08,247.07,247.02,1,246.89,100,247.25,200,247.25,246.89,246.89,100,246.88,1600,246.87,200,246.86,500,246.6,200,246.51,100,246.5,2300,,,,,,,247.25,200,247.3,200,247.31,100,247.32,100,247.5,300,247.53,100,247.69,400,247.73,100,247.85,100,247.86,300
2026-01-16 09:34:09,247.07,247.02,1,246.89,100,247.25,200,247.25,246.89,246.89,100,246.88,1600,246.87,200,246.86,500,246.6,200,246.51,100,246.5,2300,,,,,,,247.25,200,247.3,200,247.31,100,247.32,100,247.5,300,247.53,100,247.69,400,247.73,100,247.85,100,247.86,300
2026-01-16 09:34:10,246.915,246.88,1,246.75,3000,247.08,200,247.08,246.75,246.75,3000,246.6,200,246.51,100,246.5,2300,,,,,,,,,,,,,247.08,200,247.13,100,247.24,100,247.25,200,247.3,200,247.31,100,247.32,100,247.5,300,247.53,100,247.69,400
2026-01-16 09:34:11,246.935,246.88,1,246.75,3000,247.12,200,247.12,246.75,246.75,3000,246.6,200,246.51,100,246.5,2300,,,,,,,,,,,,,247.12,200,247.13,400,247.24,100,247.25,200,247.3,200,247.31,100,247.32,100,247.5,300,247.53,100,247.69,400
2026-01-16 09:34:12,246.935,246.88,1,246.75,3000,247.12,300,247.12,246.75,246.75,3000,246.6,200,246.51,100,246.5,2300,,,,,,,,,,,,,247.12,300,247.13,400,247.24,100,247.25,200,247.3,200,247.31,100,247.32,100,247.5,300,247.53,100,247.69,400
2026-01-16 09:34:13,246.935,246.94,1,246.75,3000,247.12,300,247.12,246.75,246.75,3000,246.6,200,246.51,100,246.5,2300,,,,,,,,,,,,,247.12,300,247.13,400,247.24,100,247.25,200,247.3,200,247.31,100,247.32,100,247.5,300,247.53,100,247.69,400
2026-01-16 09:34:14,246.935,246.94,1,246.75,3000,247.12,200,247.12,246.75,246.75,3000,246.6,200,246.51,100,246.5,2300,,,,,,,,,,,,,247.12,200,247.13,400,247.24,100,247.25,200,247.3,200,247.31,100,247.32,100,247.5,300,247.53,100,247.69,400
2026-01-16 09:34:15,246.935,246.94,1,246.75,3000,247.12,200,247.12,246.75,246.75,3000,246.6,200,246.51,100,246.5,2300,,,,,,,,,,,,,247.12,200,247.13,400,247.24,100,247.25,200,247.3,200,247.31,100,247.32,100,247.5,300,247.53,100,247.69,400
2026-01-16 09:34:16,246.945,246.81,1,246.77,300,247.12,200,247.12,246.77,246.77,300,246.75,3000,246.6,200,246.51,100,246.5,2300,,,,,,,,,,,247.12,200,247.13,400,247.24,100,247.25,200,247.3,200,247.31,100,247.32,100,247.5,300,247.53,100,247.69,400
2026-01-16 09:34:17,246.945,246.81,1,246.77,300,247.12,200,247.12,246.77,246.77,300,246.75,3000,246.6,200,246.51,100,246.5,2300,,,,,,,,,,,247.12,200,247.13,400,247.24,100,247.25,200,247.3,200,247.31,100,247.32,100,247.5,300,247.53,100,247.69,400
2026-01-16 09:34:18,246.86,246.86,1,246.6,300,247.12,300,247.12,246.6,246.6,300,246.51,100,246.5,2300,,,,,,,,,,,,,,,247.12,300,247.13,300,247.24,100,247.5,300,247.53,100,247.69,400,247.73,100,247.85,100,247.86,300,247.87,400
2026-01-16 09:34:19,246.86,246.86,2,246.6,400,247.12,200,247.12,246.6,246.6,400,246.51,100,246.5,2300,,,,,,,,,,,,,,,247.12,200,247.13,300,247.24,100,247.5,300,247.53,100,247.69,400,247.73,100,247.85,100,247.86,300,247.87,400
2026-01-16 09:34:20,246.86,246.86,2,246.6,400,247.12,200,247.12,246.6,246.6,400,246.51,100,246.5,2300,,,,,,,,,,,,,,,247.12,200,247.13,300,247.24,100,247.5,300,247.53,100,247.69,400,247.73,100,247.85,100,247.86,300,247.87,400
2026-01-16 09:34:21,246.86,247.01,20,246.6,400,247.12,100,247.12,246.6,246.6,400,246.51,100,246.5,2300,,,,,,,,,,,,,,,247.12,100,247.13,300,247.24,100,247.5,300,247.53,100,247.69,400,247.73,100,247.85,100,247.86,300,247.87,400
2026-01-16 09:34:22,246.86,247.01,20,246.6,400,247.12,100,247.12,246.6,246.6,400,246.51,100,246.5,2300,,,,,,,,,,,,,,,247.12,100,247.13,300,247.24,100,247.5,300,247.53,100,247.69,400,247.73,100,247.85,100,247.86,300,247.87,400
2026-01-16 09:34:23,246.86,246.86,1,246.6,500,247.12,300,247.12,246.6,246.6,500,246.51,100,246.5,2300,,,,,,,,,,,,,,,247.12,300,247.13,300,247.24,100,247.5,300,247.53,100,247.69,400,247.73,100,247.85,100,247.86,300,247.87,400
2026-01-16 09:34:24,246.86,246.86,1,246.6,500,247.12,300,247.12,246.6,246.6,500,246.51,100,246.5,2300,,,,,,,,,,,,,,,247.12,300,247.13,300,247.24,100,247.5,300,247.53,100,247.69,400,247.73,100,247.85,100,247.86,300,247.87,400
2026-01-16 09:34:25,246.86,246.86,1,246.6,500,247.12,300,247.12,246.6,246.6,500,246.51,100,246.5,2300,,,,,,,,,,,,,,,247.12,300,247.13,300,247.24,100,247.5,300,247.53,100,247.69,400,247.73,100,247.85,100,247.86,300,247.87,400
2026-01-16 09:34:26,246.86,246.86,1,246.6,500,247.12,500,247.12,246.6,246.6,500,246.51,100,246.5,2300,,,,,,,,,,,,,,,247.12,500,247.13,300,247.24,100,247.5,300,247.53,100,247.69,400,247.73,100,247.85,100,247.86,300,247.87,400
2026-01-16 09:34:27,246.86,246.86,1,246.6,500,247.12,500,247.12,246.6,246.6,500,246.51,100,246.5,2300,,,,,,,,,,,,,,,247.12,500,247.13,300,247.24,100,247.5,300,247.53,100,247.69,400,247.73,100,247.85,100,247.86,300,247.87,400
2026-01-16 09:34:28,246.86,246.86,1,246.6,500,247.12,500,247.12,246.6,246.6,500,246.51,100,246.5,2300,,,,,,,,,,,,,,,247.12,500,247.13,300,247.24,100,247.5,300,247.53,100,247.69,400,247.73,100,247.85,100,247.86,300,247.87,400
2026-01-16 09:34:29,246.86,246.86,1,246.6,500,247.12,500,247.12,246.6,246.6,500,246.51,100,246.5,2300,,,,,,,,,,,,,,,247.12,500,247.13,300,247.24,100,247.5,300,247.53,100,247.69,400,247.73,100,247.85,100,247.86,300,247.87,400
2026-01-16 09:34:30,246.86,246.86,1,246.6,500,247.12,500,247.12,246.6,246.6,500,246.51,100,246.5,2300,,,,,,,,,,,,,,,247.12,500,247.13,300,247.24,100,247.5,300,247.53,100,247.69,400,247.73,100,247.85,100,247.86,300,247.87,400
2026-01-16 09:34:31,246.86,246.86,1,246.6,500,247.12,500,247.12,246.6,246.6,500,246.51,100,246.5,2300,,,,,,,,,,,,,,,247.12,500,247.13,300,247.24,100,247.5,300,247.53,100,247.69,400,247.73,100,247.85,100,247.86,300,247.87,400
2026-01-16 09:34:32,246.81,246.58,1,246.5,2300,247.12,600,247.12,246.5,246.5,2300,,,,,,,,,,,,,,,,,,,247.12,600,247.13,300,247.24,100,247.5,300,247.53,100,247.69,400,247.73,100,247.85,100,247.86,300,247.87,400
2026-01-16 09:34:33,246.805,246.75,2,246.53,100,247.08,600,247.08,246.53,246.53,100,246.5,2300,,,,,,,,,,,,,,,,,247.08,600,247.09,500,247.1,500,247.11,200,247.12,600,247.13,300,247.24,100,247.5,300,247.53,100,247.69,400
2026-01-16 09:34:34,246.795,246.8,1,246.53,100,247.06,400,247.06,246.53,246.53,100,246.5,2300,,,,,,,,,,,,,,,,,247.06,400,247.07,500,247.08,600,247.09,500,247.1,500,247.11,200,247.12,600,247.13,300,247.24,100,247.5,300
2026-01-16 09:34:35,246.78,246.8,1,246.52,100,247.04,300,247.04,246.52,246.52,100,246.5,2300,,,,,,,,,,,,,,,,,247.04,300,247.05,400,247.06,400,247.07,500,247.08,600,247.09,500,247.1,500,247.11,200,247.12,600,247.13,300
2026-01-16 09:34:36,246.78,246.8,1,246.52,100,247.04,500,247.04,246.52,246.52,100,246.5,2300,,,,,,,,,,,,,,,,,247.04,500,247.05,400,247.06,400,247.07,500,247.08,600,247.09,500,247.1,500,247.11,200,247.12,600,247.13,300
2026-01-16 09:34:37,246.78,246.8,1,246.52,100,247.04,500,247.04,246.52,246.52,100,246.5,2300,,,,,,,,,,,,,,,,,247.04,500,247.05,400,247.06,400,247.07,500,247.08,600,247.09,500,247.1,500,247.11,200,247.12,600,247.13,300
2026-01-16 09:34:38,246.77,246.8,1,246.52,100,247.02,400,247.02,246.52,246.52,100,246.5,2300,,,,,,,,,,,,,,,,,247.02,400,247.03,300,247.04,500,247.05,400,247.06,400,247.07,500,247.08,600,247.09,500,247.1,500,247.11,200
2026-01-16 09:34:39,246.77,246.8,1,246.52,100,247.02,400,247.02,246.52,246.52,100,246.5,2300,,,,,,,,,,,,,,,,,247.02,400,247.03,300,247.04,500,247.05,400,247.06,400,247.07,500,247.08,600,247.09,500,247.1,500,247.11,200
2026-01-16 09:34:40,246.435,246.44,1,246.36,300,246.51,100,246.51,246.36,246.36,300,,,,,,,,,,,,,,,,,,,246.51,100,246.52,700,246.62,700,246.93,100,247.01,300,247.02,500,247.03,300,247.04,500,247.05,400,247.06,400
2026-01-16 09:34:41,246.465,246.38,2,246.37,100,246.56,100,246.56,246.37,246.37,100,246.36,300,,,,,,,,,,,,,,,,,246.56,100,246.62,700,246.93,100,247.01,300,247.02,500,247.03,300,247.04,500,247.05,400,247.06,400,247.07,500
2026-01-16 09:34:42,246.465,246.38,2,246.37,100,246.56,100,246.56,246.37,246.37,100,246.36,300,,,,,,,,,,,,,,,,,246.56,100,246.62,700,246.93,100,247.01,300,247.02,500,247.03,300,247.04,500,247.05,400,247.06,400,247.07,500
2026-01-16 09:34:43,246.465,246.38,2,246.37,100,246.56,100,246.56,246.37,246.37,100,246.36,300,,,,,,,,,,,,,,,,,246.56,100,246.62,700,246.93,100,247.01,300,247.02,500,247.03,300,247.04,500,247.05,400,247.06,400,247.07,500
2026-01-16 09:34:44,246.465,246.38,2,246.37,100,246.56,100,246.56,246.37,246.37,100,246.36,300,,,,,,,,,,,,,,,,,246.56,100,246.62,700,246.93,100,247.01,300,247.02,500,247.03,300,247.04,500,247.05,400,247.06,400,247.07,500
2026-01-16 09:34:45,246.465,246.38,2,246.37,100,246.56,100,246.56,246.37,246.37,100,246.36,300,,,,,,,,,,,,,,,,,246.56,100,246.62,700,246.93,100,247.01,300,247.02,500,247.03,300,247.04,500,247.05,400,247.06,400,247.07,500
2026-01-16 09:34:46,246.69,246.47,1,246.46,300,246.92,500,246.92,246.46,246.46,300,246.38,100,246.37,200,246.36,300,,,,,,,,,,,,,246.92,500,246.93,300,246.94,100,247.12,500,247.13,300,247.24,100,247.5,300,247.53,100,247.69,400,247.73,100
2026-01-16 09:34:47,246.685,246.47,1,246.46,300,246.91,300,246.91,246.46,246.46,300,246.38,100,246.37,200,246.36,300,,,,,,,,,,,,,246.91,300,246.92,500,246.93,300,246.94,100,247.12,500,247.13,300,247.24,100,247.5,300,247.53,100,247.69,400
2026-01-16 09:34:48,246.575,246.52,1,246.37,300,246.78,100,246.78,246.37,246.37,300,246.36,300,,,,,,,,,,,,,,,,,246.78,100,246.91,200,246.92,500,246.93,300,246.94,100,247.12,500,247.13,300,247.24,100,247.5,300,247.53,100
2026-01-16 09:34:49,246.745,246.52,1,246.37,300,247.12,700,247.12,246.37,246.37,300,246.36,300,,,,,,,,,,,,,,,,,247.12,700,247.13,300,247.24,100,247.5,300,247.53,100,247.69,400,247.73,100,247.85,100,247.86,300,247.87,400
2026-01-16 09:34:50,246.745,246.52,1,246.37,300,247.12,700,247.12,246.37,246.37,300,246.36,300,,,,,,,,,,,,,,,,,247.12,700,247.13,300,247.24,100,247.5,300,247.53,100,247.69,400,247.73,100,247.85,100,247.86,300,247.87,400
2026-01-16 09:34:51,246.685,246.75,1,246.37,300,247.0,200,247.0,246.37,246.37,300,246.36,300,,,,,,,,,,,,,,,,,247.0,200,247.12,700,247.13,300,247.24,100,247.5,300,247.53,100,247.69,400,247.73,100,247.85,100,247.86,300
2026-01-16 09:34:52,246.685,246.76,2,246.37,300,247.0,200,247.0,246.37,246.37,300,246.36,300,,,,,,,,,,,,,,,,,247.0,200,247.12,700,247.13,300,247.24,100,247.5,300,247.53,100,247.69,400,247.73,100,247.85,100,247.86,300
2026-01-16 09:34:53,246.7,246.76,2,246.4,100,247.0,200,247.0,246.4,246.4,100,246.37,300,246.36,300,,,,,,,,,,,,,,,247.0,200,247.12,700,247.13,300,247.24,100,247.5,300,247.53,100,247.69,400,247.73,100,247.85,100,247.86,300
2026-01-16 09:34:54,246.7,246.41,1,246.4,100,247.0,200,247.0,246.4,246.4,100,246.37,300,246.36,300,,,,,,,,,,,,,,,247.0,200,247.12,700,247.13,300,247.24,100,247.5,300,247.53,100,247.69,400,247.73,100,247.85,100,247.86,300
2026-01-16 09:34:55,246.44,246.37,1,246.31,200,246.57,300,246.57,246.31,246.31,200,,,,,,,,,,,,,,,,,,,246.57,300,246.68,100,246.75,100,246.76,100,246.77,100,247.0,200,247.12,700,247.13,300,247.24,100,247.5,300
2026-01-16 09:34:56,246.52,246.4,2,246.31,200,246.73,200,246.73,246.31,246.31,200,,,,,,,,,,,,,,,,,,,246.73,200,246.74,200,246.75,100,246.76,100,246.77,100,247.0,200,247.12,700,247.13,300,247.24,100,247.5,300
2026-01-16 09:34:57,246.52,246.4,2,246.31,200,246.73,200,246.73,246.31,246.31,200,,,,,,,,,,,,,,,,,,,246.73,200,246.74,200,246.75,100,246.76,100,246.77,100,247.0,200,247.12,700,247.13,300,247.24,100,247.5,300
2026-01-16 09:34:58,246.49,246.31,2,246.25,200,246.73,500,246.73,246.25,246.25,200,,,,,,,,,,,,,,,,,,,246.73,500,246.74,200,246.75,100,246.76,100,246.77,100,247.0,200,247.12,700,247.13,300,247.24,100,247.5,300
2026-01-16 09:34:59,246.5,246.31,2,246.27,100,246.73,500,246.73,246.27,246.27,100,246.26,100,246.25,200,,,,,,,,,,,,,,,246.73,500,246.74,200,246.75,100,246.76,100,246.77,100,247.0,200,247.12,700,247.13,300,247.24,100,247.5,300
2026-01-16 09:35:00,246.51,246.5,1,246.28,100,246.74,100,246.74,246.28,246.28,100,246.27,100,246.26,100,246.25,200,,,,,,,,,,,,,246.74,100,246.75,100,246.76,100,246.77,100,247.0,200,247.12,700,247.13,300,247.24,100,247.5,300,247.53,100
2026-01-16 09:35:01,246.52,247.42,1,246.3,300,246.74,100,246.74,246.3,246.3,300,246.28,100,246.27,100,246.26,100,246.25,200,,,,,,,,,,,246.74,100,246.75,100,246.76,100,246.77,100,247.0,200,247.12,700,247.13,300,247.24,100,247.5,300,247.53,100
2026-01-16 09:35:02,246.73,246.52,1,246.47,100,246.99,100,246.99,246.47,246.47,100,246.45,3800,246.3,300,246.28,100,246.27,100,246.26,100,246.25,200,,,,,,,246.99,100,247.0,100,247.12,700,247.13,300,247.24,100,247.5,300,247.53,100,247.69,400,247.73,100,247.85,100
2026-01-16 09:35:03,246.745,246.52,1,246.5,100,246.99,100,246.99,246.5,246.5,100,246.47,100,246.45,3800,246.3,300,246.28,100,246.27,100,246.26,100,246.25,200,,,,,246.99,100,247.0,100,247.12,700,247.13,300,247.24,100,247.5,300,247.53,100,247.69,400,247.73,100,247.85,100
2026-01-16 09:35:04,246.75,246.52,1,246.5,300,247.0,100,247.0,246.5,246.5,300,246.47,100,246.45,3800,246.3,300,246.28,100,246.27,100,246.26,100,246.25,200,,,,,247.0,100,247.12,700,247.13,300,247.24,100,247.5,300,247.53,100,247.69,400,247.73,100,247.85,100,247.86,300
2026-01-16 09:35:05,246.745,246.75,10,246.5,300,246.99,100,246.99,246.5,246.5,300,246.47,100,246.45,3800,246.3,300,246.28,100,246.27,100,246.26,100,246.25,200,,,,,246.99,100,247.0,100,247.12,700,247.13,300,247.24,100,247.5,300,247.53,100,247.69,400,247.73,100,247.85,100
2026-01-16 09:35:06,246.75,246.75,1,246.51,100,246.99,100,246.99,246.51,246.51,100,246.5,300,246.47,100,246.45,3800,246.3,300,246.28,100,246.27,100,246.26,100,246.25,200,,,246.99,100,247.0,100,247.12,700,247.13,300,247.24,100,247.5,300,247.53,100,247.69,400,247.73,100,247.85,100
2026-01-16 09:35:07,246.745,246.99,1,246.51,100,246.98,100,246.98,246.51,246.51,100,246.5,300,246.47,100,246.45,3800,246.3,300,246.28,100,246.27,100,246.26,100,246.25,200,,,246.98,100,246.99,100,247.0,100,247.12,700,247.13,300,247.24,100,247.5,300,247.53,100,247.69,400,247.73,100
2026-01-16 09:35:08,246.745,246.99,1,246.51,100,246.98,100,246.98,246.51,246.51,100,246.5,300,246.47,100,246.45,3800,246.3,300,246.28,100,246.27,100,246.26,100,246.25,200,,,246.98,100,246.99,100,247.0,100,247.12,700,247.13,300,247.24,100,247.5,300,247.53,100,247.69,400,247.73,100
2026-01-16 09:35:09,246.745,246.76,1,246.51,200,246.98,200,246.98,246.51,246.51,200,246.5,300,246.47,100,246.45,3800,246.3,300,246.28,100,246.27,100,246.26,100,246.25,200,,,246.98,200,246.99,100,247.0,100,247.12,700,247.13,300,247.24,100,247.5,300,247.53,100,247.69,400,247.73,100
2026-01-16 09:35:10,246.745,246.76,1,246.51,200,246.98,200,246.98,246.51,246.51,200,246.5,300,246.47,100,246.45,3800,246.3,300,246.28,100,246.27,100,246.26,100,246.25,200,,,246.98,200,246.99,100,247.0,100,247.12,700,247.13,300,247.24,100,247.5,300,247.53,100,247.69,400,247.73,100
2026-01-16 09:35:11,246.745,246.76,1,246.51,200,246.98,200,246.98,246.51,246.51,200,246.5,300,246.47,100,246.45,3800,246.3,300,246.28,100,246.27,100,246.26,100,246.25,200,,,246.98,200,246.99,100,247.0,100,247.12,700,247.13,300,247.24,100,247.5,300,247.53,100,247.69,400,247.73,100
2026-01-16 09:35:12,246.75,246.76,1,246.52,100,246.98,200,246.98,246.52,246.52,100,246.51,200,246.5,300,246.47,100,246.45,3800,246.3,300,246.28,100,246.27,100,246.26,100,246.25,200,246.98,200,246.99,100,247.0,100,247.12,700,247.13,300,247.24,100,247.5,300,247.53,100,247.69,400,247.73,100
2026-01-16 09:35:13,246.745,246.73,5,246.52,100,246.97,100,246.97,246.52,246.52,100,246.51,200,246.5,300,246.47,100,246.45,3800,246.3,300,246.28,100,246.27,100,246.26,100,246.25,200,246.97,100,246.98,200,246.99,100,247.0,100,247.12,700,247.13,300,247.24,100,247.5,300,247.53,100,247.69,400
2026-01-16 09:35:14,246.74,246.73,5,246.52,100,246.96,100,246.96,246.52,246.52,100,246.51,200,246.5,300,246.47,100,246.45,3800,246.3,300,246.28,100,246.27,100,246.26,100,246.25,200,246.96,100,246.97,100,246.98,200,246.99,100,247.0,100,247.12,700,247.13,300,247.24,100,247.5,300,247.53,100
2026-01-16 09:35:15,246.685,246.5,1,246.49,200,246.88,100,246.88,246.49,246.49,200,246.47,100,246.45,3800,246.3,300,246.28,100,246.27,100,246.26,100,246.25,200,,,,,246.88,100,246.89,900,246.96,100,246.97,100,246.98,200,246.99,100,247.0,100,247.12,700,247.13,300,247.24,100
2026-01-16 09:35:16,246.74,246.5,1,246.49,200,246.99,300,246.99,246.49,246.49,200,246.47,100,246.45,3800,246.3,300,246.28,100,246.27,100,246.26,100,246.25,200,,,,,246.99,300,247.0,100,247.12,700,247.13,300,247.24,100,247.5,300,247.53,100,247.69,400,247.73,100,247.85,100
2026-01-16 09:35:17,246.74,246.5,1,246.49,200,246.99,300,246.99,246.49,246.49,200,246.47,100,246.45,3800,246.3,300,246.28,100,246.27,100,246.26,100,246.25,200,,,,,246.99,300,247.0,100,247.12,700,247.13,300,247.24,100,247.5,300,247.53,100,247.69,400,247.73,100,247.85,100
2026-01-16 09:35:18,246.74,246.5,1,246.49,200,246.99,300,246.99,246.49,246.49,200,246.47,100,246.45,3800,246.3,300,246.28,100,246.27,100,246.26,100,246.25,200,,,,,246.99,300,247.0,100,247.12,700,247.13,300,247.24,100,247.5,300,247.53,100,247.69,400,247.73,100,247.85,100
2026-01-16 09:35:19,246.74,246.5,1,246.49,200,246.99,300,246.99,246.49,246.49,200,246.47,100,246.45,3800,246.3,300,246.28,100,246.27,100,246.26,100,246.25,200,,,,,246.99,300,247.0,100,247.12,700,247.13,300,247.24,100,247.5,300,247.53,100,247.69,400,247.73,100,247.85,100
2026-01-16 09:35:20,246.75,246.5,1,246.51,100,246.99,300,246.99,246.51,246.51,100,246.49,200,246.47,100,246.45,3800,246.3,300,246.28,100,246.27,100,246.26,100,246.25,200,,,246.99,300,247.0,100,247.12,700,247.13,300,247.24,100,247.5,300,247.53,100,247.69,400,247.73,100,247.85,100
2026-01-16 09:35:21,246.75,246.5,1,246.51,100,246.99,300,246.99,246.51,246.51,100,246.49,200,246.47,100,246.45,3800,246.3,300,246.28,100,246.27,100,246.26,100,246.25,200,,,246.99,300,247.0,100,247.12,700,247.13,300,247.24,100,247.5,300,247.53,100,247.69,400,247.73,100,247.85,100
2026-01-16 09:35:22,246.75,246.51,1,246.51,100,246.99,300,246.99,246.51,246.51,100,246.49,200,246.47,100,246.45,3800,246.3,300,246.28,100,246.27,100,246.26,100,246.25,200,,,246.99,300,247.0,100,247.12,700,247.13,300,247.24,100,247.5,300,247.53,100,247.69,400,247.73,100,247.85,100
2026-01-16 09:35:23,246.75,246.51,1,246.51,100,246.99,300,246.99,246.51,246.51,100,246.49,200,246.47,100,246.45,3800,246.3,300,246.28,100,246.27,100,246.26,100,246.25,200,,,246.99,300,247.0,100,247.12,700,247.13,300,247.24,100,247.5,300,247.53,100,247.69,400,247.73,100,247.85,100
2026-01-16 09:35:24,246.75,246.69,49,246.51,200,246.99,500,246.99,246.51,246.51,200,246.49,200,246.47,100,246.45,3800,246.3,300,246.28,100,246.27,100,246.26,100,246.25,200,,,246.99,500,247.0,100,247.12,700,247.13,300,247.24,100,247.5,300,247.53,100,247.69,400,247.73,100,247.85,100
2026-01-16 09:35:25,246.75,246.51,1,246.51,200,246.99,500,246.99,246.51,246.51,200,246.49,200,246.47,100,246.45,3800,246.3,300,246.28,100,246.27,100,246.26,100,246.25,200,,,246.99,500,247.0,100,247.12,700,247.13,300,247.24,100,247.5,300,247.53,100,247.69,400,247.73,100,247.85,100
2026-01-16 09:35:26,246.75,246.75,2,246.51,200,246.99,500,246.99,246.51,246.51,200,246.49,200,246.47,100,246.45,3800,246.3,300,246.28,100,246.27,100,246.26,100,246.25,200,,,246.99,500,247.0,100,247.12,700,247.13,300,247.24,100,247.5,300,247.53,100,247.69,400,247.73,100,247.85,100
2026-01-16 09:35:27,246.69,246.52,1,246.5,100,246.88,100,246.88,246.5,246.5,100,246.49,200,246.47,100,246.45,3800,246.3,300,246.28,100,246.27,100,246.26,100,246.25,200,,,246.88,100,246.89,200,246.99,500,247.0,100,247.12,700,247.13,300,247.24,100,247.5,300,247.53,100,247.69,400
2026-01-16 09:35:28,246.685,246.52,1,246.5,100,246.87,200,246.87,246.5,246.5,100,246.49,200,246.47,100,246.45,3800,246.3,300,246.28,100,246.27,100,246.26,100,246.25,200,,,246.87,200,246.88,200,246.89,200,246.99,500,247.0,100,247.12,700,247.13,300,247.24,100,247.5,300,247.53,100
2026-01-16 09:35:29,246.685,246.51,1,246.5,100,246.87,200,246.87,246.5,246.5,100,246.49,200,246.47,100,246.45,3800,246.3,300,246.28,100,246.27,100,246.26,100,246.25,200,,,246.87,200,246.88,200,246.89,200,246.99,500,247.0,100,247.12,700,247.13,300,247.24,100,247.5,300,247.53,100
2026-01-16 09:35:30,246.685,246.51,1,246.5,100,246.87,400,246.87,246.5,246.5,100,246.49,200,246.47,100,246.45,3800,246.3,300,246.28,100,246.27,100,246.26,100,246.25,200,,,246.87,400,246.88,200,246.89,200,246.99,500,247.0,100,247.12,700,247.13,300,247.24,100,247.5,300,247.53,100
2026-01-16 09:35:31,246.685,246.69,1,246.5,100,246.87,400,246.87,246.5,246.5,100,246.49,200,246.47,100,246.45,3800,246.3,300,246.28,100,246.27,100,246.26,100,246.25,200,,,246.87,400,246.88,200,246.89,200,246.99,500,247.0,100,247.12,700,247.13,300,247.24,100,247.5,300,247.53,100
2026-01-16 09:35:32,246.685,246.5,3,246.5,100,246.87,400,246.87,246.5,246.5,100,246.49,200,246.47,100,246.45,3800,246.3,300,246.28,100,246.27,100,246.26,100,246.25,200,,,246.87,400,246.88,200,246.89,200,246.99,500,247.0,100,247.12,700,247.13,300,247.24,100,247.5,300,247.53,100
2026-01-16 09:35:33,246.685,246.5,3,246.5,100,246.87,400,246.87,246.5,246.5,100,246.49,200,246.47,100,246.45,3800,246.3,300,246.28,100,246.27,100,246.26,100,246.25,200,,,246.87,400,246.88,200,246.89,200,246.99,500,247.0,100,247.12,700,247.13,300,247.24,100,247.5,300,247.53,100
2026-01-16 09:35:34,246.68,246.5,3,246.5,100,246.86,200,246.86,246.5,246.5,100,246.49,200,246.47,100,246.45,3800,246.3,300,246.28,100,246.27,100,246.26,100,246.25,200,,,246.86,200,246.87,400,246.88,200,246.89,200,246.99,500,247.0,100,247.12,700,247.13,300,247.24,100,247.5,300
2026-01-16 09:35:35,246.43,246.45,2,246.27,200,246.59,100,246.59,246.27,246.27,200,246.26,100,246.25,300,,,,,,,,,,,,,,,246.59,100,246.64,200,246.67,100,246.73,100,246.78,100,246.79,100,246.86,200,246.87,400,246.88,200,246.89,200
2026-01-16 09:35:36,246.43,246.5,1,246.27,200,246.59,100,246.59,246.27,246.27,200,246.26,100,246.25,300,,,,,,,,,,,,,,,246.59,100,246.64,200,246.67,100,246.73,100,246.78,100,246.79,100,246.86,200,246.87,400,246.88,200,246.89,200
2026-01-16 09:35:37,246.43,246.43,2,246.27,200,246.59,200,246.59,246.27,246.27,200,246.26,100,246.25,300,,,,,,,,,,,,,,,246.59,200,246.64,200,246.67,100,246.73,100,246.78,100,246.79,100,246.86,200,246.87,400,246.88,200,246.89,200
2026-01-16 09:35:38,246.43,246.43,2,246.27,300,246.59,200,246.59,246.27,246.27,300,246.26,100,246.25,300,,,,,,,,,,,,,,,246.59,200,246.64,200,246.67,100,246.73,100,246.78,100,246.79,100,246.86,200,246.87,400,246.88,200,246.89,200
2026-01-16 09:35:39,246.44,246.44,1,246.29,100,246.59,200,246.59,246.29,246.29,100,246.27,300,246.26,100,246.25,300,,,,,,,,,,,,,246.59,200,246.64,200,246.67,100,246.73,100,246.78,100,246.79,100,246.86,200,246.87,400,246.88,200,246.89,200
2026-01-16 09:35:40,246.565,246.56,1,246.36,400,246.77,100,246.77,246.36,246.36,400,246.35,100,246.3,100,246.29,200,246.27,300,246.26,100,246.25,300,,,,,,,246.77,100,246.78,200,246.79,200,246.86,100,246.87,300,246.88,200,246.89,200,246.99,500,247.0,100,247.12,700
2026-01-16 09:35:41,246.57,246.57,1,246.36,700,246.78,300,246.78,246.36,246.36,700,246.35,100,246.3,100,246.29,200,246.27,300,246.26,100,246.25,300,,,,,,,246.78,300,246.79,200,246.86,100,246.87,300,246.88,200,246.89,200,246.99,500,247.0,100,247.12,700,247.13,300
2026-01-16 09:35:42,246.63,246.57,1,246.49,200,246.77,100,246.77,246.49,246.49,200,246.36,700,246.35,100,246.3,100,246.29,200,246.27,300,246.26,100,246.25,300,,,,,246.77,100,246.78,300,246.79,200,246.86,100,246.87,300,246.88,200,246.89,200,246.99,500,247.0,100,247.12,700
2026-01-16 09:35:43,246.575,246.49,1,246.37,100,246.78,300,246.78,246.37,246.37,100,246.36,700,246.35,100,246.3,100,246.29,200,246.27,300,246.26,100,246.25,300,,,,,246.78,300,246.79,200,246.86,100,246.87,300,246.88,200,246.89,200,246.99,500,247.0,100,247.12,700,247.13,300
2026-01-16 09:35:44,246.575,246.49,1,246.37,100,246.78,300,246.78,246.37,246.37,100,246.36,700,246.35,100,246.3,100,246.29,200,246.27,300,246.26,100,246.25,300,,,,,246.78,300,246.79,200,246.86,100,246.87,300,246.88,200,246.89,200,246.99,500,247.0,100,247.12,700,247.13,300
2026-01-16 09:35:45,246.575,246.58,1,246.37,100,246.78,300,246.78,246.37,246.37,100,246.36,700,246.35,100,246.3,100,246.29,200,246.27,300,246.26,100,246.25,300,,,,,246.78,300,246.79,200,246.86,100,246.87,300,246.88,200,246.89,200,246.99,500,247.0,100,247.12,700,247.13,300
2026-01-16 09:35:46,246.575,246.58,1,246.37,100,246.78,300,246.78,246.37,246.37,100,246.36,700,246.35,100,246.3,100,246.29,200,246.27,300,246.26,100,246.25,300,,,,,246.78,300,246.79,200,246.86,100,246.87,300,246.88,200,246.89,200,246.99,500,247.0,100,247.12,700,247.13,300
2026-01-16 09:35:47,246.575,246.65,20,246.37,100,246.78,400,246.78,246.37,246.37,100,246.36,700,246.35,100,246.3,100,246.29,200,246.27,300,246.26,100,246.25,300,,,,,246.78,400,246.79,200,246.86,100,246.87,300,246.88,200,246.89,200,246.99,500,247.0,100,247.12,700,247.13,300
2026-01-16 09:35:48,246.575,246.65,20,246.37,200,246.78,300,246.78,246.37,246.37,200,246.36,700,246.35,100,246.3,100,246.29,200,246.27,300,246.26,100,246.25,300,,,,,246.78,300,246.79,200,246.86,100,246.87,300,246.88,200,246.89,200,246.99,500,247.0,100,247.12,700,247.13,300
2026-01-16 09:35:49,246.575,246.52,1,246.37,200,246.78,300,246.78,246.37,246.37,200,246.36,700,246.35,100,246.3,100,246.29,200,246.27,300,246.26,100,246.25,300,,,,,246.78,300,246.79,200,246.86,100,246.87,300,246.88,200,246.89,200,246.99,500,247.0,100,247.12,700,247.13,300
2026-01-16 09:35:50,246.575,246.52,1,246.37,200,246.78,300,246.78,246.37,246.37,200,246.36,700,246.35,100,246.3,100,246.29,200,246.27,300,246.26,100,246.25,300,,,,,246.78,300,246.79,200,246.86,100,246.87,300,246.88,200,246.89,200,246.99,500,247.0,100,247.12,700,247.13,300
2026-01-16 09:35:51,246.575,246.52,1,246.37,200,246.78,300,246.78,246.37,246.37,200,246.36,700,246.35,100,246.3,100,246.29,200,246.27,300,246.26,100,246.25,300,,,,,246.78,300,246.79,200,246.86,100,246.87,300,246.88,200,246.89,200,246.99,500,247.0,100,247.12,700,247.13,300
2026-01-16 09:35:52,246.575,246.52,1,246.37,200,246.78,300,246.78,246.37,246.37,200,246.36,700,246.35,100,246.3,100,246.29,200,246.27,300,246.26,100,246.25,300,,,,,246.78,300,246.79,200,246.86,100,246.87,300,246.88,200,246.89,200,246.99,500,247.0,100,247.12,700,247.13,300
2026-01-16 09:35:53,246.575,246.52,1,246.37,200,246.78,300,246.78,246.37,246.37,200,246.36,700,246.35,100,246.3,100,246.29,200,246.27,300,246.26,100,246.25,300,,,,,246.78,300,246.79,200,246.86,100,246.87,300,246.88,200,246.89,200,246.99,500,247.0,100,247.12,700,247.13,300
2026-01-16 09:35:54,246.635,246.52,1,246.5,300,246.77,200,246.77,246.5,246.5,300,246.37,200,246.36,700,246.35,100,246.3,100,246.29,200,246.27,300,246.26,100,246.25,300,,,246.77,200,246.78,300,246.79,200,246.86,100,246.87,300,246.88,200,246.89,200,246.99,500,247.0,100,247.12,700
2026-01-16 09:35:55,246.64,246.63,1,246.51,700,246.77,300,246.77,246.51,246.51,700,246.5,300,246.37,200,246.36,700,246.35,100,246.3,100,246.29,200,246.27,300,246.26,100,246.25,300,246.77,300,246.78,300,246.79,200,246.86,100,246.87,300,246.88,200,246.89,200,246.99,500,247.0,100,247.12,700
2026-01-16 09:35:56,246.64,246.63,1,246.51,700,246.77,300,246.77,246.51,246.51,700,246.5,300,246.37,200,246.36,700,246.35,100,246.3,100,246.29,200,246.27,300,246.26,100,246.25,300,246.77,300,246.78,300,246.79,200,246.86,100,246.87,300,246.88,200,246.89,200,246.99,500,247.0,100,247.12,700
2026-01-16 09:35:57,246.545,246.5,1,246.38,100,246.71,200,246.71,246.38,246.38,100,246.37,100,246.36,600,246.35,100,246.3,100,246.29,200,246.27,300,246.26,100,246.25,300,,,246.71,200,246.72,100,246.77,300,246.78,300,246.79,200,246.86,100,246.87,300,246.88,200,246.89,200,246.99,500
2026-01-16 09:35:58,246.55,246.5,1,246.38,100,246.72,200,246.72,246.38,246.38,100,246.37,100,246.36,600,246.35,100,246.3,100,246.29,200,246.27,300,246.26,100,246.25,300,,,246.72,200,246.77,300,246.78,300,246.79,200,246.86,100,246.87,300,246.88,200,246.89,200,246.99,500,247.0,100
2026-01-16 09:35:59,246.545,246.5,1,246.38,100,246.71,100,246.71,246.38,246.38,100,246.37,100,246.36,600,246.35,100,246.3,100,246.29,200,246.27,300,246.26,100,246.25,300,,,246.71,100,246.72,200,246.77,300,246.78,300,246.79,200,246.86,100,246.87,300,246.88,200,246.89,200,246.99,500
2026-01-16 09:36:00,246.66,246.55,1,246.5,200,246.82,200,246.82,246.5,246.5,200,246.37,100,246.36,600,246.35,100,246.3,100,246.29,200,246.27,300,246.26,100,246.25,300,,,246.82,200,246.86,100,246.87,300,246.88,200,246.89,200,246.99,500,247.0,100,247.12,700,247.13,300,247.24,100
2026-01-16 09:36:01,246.53,246.5,1,246.25,300,246.81,200,246.81,246.25,246.25,300,,,,,,,,,,,,,,,,,,,246.81,200,246.82,400,246.86,100,246.87,300,246.88,200,246.89,200,246.99,500,247.0,100,247.12,700,247.13,300
2026-01-16 09:36:02,246.39,246.5,1,246.25,300,246.53,200,246.53,246.25,246.25,300,,,,,,,,,,,,,,,,,,,246.53,200,246.81,200,246.82,400,246.86,100,246.87,300,246.88,200,246.89,200,246.99,500,247.0,100,247.12,700
2026-01-16 09:36:03,246.34,246.5,1,246.28,100,246.4,300,246.4,246.28,246.28,100,246.25,300,,,,,,,,,,,,,,,,,246.4,300,246.53,200,246.81,200,246.82,400,246.86,100,246.87,300,246.88,200,246.89,200,246.99,500,247.0,100
2026-01-16 09:36:04,246.55,246.52,1,246.28,200,246.82,600,246.82,246.28,246.28,200,246.25,300,,,,,,,,,,,,,,,,,246.82,600,246.86,100,246.87,300,246.88,200,246.89,200,246.99,500,247.0,100,247.12,700,247.13,300,247.24,100
2026-01-16 09:36:05,246.55,246.52,1,246.28,300,246.82,600,246.82,246.28,246.28,300,246.25,300,,,,,,,,,,,,,,,,,246.82,600,246.86,100,246.87,300,246.88,200,246.89,200,246.99,500,247.0,100,247.12,700,247.13,300,247.24,100
2026-01-16 09:36:06,246.55,246.54,1,246.28,300,246.82,600,246.82,246.28,246.28,300,246.25,300,,,,,,,,,,,,,,,,,246.82,600,246.86,100,246.87,300,246.88,200,246.89,200,246.99,500,247.0,100,247.12,700,247.13,300,247.24,100
2026-01-16 09:36:07,246.54,246.46,1,246.28,300,246.8,200,246.8,246.28,246.28,300,246.25,300,,,,,,,,,,,,,,,,,246.8,200,246.82,600,246.86,100,246.87,300,246.88,200,246.89,200,246.99,500,247.0,100,247.12,700,247.13,300
2026-01-16 09:36:08,246.54,246.28,4,246.28,300,246.8,100,246.8,246.28,246.28,300,246.25,300,,,,,,,,,,,,,,,,,246.8,100,246.82,600,246.86,100,246.87,300,246.88,200,246.89,200,246.99,500,247.0,100,247.12,700,247.13,300
2026-01-16 09:36:09,246.54,246.44,1,246.28,300,246.8,100,246.8,246.28,246.28,300,246.25,300,,,,,,,,,,,,,,,,,246.8,100,246.82,600,246.86,100,246.87,300,246.88,200,246.89,200,246.99,500,247.0,100,247.12,700,247.13,300
2026-01-16 09:36:10,246.54,246.44,1,246.28,300,246.8,100,246.8,246.28,246.28,300,246.25,300,,,,,,,,,,,,,,,,,246.8,100,246.82,600,246.86,100,246.87,300,246.88,200,246.89,200,246.99,500,247.0,100,247.12,700,247.13,300
2026-01-16 09:36:11,246.655,246.44,1,246.51,100,246.8,200,246.8,246.51,246.51,100,246.48,100,246.37,200,246.28,300,246.25,300,,,,,,,,,,,246.8,200,246.82,600,246.86,100,246.87,300,246.88,200,246.89,200,246.99,500,247.0,100,247.12,700,247.13,300
2026-01-16 09:36:12,246.65,246.44,1,246.51,200,246.79,100,246.79,246.51,246.51,200,246.48,100,246.37,200,246.28,300,246.25,300,,,,,,,,,,,246.79,100,246.8,100,246.82,600,246.86,100,246.87,300,246.88,200,246.89,200,246.99,500,247.0,100,247.12,700
2026-01-16 09:36:13,246.64,246.44,1,246.51,200,246.77,100,246.77,246.51,246.51,200,246.48,100,246.37,200,246.28,300,246.25,300,,,,,,,,,,,246.77,100,246.79,100,246.8,100,246.82,600,246.86,100,246.87,300,246.88,200,246.89,200,246.99,500,247.0,100
2026-01-16 09:36:14,246.64,246.64,1,246.52,100,246.76,400,246.76,246.52,246.52,100,246.51,200,246.48,100,246.37,200,246.28,300,246.25,300,,,,,,,,,246.76,400,246.77,300,246.79,100,246.8,100,246.82,600,246.86,100,246.87,300,246.88,200,246.89,200,246.99,500
2026-01-16 09:36:15,246.64,246.52,2,246.52,100,246.76,300,246.76,246.52,246.52,100,246.51,200,246.48,100,246.37,200,246.28,300,246.25,300,,,,,,,,,246.76,300,246.77,300,246.79,100,246.8,100,246.82,600,246.86,100,246.87,300,246.88,200,246.89,200,246.99,500
2026-01-16 09:36:16,246.615,246.64,1,246.47,300,246.76,300,246.76,246.47,246.47,300,246.26,100,246.25,300,,,,,,,,,,,,,,,246.76,300,246.77,300,246.79,100,246.8,100,246.82,600,246.86,100,246.87,300,246.88,200,246.89,200,246.99,500
2026-01-16 09:36:17,246.61,246.61,1,246.47,200,246.75,400,246.75,246.47,246.47,200,246.26,100,246.25,300,,,,,,,,,,,,,,,246.75,400,246.76,300,246.77,300,246.79,100,246.8,100,246.82,600,246.86,100,246.87,300,246.88,200,246.89,200
2026-01-16 09:36:18,246.625,246.61,1,246.5,800,246.75,400,246.75,246.5,246.5,800,246.47,200,246.26,100,246.25,300,,,,,,,,,,,,,246.75,400,246.76,300,246.77,300,246.79,100,246.8,100,246.82,600,246.86,100,246.87,300,246.88,200,246.89,200
2026-01-16 09:36:19,246.625,246.61,1,246.5,800,246.75,400,246.75,246.5,246.5,800,246.47,200,246.26,100,246.25,300,,,,,,,,,,,,,246.75,400,246.76,300,246.77,300,246.79,100,246.8,100,246.82,600,246.86,100,246.87,300,246.88,200,246.89,200
2026-01-16 09:36:20,246.625,246.63,10,246.5,800,246.75,400,246.75,246.5,246.5,800,246.47,200,246.26,100,246.25,300,,,,,,,,,,,,,246.75,400,246.76,300,246.77,300,246.79,100,246.8,100,246.82,600,246.86,100,246.87,300,246.88,200,246.89,200
2026-01-16 09:36:21,246.63,246.5,2,246.51,100,246.75,300,246.75,246.51,246.51,100,246.5,800,246.47,200,246.26,100,246.25,300,,,,,,,,,,,246.75,300,246.76,300,246.77,300,246.79,100,246.8,100,246.82,600,246.86,100,246.87,300,246.88,200,246.89,200
2026-01-16 09:36:22,246.63,246.51,2,246.51,100,246.75,300,246.75,246.51,246.51,100,246.5,800,246.47,200,246.26,100,246.25,300,,,,,,,,,,,246.75,300,246.76,300,246.77,300,246.79,100,246.8,100,246.82,600,246.86,100,246.87,300,246.88,200,246.89,200
2026-01-16 09:36:23,246.63,246.51,2,246.51,100,246.75,300,246.75,246.51,246.51,100,246.5,800,246.47,200,246.26,100,246.25,300,,,,,,,,,,,246.75,300,246.76,300,246.77,300,246.79,100,246.8,100,246.82,600,246.86,100,246.87,300,246.88,200,246.89,200
2026-01-16 09:36:25,246.495,246.5,1,246.25,600,246.74,100,246.74,246.25,246.25,600,,,,,,,,,,,,,,,,,,,246.74,100,246.75,300,246.76,300,246.77,300,246.79,100,246.8,100,246.82,600,246.86,100,246.87,300,246.88,200
2026-01-16 09:36:26,246.495,246.5,1,246.25,600,246.74,100,246.74,246.25,246.25,600,,,,,,,,,,,,,,,,,,,246.74,100,246.75,300,246.76,300,246.77,300,246.79,100,246.8,100,246.82,600,246.86,100,246.87,300,246.88,200
2026-01-16 09:36:27,246.4,246.5,1,246.26,200,246.54,100,246.54,246.26,246.26,200,246.25,800,,,,,,,,,,,,,,,,,246.54,100,246.75,300,246.76,300,246.77,300,246.79,100,246.8,100,246.82,600,246.86,100,246.87,300,246.88,200
2026-01-16 09:36:28,246.61,246.53,1,246.47,300,246.75,300,246.75,246.47,246.47,300,246.31,400,246.3,100,246.26,200,246.25,800,,,,,,,,,,,246.75,300,246.76,300,246.77,300,246.79,100,246.8,100,246.82,600,246.86,100,246.87,300,246.88,200,246.89,200
2026-01-16 09:36:29,246.645,246.65,3,246.54,200,246.75,300,246.75,246.54,246.54,200,246.47,300,246.31,400,246.3,100,246.26,200,246.25,800,,,,,,,,,246.75,300,246.76,300,246.77,300,246.79,100,246.8,100,246.82,600,246.86,100,246.87,300,246.88,200,246.89,200
2026-01-16 09:36:30,246.65,246.65,3,246.55,100,246.75,300,246.75,246.55,246.55,100,246.54,200,246.47,300,246.31,400,246.3,100,246.26,200,246.25,800,,,,,,,246.75,300,246.76,300,246.77,300,246.79,100,246.8,100,246.82,600,246.86,100,246.87,300,246.88,200,246.89,200
2026-01-16 09:36:31,246.66,246.66,1,246.57,100,246.75,300,246.75,246.57,246.57,100,246.56,100,246.55,100,246.54,200,246.47,300,246.31,400,246.3,100,246.26,200,246.25,800,,,246.75,300,246.76,300,246.77,300,246.79,100,246.8,100,246.82,600,246.86,100,246.87,300,246.88,200,246.89,200
2026-01-16 09:36:32,246.66,246.66,1,246.57,100,246.75,300,246.75,246.57,246.57,100,246.56,100,246.55,100,246.54,200,246.47,300,246.31,400,246.3,100,246.26,200,246.25,800,,,246.75,300,246.76,300,246.77,300,246.79,100,246.8,100,246.82,600,246.86,100,246.87,300,246.88,200,246.89,200
2026-01-16 09:36:33,246.66,246.66,1,246.57,100,246.75,300,246.75,246.57,246.57,100,246.56,100,246.55,100,246.54,200,246.47,300,246.31,400,246.3,100,246.26,200,246.25,800,,,246.75,300,246.76,300,246.77,300,246.79,100,246.8,100,246.82,600,246.86,100,246.87,300,246.88,200,246.89,200
2026-01-16 09:36:34,246.66,246.66,1,246.57,100,246.75,300,246.75,246.57,246.57,100,246.56,100,246.55,100,246.54,200,246.47,300,246.31,400,246.3,100,246.26,200,246.25,800,,,246.75,300,246.76,300,246.77,300,246.79,100,246.8,100,246.82,600,246.86,100,246.87,300,246.88,200,246.89,200
2026-01-16 09:36:35,246.66,246.66,1,246.57,100,246.75,300,246.75,246.57,246.57,100,246.56,100,246.55,100,246.54,200,246.47,300,246.31,400,246.3,100,246.26,200,246.25,800,,,246.75,300,246.76,300,246.77,300,246.79,100,246.8,100,246.82,600,246.86,100,246.87,300,246.88,200,246.89,200
2026-01-16 09:36:36,246.66,246.66,1,246.57,100,246.75,300,246.75,246.57,246.57,100,246.56,100,246.55,100,246.54,200,246.47,300,246.31,400,246.3,100,246.26,200,246.25,800,,,246.75,300,246.76,300,246.77,300,246.79,100,246.8,100,246.82,600,246.86,100,246.87,300,246.88,200,246.89,200
2026-01-16 09:36:37,246.665,246.66,1,246.58,100,246.75,300,246.75,246.58,246.58,100,246.56,100,246.55,100,246.54,200,246.47,300,246.31,400,246.3,100,246.26,200,246.25,800,,,246.75,300,246.76,300,246.77,300,246.79,100,246.8,100,246.82,600,246.86,100,246.87,300,246.88,200,246.89,200
2026-01-16 09:36:38,246.665,246.66,1,246.58,100,246.75,300,246.75,246.58,246.58,100,246.56,100,246.55,100,246.54,200,246.47,300,246.31,400,246.3,100,246.26,200,246.25,800,,,246.75,300,246.76,300,246.77,300,246.79,100,246.8,100,246.82,600,246.86,100,246.87,300,246.88,200,246.89,200
2026-01-16 09:36:39,246.66,246.74,10,246.57,100,246.75,300,246.75,246.57,246.57,100,246.56,100,246.55,100,246.54,200,246.47,300,246.31,400,246.3,100,246.26,200,246.25,800,,,246.75,300,246.76,300,246.77,300,246.79,100,246.8,100,246.82,600,246.86,100,246.87,300,246.88,200,246.89,200
2026-01-16 09:36:40,246.66,246.74,10,246.57,100,246.75,300,246.75,246.57,246.57,100,246.56,100,246.55,100,246.54,200,246.47,300,246.31,400,246.3,100,246.26,200,246.25,800,,,246.75,300,246.76,300,246.77,300,246.79,100,246.8,100,246.82,600,246.86,100,246.87,300,246.88,200,246.89,200
2026-01-16 09:36:41,246.655,246.74,10,246.56,100,246.75,300,246.75,246.56,246.56,100,246.55,100,246.54,200,246.47,300,246.31,400,246.3,100,246.26,200,246.25,800,,,,,246.75,300,246.76,300,246.77,300,246.79,100,246.8,100,246.82,600,246.86,100,246.87,300,246.88,200,246.89,200
2026-01-16 09:36:42,246.655,246.66,1,246.56,100,246.75,300,246.75,246.56,246.56,100,246.55,100,246.54,200,246.47,300,246.31,400,246.3,100,246.26,200,246.25,800,,,,,246.75,300,246.76,300,246.77,300,246.79,100,246.8,100,246.82,600,246.86,100,246.87,300,246.88,200,246.89,200
2026-01-16 09:36:43,246.655,246.66,1,246.56,100,246.75,300,246.75,246.56,246.56,100,246.55,100,246.54,200,246.47,300,246.31,400,246.3,100,246.26,200,246.25,800,,,,,246.75,300,246.76,300,246.77,300,246.79,100,246.8,100,246.82,600,246.86,100,246.87,300,246.88,200,246.89,200
2026-01-16 09:36:44,246.89,247.04,1,246.75,300,247.03,500,247.03,246.75,246.75,300,246.74,100,246.7,100,246.69,100,246.56,200,246.55,100,246.54,200,246.47,300,246.31,400,246.3,100,247.03,500,247.09,100,247.1,200,247.12,500,247.13,300,247.24,100,247.5,300,247.53,100,247.69,400,247.73,100
2026-01-16 09:36:45,246.875,247.04,1,246.76,100,246.99,1100,246.99,246.76,246.76,100,246.75,300,246.74,100,246.7,100,246.69,100,246.56,200,246.55,100,246.54,200,246.47,300,246.31,400,246.99,1100,247.03,500,247.09,100,247.1,200,247.12,500,247.13,300,247.24,100,247.5,300,247.53,100,247.69,400
2026-01-16 09:36:46,246.875,247.04,1,246.76,100,246.99,1100,246.99,246.76,246.76,100,246.75,300,246.74,100,246.7,100,246.69,100,246.56,200,246.55,100,246.54,200,246.47,300,246.31,400,246.99,1100,247.03,500,247.09,100,247.1,200,247.12,500,247.13,300,247.24,100,247.5,300,247.53,100,247.69,400
2026-01-16 09:36:47,246.87,247.04,1,246.76,100,246.98,1100,246.98,246.76,246.76,100,246.75,300,246.74,100,246.7,100,246.69,100,246.56,200,246.55,100,246.54,200,246.47,300,246.31,400,246.98,1100,246.99,600,247.03,500,247.09,100,247.1,200,247.12,500,247.13,300,247.24,100,247.5,300,247.53,100
2026-01-16 09:36:48,246.87,247.04,1,246.76,100,246.98,1100,246.98,246.76,246.76,100,246.75,300,246.74,100,246.7,100,246.69,100,246.56,200,246.55,100,246.54,200,246.47,300,246.31,400,246.98,1100,246.99,600,247.03,500,247.09,100,247.1,200,247.12,500,247.13,300,247.24,100,247.5,300,247.53,100
2026-01-16 09:36:49,246.87,247.04,1,246.76,100,246.98,1100,246.98,246.76,246.76,100,246.75,300,246.74,100,246.7,100,246.69,100,246.56,200,246.55,100,246.54,200,246.47,300,246.31,400,246.98,1100,246.99,600,247.03,500,247.09,100,247.1,200,247.12,500,247.13,300,247.24,100,247.5,300,247.53,100
2026-01-16 09:36:50,246.87,247.04,1,246.76,100,246.98,1100,246.98,246.76,246.76,100,246.75,300,246.74,100,246.7,100,246.69,100,246.56,200,246.55,100,246.54,200,246.47,300,246.31,400,246.98,1100,246.99,600,247.03,500,247.09,100,247.1,200,247.12,500,247.13,300,247.24,100,247.5,300,247.53,100
2026-01-16 09:36:51,246.87,247.04,1,246.76,200,246.98,1100,246.98,246.76,246.76,200,246.75,300,246.74,100,246.7,100,246.69,100,246.56,200,246.55,100,246.54,200,246.47,300,246.31,400,246.98,1100,246.99,600,247.03,500,247.09,100,247.1,200,247.12,500,247.13,300,247.24,100,247.5,300,247.53,100
2026-01-16 09:36:52,246.87,247.04,1,246.76,200,246.98,1100,246.98,246.76,246.76,200,246.75,300,246.74,100,246.7,100,246.69,100,246.56,200,246.55,100,246.54,200,246.47,300,246.31,400,246.98,1100,246.99,600,247.03,500,247.09,100,247.1,200,247.12,500,247.13,300,247.24,100,247.5,300,247.53,100
2026-01-16 09:36:53,246.865,247.04,1,246.76,200,246.97,600,246.97,246.76,246.76,200,246.75,300,246.74,100,246.7,100,246.69,100,246.56,200,246.55,100,246.54,200,246.47,300,246.31,400,246.97,600,246.98,500,246.99,600,247.03,500,247.09,100,247.1,200,247.12,500,247.13,300,247.24,100,247.5,300
2026-01-16 09:36:54,246.865,246.81,1,246.75,100,246.98,600,246.98,246.75,246.75,100,246.61,100,246.6,100,246.56,200,246.55,100,246.54,200,246.47,300,246.31,400,246.3,100,246.26,200,246.98,600,246.99,600,247.03,500,247.09,100,247.1,200,247.12,500,247.13,300,247.24,100,247.5,300,247.53,100
2026-01-16 09:36:55,246.865,246.81,1,246.75,100,246.98,600,246.98,246.75,246.75,100,246.61,100,246.6,100,246.56,200,246.55,100,246.54,200,246.47,300,246.31,400,246.3,100,246.26,200,246.98,600,246.99,600,247.03,500,247.09,100,247.1,200,247.12,500,247.13,300,247.24,100,247.5,300,247.53,100
2026-01-16 09:36:56,246.86,246.81,1,246.75,100,246.97,100,246.97,246.75,246.75,100,246.61,100,246.6,100,246.56,200,246.55,100,246.54,200,246.47,300,246.31,400,246.3,100,246.26,200,246.97,100,246.98,600,246.99,600,247.03,500,247.09,100,247.1,200,247.12,500,247.13,300,247.24,100,247.5,300
2026-01-16 09:36:57,246.86,246.86,2,246.75,100,246.97,100,246.97,246.75,246.75,100,246.61,100,246.6,100,246.56,200,246.55,100,246.54,200,246.47,300,246.31,400,246.3,100,246.26,200,246.97,100,246.98,600,246.99,600,247.03,500,247.09,100,247.1,200,247.12,500,247.13,300,247.24,100,247.5,300
2026-01-16 09:36:58,246.615,246.76,1,246.41,200,246.82,100,246.82,246.41,246.41,200,246.31,400,246.3,100,246.26,200,246.25,800,,,,,,,,,,,246.82,100,246.97,100,246.98,600,246.99,600,247.03,500,247.09,100,247.1,200,247.12,500,247.13,300,247.24,100
2026-01-16 09:36:59,246.705,246.76,1,246.44,100,246.97,100,246.97,246.44,246.44,100,246.41,200,246.31,400,246.3,100,246.26,200,246.25,800,,,,,,,,,246.97,100,246.98,600,246.99,600,247.03,500,247.09,100,247.1,200,247.12,500,247.13,300,247.24,100,247.5,300
2026-01-16 09:37:00,246.705,246.71,1,246.44,200,246.97,100,246.97,246.44,246.44,200,246.41,200,246.31,400,246.3,100,246.26,200,246.25,800,,,,,,,,,246.97,100,246.98,600,246.99,600,247.03,500,247.09,100,247.1,200,247.12,500,247.13,300,247.24,100,247.5,300
2026-01-16 09:37:01,246.73,246.76,1,246.5,100,246.96,100,246.96,246.5,246.5,100,246.44,200,246.41,200,246.31,400,246.3,100,246.26,200,246.25,800,,,,,,,246.96,100,246.97,200,246.98,600,246.99,600,247.03,500,247.09,100,247.1,200,247.12,500,247.13,300,247.24,100
2026-01-16 09:37:02,246.78,246.76,1,246.6,200,246.96,100,246.96,246.6,246.6,200,246.5,100,246.44,200,246.41,200,246.31,400,246.3,100,246.26,200,246.25,800,,,,,246.96,100,246.97,200,246.98,600,246.99,600,247.03,500,247.09,100,247.1,200,247.12,500,247.13,300,247.24,100
2026-01-16 09:37:03,246.79,246.78,2,246.6,200,246.98,600,246.98,246.6,246.6,200,246.5,100,246.44,200,246.41,200,246.31,400,246.3,100,246.26,200,246.25,800,,,,,246.98,600,246.99,600,247.03,500,247.09,100,247.1,200,247.12,500,247.13,300,247.24,100,247.5,300,247.53,100
2026-01-16 09:37:04,246.79,246.78,2,246.6,100,246.98,600,246.98,246.6,246.6,100,246.5,100,246.44,200,246.41,200,246.31,400,246.3,100,246.26,200,246.25,800,,,,,246.98,600,246.99,600,247.03,500,247.09,100,247.1,200,247.12,500,247.13,300,247.24,100,247.5,300,247.53,100
2026-01-16 09:37:05,246.795,246.71,10,246.62,100,246.97,300,246.97,246.62,246.62,100,246.44,200,246.41,200,246.31,400,246.3,100,246.26,200,246.25,800,,,,,,,246.97,300,246.98,600,246.99,600,247.03,500,247.09,100,247.1,200,247.12,500,247.13,300,247.24,100,247.5,300
2026-01-16 09:37:06,246.795,246.71,10,246.62,100,246.97,300,246.97,246.62,246.62,100,246.44,200,246.41,200,246.31,400,246.3,100,246.26,200,246.25,800,,,,,,,246.97,300,246.98,600,246.99,600,247.03,500,247.09,100,247.1,200,247.12,500,247.13,300,247.24,100,247.5,300
2026-01-16 09:37:07,246.795,246.71,10,246.62,200,246.97,300,246.97,246.62,246.62,200,246.44,200,246.41,200,246.31,400,246.3,100,246.26,200,246.25,800,,,,,,,246.97,300,246.98,600,246.99,600,247.03,500,247.09,100,247.1,200,247.12,500,247.13,300,247.24,100,247.5,300
2026-01-16 09:37:08,246.795,246.8,1,246.62,200,246.97,300,246.97,246.62,246.62,200,246.44,200,246.41,200,246.31,400,246.3,100,246.26,200,246.25,800,,,,,,,246.97,300,246.98,600,246.99,600,247.03,500,247.09,100,247.1,200,247.12,500,247.13,300,247.24,100,247.5,300
2026-01-16 09:37:09,246.775,246.8,1,246.62,200,246.93,100,246.93,246.62,246.62,200,246.44,200,246.41,200,246.31,400,246.3,100,246.26,200,246.25,800,,,,,,,246.93,100,246.97,300,246.98,600,246.99,600,247.03,500,247.09,100,247.1,200,247.12,500,247.13,300,247.24,100
2026-01-16 09:37:10,246.785,246.8,1,246.64,100,246.93,100,246.93,246.64,246.64,100,246.62,200,246.44,200,246.41,200,246.31,400,246.3,100,246.26,200,246.25,800,,,,,246.93,100,246.97,300,246.98,600,246.99,600,247.03,500,247.09,100,247.1,200,247.12,500,247.13,300,247.24,100
2026-01-16 09:37:11,246.785,246.8,1,246.64,100,246.93,100,246.93,246.64,246.64,100,246.62,200,246.44,200,246.41,200,246.31,400,246.3,100,246.26,200,246.25,800,,,,,246.93,100,246.97,300,246.98,600,246.99,600,247.03,500,247.09,100,247.1,200,247.12,500,247.13,300,247.24,100
2026-01-16 09:37:12,246.785,246.8,1,246.64,100,246.93,100,246.93,246.64,246.64,100,246.62,200,246.44,200,246.41,200,246.31,400,246.3,100,246.26,200,246.25,800,,,,,246.93,100,246.97,300,246.98,600,246.99,600,247.03,500,247.09,100,247.1,200,247.12,500,247.13,300,247.24,100
2026-01-16 09:37:13,246.785,246.8,1,246.64,100,246.93,100,246.93,246.64,246.64,100,246.62,200,246.44,200,246.41,200,246.31,400,246.3,100,246.26,200,246.25,800,,,,,246.93,100,246.97,300,246.98,600,246.99,600,247.03,500,247.09,100,247.1,200,247.12,500,247.13,300,247.24,100
2026-01-16 09:37:14,246.78,246.8,1,246.64,100,246.92,100,246.92,246.64,246.64,100,246.62,200,246.44,200,246.41,200,246.31,400,246.3,100,246.26,200,246.25,800,,,,,246.92,100,246.93,100,246.97,300,246.98,600,246.99,600,247.03,500,247.09,100,247.1,200,247.12,500,247.13,300
2026-01-16 09:37:15,246.785,246.8,1,246.64,100,246.93,200,246.93,246.64,246.64,100,246.62,200,246.44,200,246.41,200,246.31,400,246.3,100,246.26,200,246.25,800,,,,,246.93,200,246.97,300,246.98,600,246.99,600,247.03,500,247.09,100,247.1,200,247.12,500,247.13,300,247.24,100
2026-01-16 09:37:16,246.785,246.8,1,246.64,100,246.93,200,246.93,246.64,246.64,100,246.62,200,246.44,200,246.41,200,246.31,400,246.3,100,246.26,200,246.25,800,,,,,246.93,200,246.97,300,246.98,600,246.99,600,247.03,500,247.09,100,247.1,200,247.12,500,247.13,300,247.24,100
2026-01-16 09:37:17,246.775,246.8,1,246.62,200,246.93,200,246.93,246.62,246.62,200,246.44,200,246.41,200,246.31,400,246.3,100,246.26,200,246.25,800,,,,,,,246.93,200,246.97,300,246.98,600,246.99,600,247.03,500,247.09,100,247.1,200,247.12,500,247.13,300,247.24,100
2026-01-16 09:37:18,246.795,246.75,2,246.66,100,246.93,200,246.93,246.66,246.66,100,246.62,200,246.44,200,246.41,200,246.31,400,246.3,100,246.26,200,246.25,800,,,,,246.93,200,246.97,300,246.98,600,246.99,600,247.03,500,247.09,100,247.1,200,247.12,500,247.13,300,247.24,100
2026-01-16 09:37:19,246.795,246.75,2,246.66,100,246.93,200,246.93,246.66,246.66,100,246.62,200,246.44,200,246.41,200,246.31,400,246.3,100,246.26,200,246.25,800,,,,,246.93,200,246.97,300,246.98,600,246.99,600,247.03,500,247.09,100,247.1,200,247.12,500,247.13,300,247.24,100
2026-01-16 09:37:20,246.79,246.92,2,246.66,100,246.92,100,246.92,246.66,246.66,100,246.62,200,246.44,200,246.41,200,246.31,400,246.3,100,246.26,200,246.25,800,,,,,246.92,100,246.93,200,246.97,300,246.98,600,246.99,600,247.03,500,247.09,100,247.1,200,247.12,500,247.13,300
