sim_time,mid_price,last_price,last_size,best_bid_price,best_bid_size,best_ask_price,best_ask_size,close_price_buy,close_price_sell,bid1_price,bid1_size,bid2_price,bid2_size,bid3_price,bid3_size,bid4_price,bid4_size,bid5_price,bid5_size,bid6_price,bid6_size,bid7_price,bid7_size,bid8_price,bid8_size,bid9_price,bid9_size,bid10_price,bid10_size,ask1_price,ask1_size,ask2_price,ask2_size,ask3_price,ask3_size,ask4_price,ask4_size,ask5_price,ask5_size,ask6_price,ask6_size,ask7_price,ask7_size,ask8_price,ask8_size,ask9_price,ask9_size,ask10_price,ask10_size
2026-01-16 09:30:36,652.445,0.0,0,651.89,200,653.0,600,653.0,651.89,651.89,200,651.88,200,651.87,200,651.86,200,651.85,200,651.78,200,651.36,200,650.71,40,650.52,280,650.51,240,653.0,600,655.0,40,656.0,1000,,,,,,,,,,,,,,
2026-01-16 09:30:37,652.665,0.0,0,652.33,200,653.0,560,653.0,652.33,652.33,200,652.32,200,651.89,200,651.88,200,651.87,200,651.86,200,651.85,200,651.78,200,651.36,200,650.71,40,653.0,560,655.0,40,656.0,1000,,,,,,,,,,,,,,
2026-01-16 09:30:38,652.665,0.0,0,652.33,200,653.0,560,653.0,652.33,652.33,200,652.32,200,651.89,200,651.88,200,651.87,200,651.86,200,651.85,200,651.78,200,651.36,200,650.71,40,653.0,560,655.0,40,656.0,1000,,,,,,,,,,,,,,
2026-01-16 09:30:38,652.665,0.0,0,652.33,200,653.0,560,653.0,652.33,652.33,200,652.32,200,651.89,200,651.88,200,651.87,200,651.86,200,651.85,200,651.78,200,651.36,200,650.71,40,653.0,560,655.0,40,656.0,1000,,,,,,,,,,,,,,
2026-01-16 09:30:39,652.665,0.0,0,652.33,200,653.0,560,653.0,652.33,652.33,200,652.32,200,651.89,200,651.88,200,651.87,200,651.86,200,651.85,200,651.78,200,651.36,200,650.71,40,653.0,560,655.0,40,656.0,1000,,,,,,,,,,,,,,
2026-01-16 09:30:39,652.675,0.0,0,652.35,200,653.0,560,653.0,652.35,652.35,200,652.34,200,652.33,200,652.32,200,651.89,200,651.88,200,651.87,200,651.86,200,651.85,200,651.78,200,653.0,560,655.0,40,656.0,1000,,,,,,,,,,,,,,
2026-01-16 09:30:41,652.685,0.0,0,652.37,200,653.0,560,653.0,652.37,652.37,200,652.36,200,652.35,200,652.34,200,652.33,200,652.32,200,651.89,200,651.88,200,651.87,200,651.86,200,653.0,560,655.0,40,656.0,1000,,,,,,,,,,,,,,
2026-01-16 09:30:43,652.655,652.37,1,652.31,160,653.0,560,653.0,652.31,652.31,160,652.3,40,651.89,200,651.88,200,651.87,200,651.86,200,651.85,200,651.78,200,651.36,200,650.71,40,653.0,560,655.0,40,656.0,1000,,,,,,,,,,,,,,
2026-01-16 09:30:44,652.655,652.37,1,652.31,160,653.0,560,653.0,652.31,652.31,160,652.3,40,651.89,200,651.88,200,651.87,200,651.86,200,651.85,200,651.78,200,651.36,200,650.71,40,653.0,560,655.0,40,656.0,1000,,,,,,,,,,,,,,
2026-01-16 09:30:45,652.655,652.37,1,652.31,160,653.0,560,653.0,652.31,652.31,160,652.3,40,651.89,200,651.88,200,651.87,200,651.86,200,651.85,200,651.78,200,651.36,200,650.71,40,653.0,560,655.0,40,656.0,1000,,,,,,,,,,,,,,
2026-01-16 09:30:46,652.655,652.37,1,652.31,160,653.0,560,653.0,652.31,652.31,160,652.3,40,651.89,200,651.88,200,651.87,200,651.86,200,651.85,200,651.78,200,651.36,200,650.71,40,653.0,560,655.0,40,656.0,1000,,,,,,,,,,,,,,
2026-01-16 09:30:47,652.655,652.37,1,652.31,160,653.0,560,653.0,652.31,652.31,160,652.3,40,651.89,200,651.88,200,651.87,200,651.86,200,651.85,200,651.78,200,651.36,200,650.71,40,653.0,560,655.0,40,656.0,1000,,,,,,,,,,,,,,
2026-01-16 09:30:48,652.655,652.37,1,652.31,160,653.0,560,653.0,652.31,652.31,160,652.3,40,651.89,200,651.88,200,651.87,200,651.86,200,651.85,200,651.78,200,651.36,200,650.71,40,653.0,560,655.0,40,656.0,1000,,,,,,,,,,,,,,
2026-01-16 09:30:49,652.655,652.65,1,652.31,160,653.0,600,653.0,652.31,652.31,160,652.3,40,651.89,200,651.88,200,651.87,200,651.86,200,651.85,200,651.78,200,651.36,200,650.71,40,653.0,600,655.0,40,656.0,1000,,,,,,,,,,,,,,
2026-01-16 09:30:50,652.655,652.65,1,652.31,160,653.0,560,653.0,652.31,652.31,160,652.3,40,651.89,200,651.88,200,651.87,200,651.86,200,651.85,200,651.78,200,651.36,200,650.71,40,653.0,560,655.0,40,656.0,1000,,,,,,,,,,,,,,
2026-01-16 09:30:51,652.655,652.65,1,652.31,160,653.0,600,653.0,652.31,652.31,160,652.3,40,651.89,200,651.88,200,651.87,200,651.86,200,651.85,200,651.78,200,651.36,200,650.71,40,653.0,600,655.0,40,656.0,1000,,,,,,,,,,,,,,
2026-01-16 09:30:52,652.655,652.65,1,652.31,160,653.0,600,653.0,652.31,652.31,160,652.3,40,651.89,200,651.88,200,651.87,200,651.86,200,651.85,200,651.78,200,651.36,200,650.71,40,653.0,600,655.0,40,656.0,1000,,,,,,,,,,,,,,
2026-01-16 09:30:53,652.39,652.34,1,651.87,80,652.91,40,652.91,651.87,651.87,80,651.86,200,651.85,200,651.78,200,651.36,200,650.71,40,650.52,280,650.51,240,650.01,80,,,652.91,40,653.0,600,655.0,40,656.0,1000,,,,,,,,,,,,
2026-01-16 09:30:54,652.435,653.0,9,651.87,80,653.0,600,653.0,651.87,651.87,80,651.86,200,651.85,200,651.78,200,651.36,200,650.71,40,650.52,280,650.51,240,650.01,80,,,653.0,600,655.0,40,656.0,1000,,,,,,,,,,,,,,
2026-01-16 09:30:55,652.435,653.0,9,651.87,80,653.0,600,653.0,651.87,651.87,80,651.86,200,651.85,200,651.78,200,651.36,200,650.71,40,650.52,280,650.51,240,650.01,80,,,653.0,600,655.0,40,656.0,1000,,,,,,,,,,,,,,
2026-01-16 09:30:56,652.435,653.0,5,651.87,80,653.0,600,653.0,651.87,651.87,80,651.86,200,651.85,200,651.78,200,651.36,200,650.71,40,650.52,280,650.51,240,650.01,80,,,653.0,600,655.0,40,656.0,1000,,,,,,,,,,,,,,
2026-01-16 09:30:57,652.435,653.0,5,651.87,80,653.0,600,653.0,651.87,651.87,80,651.86,200,651.85,200,651.78,200,651.36,200,650.71,40,650.52,280,650.51,240,650.01,80,,,653.0,600,655.0,40,656.0,1000,,,,,,,,,,,,,,
2026-01-16 09:30:58,652.435,653.0,5,651.87,80,653.0,600,653.0,651.87,651.87,80,651.86,200,651.85,200,651.78,200,651.36,200,650.71,40,650.52,280,650.51,240,650.01,80,,,653.0,600,655.0,40,656.0,1000,,,,,,,,,,,,,,
2026-01-16 09:30:59,652.435,653.0,5,651.87,80,653.0,600,653.0,651.87,651.87,80,651.86,200,651.85,200,651.78,200,651.36,200,650.71,40,650.52,280,650.51,240,650.01,80,,,653.0,600,655.0,40,656.0,1000,,,,,,,,,,,,,,
2026-01-16 09:31:00,652.435,653.0,5,651.87,80,653.0,600,653.0,651.87,651.87,80,651.86,200,651.85,200,651.78,200,651.36,200,650.71,40,650.52,280,650.51,240,650.01,80,,,653.0,600,655.0,40,656.0,1000,,,,,,,,,,,,,,
2026-01-16 09:31:01,652.435,653.0,5,651.87,80,653.0,600,653.0,651.87,651.87,80,651.86,200,651.85,200,651.78,200,651.36,200,650.71,40,650.52,280,650.51,240,650.01,80,,,653.0,600,655.0,40,656.0,1000,,,,,,,,,,,,,,
2026-01-16 09:31:02,652.435,653.0,5,651.87,80,653.0,600,653.0,651.87,651.87,80,651.86,200,651.85,200,651.78,200,651.36,200,650.71,40,650.52,280,650.51,240,650.01,80,,,653.0,600,655.0,40,656.0,1000,,,,,,,,,,,,,,
2026-01-16 09:31:03,652.435,653.0,5,651.87,80,653.0,600,653.0,651.87,651.87,80,651.86,200,651.85,200,651.78,200,651.36,200,650.71,40,650.52,280,650.51,240,650.01,80,,,653.0,600,655.0,40,656.0,1000,,,,,,,,,,,,,,
2026-01-16 09:31:04,652.435,652.55,2,651.87,80,653.0,600,653.0,651.87,651.87,80,651.86,200,651.85,200,651.78,200,651.36,200,650.71,40,650.52,280,650.51,240,650.01,80,,,653.0,600,655.0,40,656.0,1000,,,,,,,,,,,,,,
2026-01-16 09:31:05,652.435,652.49,1,651.87,80,653.0,600,653.0,651.87,651.87,80,651.86,200,651.85,200,651.78,200,651.36,200,650.71,40,650.52,280,650.51,240,650.01,80,,,653.0,600,655.0,40,656.0,1000,,,,,,,,,,,,,,
2026-01-16 09:31:06,652.435,652.49,1,651.87,80,653.0,600,653.0,651.87,651.87,80,651.86,200,651.85,200,651.78,200,651.36,200,650.71,40,650.52,280,650.51,240,650.01,80,,,653.0,600,655.0,40,656.0,1000,,,,,,,,,,,,,,
2026-01-16 09:31:07,652.71,653.0,1,651.79,80,653.63,160,653.63,651.79,651.79,80,651.78,200,651.36,200,650.71,40,650.52,280,650.51,240,650.01,80,,,,,,,653.63,160,655.0,40,656.0,1000,,,,,,,,,,,,,,
2026-01-16 09:31:08,652.71,653.0,1,651.79,80,653.63,160,653.63,651.79,651.79,80,651.78,200,651.36,200,650.71,40,650.52,280,650.51,240,650.01,80,,,,,,,653.63,160,655.0,40,656.0,1000,,,,,,,,,,,,,,
2026-01-16 09:31:09,652.71,653.0,1,651.79,80,653.63,160,653.63,651.79,651.79,80,651.78,200,651.36,200,650.71,40,650.52,280,650.51,240,650.01,80,,,,,,,653.63,160,655.0,40,656.0,1000,,,,,,,,,,,,,,
2026-01-16 09:31:10,652.71,653.0,1,651.79,80,653.63,160,653.63,651.79,651.79,80,651.78,200,651.36,200,650.71,40,650.52,280,650.51,240,650.01,80,,,,,,,653.63,160,655.0,40,656.0,1000,,,,,,,,,,,,,,
2026-01-16 09:31:11,652.71,653.0,1,651.79,80,653.63,160,653.63,651.79,651.79,80,651.78,200,651.36,200,650.71,40,650.52,280,650.51,240,650.01,80,,,,,,,653.63,160,655.0,40,656.0,1000,,,,,,,,,,,,,,
2026-01-16 09:31:12,652.71,653.0,1,651.79,80,653.63,160,653.63,651.79,651.79,80,651.78,200,651.36,200,650.71,40,650.52,280,650.51,240,650.01,80,,,,,,,653.63,160,655.0,40,656.0,1000,,,,,,,,,,,,,,
2026-01-16 09:31:13,652.83,653.63,1,651.79,80,653.87,120,653.87,651.79,651.79,80,651.78,200,651.36,200,650.71,40,650.52,280,650.51,240,650.01,80,,,,,,,653.87,120,654.03,360,655.0,40,656.0,1000,,,,,,,,,,,,
2026-01-16 09:31:14,652.83,653.87,1,651.79,80,653.87,80,653.87,651.79,651.79,80,651.78,200,651.36,200,650.71,40,650.52,280,650.51,240,650.01,80,,,,,,,653.87,80,654.03,360,655.0,40,656.0,1000,,,,,,,,,,,,
2026-01-16 09:31:15,653.195,653.26,1,652.52,40,653.87,80,653.87,652.52,652.52,40,651.79,80,651.78,200,651.36,200,650.71,40,650.52,280,650.51,240,650.01,80,,,,,653.87,80,654.03,360,655.0,40,656.0,1000,,,,,,,,,,,,
2026-01-16 09:31:16,653.195,653.02,1,652.52,40,653.87,80,653.87,652.52,652.52,40,651.79,80,651.78,200,651.36,200,650.71,40,650.52,280,650.51,240,650.01,80,,,,,653.87,80,654.03,360,655.0,40,656.0,1000,,,,,,,,,,,,
2026-01-16 09:31:17,653.195,653.02,1,652.52,40,653.87,80,653.87,652.52,652.52,40,651.79,80,651.78,200,651.36,200,650.71,40,650.52,280,650.51,240,650.01,80,,,,,653.87,80,654.03,360,655.0,40,656.0,1000,,,,,,,,,,,,
2026-01-16 09:31:18,653.195,653.02,1,652.52,40,653.87,80,653.87,652.52,652.52,40,651.79,80,651.78,200,651.36,200,650.71,40,650.52,280,650.51,240,650.01,80,,,,,653.87,80,654.03,360,655.0,40,656.0,1000,,,,,,,,,,,,
2026-01-16 09:31:19,653.195,653.02,1,652.52,40,653.87,120,653.87,652.52,652.52,40,651.79,80,651.78,200,651.36,200,650.71,40,650.52,280,650.51,240,650.01,80,,,,,653.87,120,654.03,360,655.0,40,656.0,1000,,,,,,,,,,,,
2026-01-16 09:31:20,653.195,653.02,1,652.52,40,653.87,120,653.87,652.52,652.52,40,651.79,80,651.78,200,651.36,200,650.71,40,650.52,280,650.51,240,650.01,80,,,,,653.87,120,654.03,360,655.0,40,656.0,1000,,,,,,,,,,,,
2026-01-16 09:31:21,653.195,653.02,1,652.52,40,653.87,120,653.87,652.52,652.52,40,651.79,80,651.78,200,651.36,200,650.71,40,650.52,280,650.51,240,650.01,80,,,,,653.87,120,654.03,360,655.0,40,656.0,1000,,,,,,,,,,,,
2026-01-16 09:31:22,653.195,653.02,1,652.52,80,653.87,120,653.87,652.52,652.52,80,651.79,80,651.78,200,651.36,200,650.71,40,650.52,280,650.51,240,650.01,80,,,,,653.87,120,654.03,360,655.0,40,656.0,1000,,,,,,,,,,,,
2026-01-16 09:31:23,653.015,653.02,1,652.52,80,653.51,120,653.51,652.52,652.52,80,651.79,80,651.78,200,651.36,200,650.71,40,650.52,280,650.51,240,650.01,80,,,,,653.51,120,653.85,40,653.86,120,653.87,120,654.03,360,655.0,40,656.0,1000,,,,,,
2026-01-16 09:31:24,653.015,653.02,1,652.52,80,653.51,120,653.51,652.52,652.52,80,651.79,80,651.78,200,651.36,200,650.71,40,650.52,280,650.51,240,650.01,80,,,,,653.51,120,653.85,40,653.86,120,653.87,120,654.03,360,655.0,40,656.0,1000,,,,,,
2026-01-16 09:31:25,653.015,653.02,1,652.52,80,653.51,120,653.51,652.52,652.52,80,651.79,80,651.78,200,651.36,200,650.71,40,650.52,280,650.51,240,650.01,80,,,,,653.51,120,653.85,40,653.86,120,653.87,120,654.03,360,655.0,40,656.0,1000,,,,,,
2026-01-16 09:31:26,653.015,653.02,1,652.52,80,653.51,120,653.51,652.52,652.52,80,651.79,80,651.78,200,651.36,200,650.71,40,650.52,280,650.51,240,650.01,80,,,,,653.51,120,653.85,40,653.86,120,653.87,120,654.03,360,655.0,40,656.0,1000,,,,,,
2026-01-16 09:31:27,653.195,653.02,1,652.52,40,653.87,40,653.87,652.52,652.52,40,652.0,80,651.79,80,651.78,200,651.36,200,650.71,40,650.52,280,650.51,240,650.01,80,,,653.87,40,654.03,360,655.0,40,656.0,1000,,,,,,,,,,,,
2026-01-16 09:31:28,653.28,653.02,1,652.53,40,654.03,640,654.03,652.53,652.53,40,652.52,40,652.0,80,651.79,80,651.78,200,651.36,200,650.71,40,650.52,280,650.51,240,650.01,80,654.03,640,655.0,40,656.0,1000,,,,,,,,,,,,,,
2026-01-16 09:31:29,653.28,653.02,1,652.53,40,654.03,640,654.03,652.53,652.53,40,652.52,40,652.0,80,651.79,80,651.78,200,651.36,200,650.71,40,650.52,280,650.51,240,650.01,80,654.03,640,655.0,40,656.0,1000,,,,,,,,,,,,,,
2026-01-16 09:31:30,653.28,653.02,1,652.53,40,654.03,640,654.03,652.53,652.53,40,652.52,40,652.0,80,651.79,80,651.78,200,651.36,200,650.71,40,650.52,280,650.51,240,650.01,80,654.03,640,655.0,40,656.0,1000,,,,,,,,,,,,,,
2026-01-16 09:31:31,653.28,653.02,1,652.53,40,654.03,640,654.03,652.53,652.53,40,652.52,40,652.0,80,651.79,80,651.78,200,651.36,200,650.71,40,650.52,280,650.51,240,650.01,80,654.03,640,655.0,40,656.0,1000,,,,,,,,,,,,,,
2026-01-16 09:31:32,653.28,653.02,1,652.53,80,654.03,640,654.03,652.53,652.53,80,652.52,40,652.0,80,651.79,80,651.78,200,651.36,200,650.71,40,650.52,280,650.51,240,650.01,80,654.03,640,655.0,40,656.0,1000,,,,,,,,,,,,,,
2026-01-16 09:31:33,653.285,653.02,1,652.54,40,654.03,640,654.03,652.54,652.54,40,652.53,80,652.52,40,652.0,80,651.79,80,651.78,200,651.36,200,650.71,40,650.52,280,650.51,240,654.03,640,655.0,40,656.0,1000,,,,,,,,,,,,,,
2026-01-16 09:31:34,653.285,653.02,1,652.54,40,654.03,640,654.03,652.54,652.54,40,652.53,80,652.52,40,652.0,80,651.79,80,651.78,200,651.36,200,650.71,40,650.52,280,650.51,240,654.03,640,655.0,40,656.0,1000,,,,,,,,,,,,,,
2026-01-16 09:31:35,653.285,653.02,1,652.54,40,654.03,640,654.03,652.54,652.54,40,652.53,80,652.52,40,652.0,80,651.79,80,651.78,200,651.36,200,650.71,40,650.52,280,650.51,240,654.03,640,655.0,40,656.0,1000,,,,,,,,,,,,,,
2026-01-16 09:31:36,653.285,653.02,1,652.54,40,654.03,640,654.03,652.54,652.54,40,652.53,80,652.52,40,652.0,80,651.79,80,651.78,200,651.36,200,650.71,40,650.52,280,650.51,240,654.03,640,655.0,40,656.0,1000,,,,,,,,,,,,,,
2026-01-16 09:31:37,653.285,653.02,1,652.54,120,654.03,640,654.03,652.54,652.54,120,652.53,80,652.52,40,652.0,80,651.79,80,651.78,200,651.36,200,650.71,40,650.52,280,650.51,240,654.03,640,655.0,40,656.0,1000,,,,,,,,,,,,,,
2026-01-16 09:31:38,653.29,653.02,1,652.55,40,654.03,640,654.03,652.55,652.55,40,652.54,120,652.53,80,652.52,40,652.0,80,651.79,80,651.78,200,651.36,200,650.71,40,650.52,280,654.03,640,655.0,40,656.0,1000,,,,,,,,,,,,,,
2026-01-16 09:31:39,653.29,653.02,1,652.55,40,654.03,640,654.03,652.55,652.55,40,652.54,120,652.53,80,652.52,40,652.0,80,651.79,80,651.78,200,651.36,200,650.71,40,650.52,280,654.03,640,655.0,40,656.0,1000,,,,,,,,,,,,,,
2026-01-16 09:31:40,653.295,653.02,1,652.56,80,654.03,640,654.03,652.56,652.56,80,652.55,40,652.54,120,652.53,80,652.52,40,652.0,80,651.79,80,651.78,200,651.36,200,650.71,40,654.03,640,655.0,40,656.0,1000,,,,,,,,,,,,,,
2026-01-16 09:31:41,653.295,653.02,1,652.56,80,654.03,640,654.03,652.56,652.56,80,652.55,40,652.54,120,652.53,80,652.52,40,652.0,80,651.79,80,651.78,200,651.36,200,650.71,40,654.03,640,655.0,40,656.0,1000,,,,,,,,,,,,,,
2026-01-16 09:31:42,653.615,653.02,1,653.2,40,654.03,640,654.03,653.2,653.2,40,652.56,80,652.55,40,652.54,120,652.53,80,652.52,40,652.0,80,651.79,80,651.78,200,651.36,200,654.03,640,655.0,40,656.0,1000,,,,,,,,,,,,,,
2026-01-16 09:31:43,653.615,653.02,1,653.2,80,654.03,640,654.03,653.2,653.2,80,652.56,80,652.55,40,652.54,120,652.53,80,652.52,40,652.0,80,651.79,80,651.78,200,651.36,200,654.03,640,655.0,40,656.0,1000,,,,,,,,,,,,,,
2026-01-16 09:31:44,653.615,653.02,1,653.2,80,654.03,640,654.03,653.2,653.2,80,652.56,80,652.55,40,652.54,120,652.53,80,652.52,40,652.0,80,651.79,80,651.78,200,651.36,200,654.03,640,655.0,40,656.0,1000,,,,,,,,,,,,,,
2026-01-16 09:31:45,653.615,653.02,1,653.2,80,654.03,640,654.03,653.2,653.2,80,652.56,80,652.55,40,652.54,120,652.53,80,652.52,40,652.0,80,651.79,80,651.78,200,651.36,200,654.03,640,655.0,40,656.0,1000,,,,,,,,,,,,,,
2026-01-16 09:31:46,653.615,653.02,1,653.2,80,654.03,640,654.03,653.2,653.2,80,652.56,80,652.55,40,652.54,120,652.53,80,652.52,40,652.0,80,651.79,80,651.78,200,651.36,200,654.03,640,655.0,40,656.0,1000,,,,,,,,,,,,,,
2026-01-16 09:31:47,653.55,653.02,1,653.2,80,653.9,120,653.9,653.2,653.2,80,652.56,80,652.55,40,652.54,120,652.53,80,652.52,40,652.0,80,651.79,80,651.78,200,651.36,200,653.9,120,654.03,640,655.0,40,656.0,1000,,,,,,,,,,,,
2026-01-16 09:31:48,653.55,653.02,1,653.2,80,653.9,120,653.9,653.2,653.2,80,652.56,80,652.55,40,652.54,120,652.53,80,652.52,40,652.0,80,651.79,80,651.78,200,651.36,200,653.9,120,654.03,640,655.0,40,656.0,1000,,,,,,,,,,,,
2026-01-16 09:31:49,653.55,653.02,1,653.2,80,653.9,120,653.9,653.2,653.2,80,652.56,80,652.55,40,652.54,120,652.53,80,652.52,40,652.0,80,651.79,80,651.78,200,651.36,200,653.9,120,654.03,640,655.0,40,656.0,1000,,,,,,,,,,,,
2026-01-16 09:31:50,653.55,653.02,1,653.2,80,653.9,120,653.9,653.2,653.2,80,652.56,80,652.55,40,652.54,120,652.53,80,652.52,40,652.0,80,651.79,80,651.78,200,651.36,200,653.9,120,654.03,640,655.0,40,656.0,1000,,,,,,,,,,,,
2026-01-16 09:31:51,653.55,653.02,1,653.2,80,653.9,120,653.9,653.2,653.2,80,652.56,80,652.55,40,652.54,120,652.53,80,652.52,40,652.0,80,651.79,80,651.78,200,651.36,200,653.9,120,654.03,640,655.0,40,656.0,1000,,,,,,,,,,,,
2026-01-16 09:31:52,653.55,653.02,1,653.2,80,653.9,120,653.9,653.2,653.2,80,652.56,80,652.55,40,652.54,120,652.53,80,652.52,40,652.0,80,651.79,80,651.78,200,651.36,200,653.9,120,654.03,640,655.0,40,656.0,1000,,,,,,,,,,,,
2026-01-16 09:31:53,653.55,653.02,1,653.2,80,653.9,120,653.9,653.2,653.2,80,652.56,80,652.55,40,652.54,120,652.53,80,652.52,40,652.0,80,651.79,80,651.78,200,651.36,200,653.9,120,654.03,640,655.0,40,656.0,1000,,,,,,,,,,,,
2026-01-16 09:31:54,653.55,653.02,1,653.2,80,653.9,120,653.9,653.2,653.2,80,652.56,80,652.55,40,652.54,120,652.53,80,652.52,40,652.0,80,651.79,80,651.78,200,651.36,200,653.9,120,654.03,640,655.0,40,656.0,1000,,,,,,,,,,,,
2026-01-16 09:31:55,653.55,653.02,1,653.2,80,653.9,120,653.9,653.2,653.2,80,652.56,80,652.55,40,652.54,120,652.53,80,652.52,40,652.0,80,651.79,80,651.78,200,651.36,200,653.9,120,654.03,640,655.0,40,656.0,1000,,,,,,,,,,,,
2026-01-16 09:31:56,653.55,653.02,1,653.2,80,653.9,120,653.9,653.2,653.2,80,652.56,80,652.55,40,652.54,120,652.53,80,652.52,40,652.0,80,651.79,80,651.78,200,651.36,200,653.9,120,654.03,640,655.0,40,656.0,1000,,,,,,,,,,,,
2026-01-16 09:31:57,653.85,654.03,3,653.2,40,654.5,360,654.5,653.2,653.2,40,652.56,80,652.55,40,652.54,120,652.53,80,652.52,40,652.0,80,651.79,80,651.78,200,651.36,200,654.5,360,655.0,40,656.0,1000,,,,,,,,,,,,,,
2026-01-16 09:31:58,653.85,654.03,3,653.2,40,654.5,400,654.5,653.2,653.2,40,652.56,80,652.55,40,652.54,120,652.53,80,652.52,40,652.0,80,651.79,80,651.78,200,651.36,200,654.5,400,655.0,40,656.0,1000,,,,,,,,,,,,,,
2026-01-16 09:31:59,653.85,654.48,1,653.2,40,654.5,400,654.5,653.2,653.2,40,652.56,80,652.55,40,652.54,120,652.53,80,652.52,40,652.0,80,651.79,80,651.78,200,651.36,200,654.5,400,655.0,40,656.0,1000,,,,,,,,,,,,,,
2026-01-16 09:32:00,653.85,654.48,1,653.2,120,654.5,360,654.5,653.2,653.2,120,652.56,80,652.55,40,652.54,120,652.53,80,652.52,40,652.0,80,651.79,80,651.78,200,651.36,200,654.5,360,655.0,40,656.0,1000,,,,,,,,,,,,,,
2026-01-16 09:32:01,653.85,654.48,1,653.2,120,654.5,360,654.5,653.2,653.2,120,652.56,80,652.55,40,652.54,120,652.53,80,652.52,40,652.0,80,651.79,80,651.78,200,651.36,200,654.5,360,655.0,40,656.0,1000,,,,,,,,,,,,,,
2026-01-16 09:32:02,653.85,654.48,1,653.2,120,654.5,360,654.5,653.2,653.2,120,652.56,80,652.55,40,652.54,120,652.53,80,652.52,40,652.0,80,651.79,80,651.78,200,651.36,200,654.5,360,655.0,40,656.0,1000,,,,,,,,,,,,,,
2026-01-16 09:32:03,653.85,654.48,1,653.2,120,654.5,360,654.5,653.2,653.2,120,652.56,80,652.55,40,652.54,120,652.53,80,652.52,40,652.0,80,651.79,80,651.78,200,651.36,200,654.5,360,655.0,40,656.0,1000,,,,,,,,,,,,,,
2026-01-16 09:32:04,653.85,654.48,1,653.2,120,654.5,360,654.5,653.2,653.2,120,652.56,80,652.55,40,652.54,120,652.53,80,652.52,40,652.0,80,651.79,80,651.78,200,651.36,200,654.5,360,655.0,40,656.0,1000,,,,,,,,,,,,,,
2026-01-16 09:32:05,653.85,654.48,1,653.2,120,654.5,280,654.5,653.2,653.2,120,652.56,80,652.55,40,652.54,120,652.53,80,652.52,40,652.0,80,651.79,80,651.78,200,651.36,200,654.5,280,655.0,40,656.0,1000,,,,,,,,,,,,,,
2026-01-16 09:32:06,653.98,654.1,2,653.46,40,654.5,280,654.5,653.46,653.46,40,653.2,120,652.56,80,652.55,40,652.54,120,652.53,80,652.52,40,652.0,80,651.79,80,651.78,200,654.5,280,655.0,40,656.0,1000,,,,,,,,,,,,,,
2026-01-16 09:32:07,653.98,654.1,2,653.46,40,654.5,240,654.5,653.46,653.46,40,653.2,120,652.56,80,652.55,40,652.54,120,652.53,80,652.52,40,652.0,80,651.79,80,651.78,200,654.5,240,655.0,40,656.0,1000,,,,,,,,,,,,,,
2026-01-16 09:32:08,653.98,654.1,2,653.46,40,654.5,240,654.5,653.46,653.46,40,653.2,120,652.56,80,652.55,40,652.54,120,652.53,80,652.52,40,652.0,80,651.79,80,651.78,200,654.5,240,655.0,40,656.0,1000,,,,,,,,,,,,,,
2026-01-16 09:32:09,653.98,654.1,2,653.46,40,654.5,240,654.5,653.46,653.46,40,653.2,120,652.56,80,652.55,40,652.54,120,652.53,80,652.52,40,652.0,80,651.79,80,651.78,200,654.5,240,655.0,40,656.0,1000,,,,,,,,,,,,,,
2026-01-16 09:32:10,654.115,654.1,2,653.73,40,654.5,200,654.5,653.73,653.73,40,653.46,40,653.2,120,652.56,80,652.55,40,652.54,120,652.53,80,652.52,40,652.0,80,651.79,80,654.5,200,655.0,40,656.0,1000,,,,,,,,,,,,,,
2026-01-16 09:32:11,654.115,654.1,2,653.73,40,654.5,200,654.5,653.73,653.73,40,653.46,40,653.2,120,652.56,80,652.55,40,652.54,120,652.53,80,652.52,40,652.0,80,651.79,80,654.5,200,655.0,40,656.0,1000,,,,,,,,,,,,,,
2026-01-16 09:32:12,654.115,654.1,2,653.73,40,654.5,200,654.5,653.73,653.73,40,653.46,40,653.2,120,652.56,80,652.55,40,652.54,120,652.53,80,652.52,40,652.0,80,651.79,80,654.5,200,655.0,40,656.0,1000,,,,,,,,,,,,,,
2026-01-16 09:32:13,653.79,653.79,1,653.46,80,654.12,160,654.12,653.46,653.46,80,653.2,120,652.56,80,652.55,40,652.54,120,652.53,80,652.52,40,652.0,80,651.79,80,651.78,200,654.12,160,654.5,200,655.0,40,656.0,1000,,,,,,,,,,,,
2026-01-16 09:32:14,653.79,653.79,1,653.46,80,654.12,160,654.12,653.46,653.46,80,653.2,120,652.56,80,652.55,40,652.54,120,652.53,80,652.52,40,652.0,80,651.79,80,651.78,200,654.12,160,654.5,200,655.0,40,656.0,1000,,,,,,,,,,,,
2026-01-16 09:32:15,653.79,653.79,1,653.46,80,654.12,160,654.12,653.46,653.46,80,653.2,120,652.56,80,652.55,40,652.54,120,652.53,80,652.52,40,652.0,80,651.79,80,651.78,200,654.12,160,654.5,200,655.0,40,656.0,1000,,,,,,,,,,,,
2026-01-16 09:32:16,653.79,654.12,1,653.46,160,654.12,80,654.12,653.46,653.46,160,653.2,120,652.56,80,652.55,40,652.54,120,652.53,80,652.52,40,652.0,80,651.79,80,651.78,200,654.12,80,654.5,160,655.0,40,656.0,1000,,,,,,,,,,,,
2026-01-16 09:32:17,653.79,654.12,1,653.46,160,654.12,80,654.12,653.46,653.46,160,653.2,120,652.56,80,652.55,40,652.54,120,652.53,80,652.52,40,652.0,80,651.79,80,651.78,200,654.12,80,654.5,160,655.0,40,656.0,1000,,,,,,,,,,,,
2026-01-16 09:32:18,653.79,654.12,1,653.46,160,654.12,160,654.12,653.46,653.46,160,653.2,120,652.56,80,652.55,40,652.54,120,652.53,80,652.52,40,652.0,80,651.79,80,651.78,200,654.12,160,654.5,160,655.0,40,656.0,1000,,,,,,,,,,,,
2026-01-16 09:32:19,653.79,654.12,1,653.46,160,654.12,160,654.12,653.46,653.46,160,653.2,120,652.56,80,652.55,40,652.54,120,652.53,80,652.52,40,652.0,80,651.79,80,651.78,200,654.12,160,654.5,160,655.0,40,656.0,1000,,,,,,,,,,,,
2026-01-16 09:32:20,653.895,654.12,1,653.47,40,654.32,40,654.32,653.47,653.47,40,653.46,160,653.2,120,652.56,80,652.55,40,652.54,120,652.53,80,652.52,40,652.0,80,651.79,80,654.32,40,654.5,160,655.0,40,656.0,1000,,,,,,,,,,,,
2026-01-16 09:32:21,653.895,654.12,1,653.47,80,654.32,40,654.32,653.47,653.47,80,653.46,160,653.2,120,652.56,80,652.55,40,652.54,120,652.53,80,652.52,40,652.0,80,651.79,80,654.32,40,654.5,160,655.0,40,656.0,1000,,,,,,,,,,,,
2026-01-16 09:32:22,653.89,654.12,1,653.46,160,654.32,40,654.32,653.46,653.46,160,653.2,120,652.56,80,652.55,40,652.54,120,652.53,80,652.52,40,652.0,80,651.79,80,651.78,200,654.32,40,654.5,160,655.0,40,656.0,1000,,,,,,,,,,,,
2026-01-16 09:32:24,653.89,654.12,1,653.46,160,654.32,40,654.32,653.46,653.46,160,653.2,120,652.56,80,652.55,40,652.54,120,652.53,80,652.52,40,652.0,80,651.79,80,651.78,200,654.32,40,654.5,160,655.0,40,656.0,1000,,,,,,,,,,,,
2026-01-16 09:32:25,653.985,654.12,1,653.47,40,654.5,160,654.5,653.47,653.47,40,653.46,160,653.2,120,652.56,80,652.55,40,652.54,120,652.53,80,652.52,40,652.0,80,651.79,80,654.5,160,655.0,40,656.0,1000,,,,,,,,,,,,,,
2026-01-16 09:32:26,653.985,654.12,1,653.47,160,654.5,160,654.5,653.47,653.47,160,653.46,160,653.2,120,652.56,80,652.55,40,652.54,120,652.53,80,652.52,40,652.0,80,651.79,80,654.5,160,655.0,40,656.0,1000,,,,,,,,,,,,,,
2026-01-16 09:32:26,653.985,654.12,1,653.47,160,654.5,160,654.5,653.47,653.47,160,653.46,160,653.2,120,652.56,80,652.55,40,652.54,120,652.53,80,652.52,40,652.0,80,651.79,80,654.5,160,655.0,40,656.0,1000,,,,,,,,,,,,,,
2026-01-16 09:32:27,653.985,654.12,1,653.47,160,654.5,160,654.5,653.47,653.47,160,653.46,160,653.2,120,652.56,80,652.55,40,652.54,120,652.53,80,652.52,40,652.0,80,651.79,80,654.5,160,655.0,40,656.0,1000,,,,,,,,,,,,,,
2026-01-16 09:32:29,653.985,654.12,1,653.47,160,654.5,200,654.5,653.47,653.47,160,653.46,160,653.2,120,652.56,80,652.55,40,652.54,120,652.53,80,652.52,40,652.0,80,651.79,80,654.5,200,655.0,40,656.0,1000,,,,,,,,,,,,,,
2026-01-16 09:32:30,653.985,654.12,1,653.47,160,654.5,200,654.5,653.47,653.47,160,653.46,160,653.2,120,652.56,80,652.55,40,652.54,120,652.53,80,652.52,40,652.0,80,651.79,80,654.5,200,655.0,40,656.0,1000,,,,,,,,,,,,,,
2026-01-16 09:32:30,653.985,654.12,1,653.47,160,654.5,200,654.5,653.47,653.47,160,653.46,160,653.2,120,652.56,80,652.55,40,652.54,120,652.53,80,652.52,40,652.0,80,651.79,80,654.5,200,655.0,40,656.0,1000,,,,,,,,,,,,,,
2026-01-16 09:32:31,654.105,654.12,1,653.71,40,654.5,200,654.5,653.71,653.71,40,653.47,160,653.46,160,653.2,120,652.56,80,652.55,40,652.54,120,652.53,80,652.52,40,652.0,80,654.5,200,655.0,40,656.0,1000,,,,,,,,,,,,,,
2026-01-16 09:32:33,654.105,654.12,1,653.71,40,654.5,200,654.5,653.71,653.71,40,653.47,160,653.46,160,653.2,120,652.56,80,652.55,40,652.54,120,652.53,80,652.52,40,652.0,80,654.5,200,655.0,40,656.0,1000,,,,,,,,,,,,,,
2026-01-16 09:32:33,654.105,654.12,1,653.71,40,654.5,200,654.5,653.71,653.71,40,653.47,160,653.46,160,653.2,120,652.56,80,652.55,40,652.54,120,652.53,80,652.52,40,652.0,80,654.5,200,655.0,40,656.0,1000,,,,,,,,,,,,,,
2026-01-16 09:32:35,654.105,654.12,1,653.71,40,654.5,200,654.5,653.71,653.71,40,653.47,160,653.46,160,653.2,120,652.56,80,652.55,40,652.54,120,652.53,80,652.52,40,652.0,80,654.5,200,655.0,40,656.0,1000,,,,,,,,,,,,,,
2026-01-16 09:32:35,654.995,654.31,1,654.31,240,655.68,40,655.68,654.31,654.31,240,653.86,40,653.72,80,653.71,40,653.47,160,653.46,160,653.2,120,652.56,80,652.55,40,652.54,120,655.68,40,655.79,40,656.0,1000,,,,,,,,,,,,,,
2026-01-16 09:32:36,654.695,654.31,1,653.71,40,655.68,40,655.68,653.71,653.71,40,653.47,160,653.46,160,653.2,120,652.56,80,652.55,40,652.54,120,652.53,80,652.52,40,652.0,80,655.68,40,655.79,40,656.0,1000,,,,,,,,,,,,,,
2026-01-16 09:32:37,654.695,654.31,1,653.71,160,655.68,80,655.68,653.71,653.71,160,653.47,160,653.46,160,653.2,120,652.56,80,652.55,40,652.54,120,652.53,80,652.52,40,652.0,80,655.68,80,655.79,40,656.0,1000,,,,,,,,,,,,,,
2026-01-16 09:32:39,654.695,654.7,1,653.71,160,655.68,80,655.68,653.71,653.71,160,653.47,160,653.46,160,653.2,120,652.56,80,652.55,40,652.54,120,652.53,80,652.52,40,652.0,80,655.68,80,655.79,40,656.0,1000,,,,,,,,,,,,,,
2026-01-16 09:32:40,654.67,654.7,1,653.66,40,655.68,80,655.68,653.66,653.66,40,653.47,160,653.46,160,653.2,120,652.56,80,652.55,40,652.54,120,652.53,80,652.52,40,652.0,80,655.68,80,655.79,40,656.0,1000,,,,,,,,,,,,,,
2026-01-16 09:32:41,654.67,655.23,1,653.66,40,655.68,80,655.68,653.66,653.66,40,653.47,160,653.46,160,653.2,120,652.56,80,652.55,40,652.54,120,652.53,80,652.52,40,652.0,80,655.68,80,655.79,40,656.0,1000,,,,,,,,,,,,,,
2026-01-16 09:32:42,655.265,655.23,1,654.85,40,655.68,80,655.68,654.85,654.85,40,653.66,40,653.47,160,653.46,160,653.2,120,652.56,80,652.55,40,652.54,120,652.53,80,652.52,40,655.68,80,655.79,40,656.0,1000,,,,,,,,,,,,,,
2026-01-16 09:32:43,655.265,655.27,1,654.85,80,655.68,40,655.68,654.85,654.85,80,653.66,40,653.47,160,653.46,160,653.2,120,652.56,80,652.55,40,652.54,120,652.53,80,652.52,40,655.68,40,655.79,40,656.0,1000,,,,,,,,,,,,,,
2026-01-16 09:32:44,655.305,655.27,1,654.93,160,655.68,40,655.68,654.93,654.93,160,654.87,80,654.85,80,653.66,40,653.47,160,653.46,160,653.2,120,652.56,80,652.55,40,652.54,120,655.68,40,655.79,40,656.0,1000,,,,,,,,,,,,,,
2026-01-16 09:32:45,655.305,655.08,1,654.93,160,655.68,80,655.68,654.93,654.93,160,654.87,80,654.85,80,653.66,40,653.47,160,653.46,160,653.2,120,652.56,80,652.55,40,652.54,120,655.68,80,655.79,40,656.0,1000,,,,,,,,,,,,,,
2026-01-16 09:32:46,655.305,655.08,1,654.93,160,655.68,80,655.68,654.93,654.93,160,654.87,80,654.85,80,653.66,40,653.47,160,653.46,160,653.2,120,652.56,80,652.55,40,652.54,120,655.68,80,655.79,40,656.0,1000,,,,,,,,,,,,,,
2026-01-16 09:32:47,655.305,655.08,1,654.93,160,655.68,80,655.68,654.93,654.93,160,654.87,80,654.85,80,653.66,40,653.47,160,653.46,160,653.2,120,652.56,80,652.55,40,652.54,120,655.68,80,655.79,40,656.0,1000,,,,,,,,,,,,,,
2026-01-16 09:32:48,655.305,655.08,1,654.93,160,655.68,80,655.68,654.93,654.93,160,654.87,80,654.85,80,653.66,40,653.47,160,653.46,160,653.2,120,652.56,80,652.55,40,652.54,120,655.68,80,655.79,40,656.0,1000,,,,,,,,,,,,,,
2026-01-16 09:32:48,655.305,655.08,1,654.93,160,655.68,80,655.68,654.93,654.93,160,654.87,80,654.85,80,653.66,40,653.47,160,653.46,160,653.2,120,652.56,80,652.55,40,652.54,120,655.68,80,655.79,40,656.0,1000,,,,,,,,,,,,,,
2026-01-16 09:32:50,654.34,654.34,1,653.47,200,655.21,40,655.21,653.47,653.47,200,653.46,160,653.2,120,652.56,80,652.55,40,652.54,120,652.53,80,652.52,40,652.0,80,651.79,80,655.21,40,655.31,80,655.68,80,655.79,40,656.0,1000,,,,,,,,,,
2026-01-16 09:32:51,654.34,654.34,1,653.47,240,655.21,120,655.21,653.47,653.47,240,653.46,160,653.2,120,652.56,80,652.55,40,652.54,120,652.53,80,652.52,40,652.0,80,651.79,80,655.21,120,655.31,80,655.68,80,655.79,40,656.0,1000,,,,,,,,,,
2026-01-16 09:32:52,654.34,654.34,1,653.47,240,655.21,120,655.21,653.47,653.47,240,653.46,160,653.2,120,652.56,80,652.55,40,652.54,120,652.53,80,652.52,40,652.0,80,651.79,80,655.21,120,655.31,80,655.68,80,655.79,40,656.0,1000,,,,,,,,,,
2026-01-16 09:32:52,654.34,654.34,1,653.47,240,655.21,120,655.21,653.47,653.47,240,653.46,160,653.2,120,652.56,80,652.55,40,652.54,120,652.53,80,652.52,40,652.0,80,651.79,80,655.21,120,655.31,80,655.68,80,655.79,40,656.0,1000,,,,,,,,,,
2026-01-16 09:32:54,654.34,654.34,1,653.47,240,655.21,120,655.21,653.47,653.47,240,653.46,160,653.2,120,652.56,80,652.55,40,652.54,120,652.53,80,652.52,40,652.0,80,651.79,80,655.21,120,655.31,80,655.68,80,655.79,40,656.0,1000,,,,,,,,,,
2026-01-16 09:32:55,654.34,654.34,1,653.47,240,655.21,120,655.21,653.47,653.47,240,653.46,160,653.2,120,652.56,80,652.55,40,652.54,120,652.53,80,652.52,40,652.0,80,651.79,80,655.21,120,655.31,80,655.68,80,655.79,40,656.0,1000,,,,,,,,,,
2026-01-16 09:32:56,654.34,654.34,1,653.47,240,655.21,120,655.21,653.47,653.47,240,653.46,160,653.2,120,652.56,80,652.55,40,652.54,120,652.53,80,652.52,40,652.0,80,651.79,80,655.21,120,655.31,80,655.68,80,655.79,40,656.0,1000,,,,,,,,,,
2026-01-16 09:32:57,654.34,654.34,1,653.47,240,655.21,120,655.21,653.47,653.47,240,653.46,160,653.2,120,652.56,80,652.55,40,652.54,120,652.53,80,652.52,40,652.0,80,651.79,80,655.21,120,655.31,80,655.68,80,655.79,40,656.0,1000,,,,,,,,,,
2026-01-16 09:32:58,654.34,654.34,1,653.47,240,655.21,120,655.21,653.47,653.47,240,653.46,160,653.2,120,652.56,80,652.55,40,652.54,120,652.53,80,652.52,40,652.0,80,651.79,80,655.21,120,655.31,80,655.68,80,655.79,40,656.0,1000,,,,,,,,,,
2026-01-16 09:32:59,654.34,654.34,1,653.47,240,655.21,200,655.21,653.47,653.47,240,653.46,160,653.2,120,652.56,80,652.55,40,652.54,120,652.53,80,652.52,40,652.0,80,651.79,80,655.21,200,655.31,80,655.68,80,655.79,40,656.0,1000,,,,,,,,,,
2026-01-16 09:33:00,654.34,654.34,1,653.47,280,655.21,80,655.21,653.47,653.47,280,653.46,160,653.2,120,652.56,80,652.55,40,652.54,120,652.53,80,652.52,40,652.0,80,651.79,80,655.21,80,655.31,80,655.68,80,655.79,40,656.0,1000,,,,,,,,,,
2026-01-16 09:33:01,654.34,654.34,1,653.47,240,655.21,80,655.21,653.47,653.47,240,653.46,160,653.2,120,652.56,80,652.55,40,652.54,120,652.53,80,652.52,40,652.0,80,651.79,80,655.21,80,655.31,80,655.68,80,655.79,40,656.0,1000,,,,,,,,,,
2026-01-16 09:33:02,654.34,654.34,1,653.47,240,655.21,80,655.21,653.47,653.47,240,653.46,160,653.2,120,652.56,80,652.55,40,652.54,120,652.53,80,652.52,40,652.0,80,651.79,80,655.21,80,655.31,80,655.68,80,655.79,40,656.0,1000,,,,,,,,,,
2026-01-16 09:33:03,654.34,654.34,1,653.47,240,655.21,80,655.21,653.47,653.47,240,653.46,160,653.2,120,652.56,80,652.55,40,652.54,120,652.53,80,652.52,40,652.0,80,651.79,80,655.21,80,655.31,80,655.68,80,655.79,40,656.0,1000,,,,,,,,,,
2026-01-16 09:33:04,654.59,654.34,1,653.97,40,655.21,80,655.21,653.97,653.97,40,653.47,280,653.46,160,653.2,120,652.56,80,652.55,40,652.54,120,652.53,80,652.52,40,652.0,80,655.21,80,655.31,80,655.68,80,655.79,40,656.0,1000,,,,,,,,,,
2026-01-16 09:33:05,654.14,654.34,1,653.47,240,654.81,40,654.81,653.47,653.47,240,653.46,160,653.2,120,652.56,80,652.55,40,652.54,120,652.53,80,652.52,40,652.0,80,651.79,80,654.81,40,654.82,80,655.06,80,655.21,80,655.31,80,655.68,80,655.79,40,656.0,1000,,,,
2026-01-16 09:33:06,654.565,654.54,1,653.47,240,655.66,80,655.66,653.47,653.47,240,653.46,160,653.2,120,652.56,80,652.55,40,652.54,120,652.53,80,652.52,40,652.0,80,651.79,80,655.66,80,655.68,80,655.79,40,656.0,1000,,,,,,,,,,,,
2026-01-16 09:33:07,654.565,654.54,1,653.47,240,655.66,80,655.66,653.47,653.47,240,653.46,160,653.2,120,652.56,80,652.55,40,652.54,120,652.53,80,652.52,40,652.0,80,651.79,80,655.66,80,655.68,80,655.79,40,656.0,1000,,,,,,,,,,,,
2026-01-16 09:33:08,653.92,654.54,1,653.47,240,654.37,160,654.37,653.47,653.47,240,653.46,160,653.2,120,652.56,80,652.55,40,652.54,120,652.53,80,652.52,40,652.0,80,651.79,80,654.37,160,655.66,80,655.68,80,655.79,40,656.0,1000,,,,,,,,,,
2026-01-16 09:33:09,653.42,653.46,1,652.57,80,654.27,40,654.27,652.57,652.57,80,652.56,80,652.55,40,652.54,120,652.53,80,652.52,40,652.0,80,651.79,80,651.78,200,651.36,200,654.27,40,654.37,160,655.66,80,655.68,80,655.79,40,656.0,1000,,,,,,,,
2026-01-16 09:33:10,653.285,653.46,1,652.57,80,654.0,200,654.0,652.57,652.57,80,652.56,80,652.55,40,652.54,120,652.53,80,652.52,40,652.0,80,651.79,80,651.78,200,651.36,200,654.0,200,654.27,40,654.37,160,655.66,80,655.68,80,655.79,40,656.0,1000,,,,,,
2026-01-16 09:33:11,653.1,653.28,1,652.2,320,654.0,200,654.0,652.2,652.2,320,652.0,80,651.79,80,651.78,200,651.36,200,650.71,40,650.52,280,650.51,240,650.01,80,,,654.0,200,654.27,40,654.37,160,655.66,80,655.68,80,655.79,40,656.0,1000,,,,,,
2026-01-16 09:33:12,653.1,653.28,1,652.2,320,654.0,200,654.0,652.2,652.2,320,652.0,80,651.79,80,651.78,200,651.36,200,650.71,40,650.52,280,650.51,240,650.01,80,,,654.0,200,654.27,40,654.37,160,655.66,80,655.68,80,655.79,40,656.0,1000,,,,,,
2026-01-16 09:33:13,653.1,653.28,1,652.2,320,654.0,200,654.0,652.2,652.2,320,652.0,80,651.79,80,651.78,200,651.36,200,650.71,40,650.52,280,650.51,240,650.01,80,,,654.0,200,654.27,40,654.37,160,655.66,80,655.68,80,655.79,40,656.0,1000,,,,,,
2026-01-16 09:33:14,653.1,653.47,1,652.2,320,654.0,280,654.0,652.2,652.2,320,652.0,80,651.79,80,651.78,200,651.36,200,650.71,40,650.52,280,650.51,240,650.01,80,,,654.0,280,654.27,40,654.37,160,655.66,80,655.68,80,655.79,40,656.0,1000,,,,,,
2026-01-16 09:33:15,653.1,653.47,1,652.2,320,654.0,280,654.0,652.2,652.2,320,652.0,80,651.79,80,651.78,200,651.36,200,650.71,40,650.52,280,650.51,240,650.01,80,,,654.0,280,654.27,40,654.37,160,655.66,80,655.68,80,655.79,40,656.0,1000,,,,,,
2026-01-16 09:33:16,653.1,653.47,1,652.2,320,654.0,280,654.0,652.2,652.2,320,652.0,80,651.79,80,651.78,200,651.36,200,650.71,40,650.52,280,650.51,240,650.01,80,,,654.0,280,654.27,40,654.37,160,655.66,80,655.68,80,655.79,40,656.0,1000,,,,,,
2026-01-16 09:33:17,653.285,653.47,1,652.57,80,654.0,200,654.0,652.57,652.57,80,652.2,320,652.0,80,651.79,80,651.78,200,651.36,200,650.71,40,650.52,280,650.51,240,650.01,80,654.0,200,654.27,40,654.37,160,655.66,80,655.68,80,655.79,40,656.0,1000,,,,,,
2026-01-16 09:33:18,653.285,653.47,1,652.57,80,654.0,200,654.0,652.57,652.57,80,652.2,320,652.0,80,651.79,80,651.78,200,651.36,200,650.71,40,650.52,280,650.51,240,650.01,80,654.0,200,654.27,40,654.37,160,655.66,80,655.68,80,655.79,40,656.0,1000,,,,,,
2026-01-16 09:33:19,653.285,654.0,12,652.57,80,654.0,200,654.0,652.57,652.57,80,652.2,320,652.0,80,651.79,80,651.78,200,651.36,200,650.71,40,650.52,280,650.51,240,650.01,80,654.0,200,654.27,40,654.37,160,655.66,80,655.68,80,655.79,40,656.0,1000,,,,,,
2026-01-16 09:33:20,653.285,652.95,1,652.57,80,654.0,200,654.0,652.57,652.57,80,652.2,320,652.0,80,651.79,80,651.78,200,651.36,200,650.71,40,650.52,280,650.51,240,650.01,80,654.0,200,654.27,40,654.37,160,655.66,80,655.68,80,655.79,40,656.0,1000,,,,,,
2026-01-16 09:33:21,653.285,652.95,1,652.57,80,654.0,200,654.0,652.57,652.57,80,652.2,320,652.0,80,651.79,80,651.78,200,651.36,200,650.71,40,650.52,280,650.51,240,650.01,80,654.0,200,654.27,40,654.37,160,655.66,80,655.68,80,655.79,40,656.0,1000,,,,,,
2026-01-16 09:33:22,653.285,652.95,1,652.57,160,654.0,200,654.0,652.57,652.57,160,652.2,320,652.0,80,651.79,80,651.78,200,651.36,200,650.71,40,650.52,280,650.51,240,650.01,80,654.0,200,654.27,40,654.37,160,655.66,80,655.68,80,655.79,40,656.0,1000,,,,,,
2026-01-16 09:33:23,654.4,654.24,1,653.3,40,655.5,40,655.5,653.3,653.3,40,653.28,40,653.02,40,652.6,40,652.57,160,652.2,320,652.0,80,651.79,80,651.78,200,651.36,200,655.5,40,655.66,80,655.68,80,655.79,40,656.0,1000,,,,,,,,,,
2026-01-16 09:33:24,654.15,654.24,1,653.3,40,655.0,120,655.0,653.3,653.3,40,653.28,40,653.02,40,652.6,40,652.57,160,652.2,320,652.0,80,651.79,80,651.78,200,651.36,200,655.0,120,655.5,40,655.66,80,655.68,80,655.79,40,656.0,1000,,,,,,,,
2026-01-16 09:33:25,653.785,654.15,1,652.57,160,655.0,120,655.0,652.57,652.57,160,652.2,320,652.0,80,651.79,80,651.78,200,651.36,200,650.71,40,650.52,280,650.51,240,650.01,80,655.0,120,655.5,40,655.66,80,655.68,80,655.79,40,656.0,1000,,,,,,,,
2026-01-16 09:33:26,653.785,654.15,1,652.57,200,655.0,120,655.0,652.57,652.57,200,652.2,320,652.0,80,651.79,80,651.78,200,651.36,200,650.71,40,650.52,280,650.51,240,650.01,80,655.0,120,655.5,40,655.66,80,655.68,80,655.79,40,656.0,1000,,,,,,,,
2026-01-16 09:33:27,653.815,654.15,1,652.63,40,655.0,120,655.0,652.63,652.63,40,652.57,160,652.2,320,652.0,80,651.79,80,651.78,200,651.36,200,650.71,40,650.52,280,650.51,240,655.0,120,655.5,40,655.66,80,655.68,80,655.79,40,656.0,1000,,,,,,,,
2026-01-16 09:33:28,653.815,654.15,1,652.63,40,655.0,120,655.0,652.63,652.63,40,652.57,160,652.2,320,652.0,80,651.79,80,651.78,200,651.36,200,650.71,40,650.52,280,650.51,240,655.0,120,655.5,40,655.66,80,655.68,80,655.79,40,656.0,1000,,,,,,,,
2026-01-16 09:33:29,653.815,654.15,1,652.63,40,655.0,120,655.0,652.63,652.63,40,652.57,160,652.2,320,652.0,80,651.79,80,651.78,200,651.36,200,650.71,40,650.52,280,650.51,240,655.0,120,655.5,40,655.66,80,655.68,80,655.79,40,656.0,1000,,,,,,,,
2026-01-16 09:33:30,653.785,654.15,1,652.57,80,655.0,120,655.0,652.57,652.57,80,652.2,320,652.0,80,651.79,80,651.78,200,651.36,200,650.71,40,650.52,280,650.51,240,650.01,80,655.0,120,655.5,40,655.66,80,655.68,80,655.79,40,656.0,1000,,,,,,,,
2026-01-16 09:33:31,653.625,652.73,1,652.57,80,654.68,40,654.68,652.57,652.57,80,652.2,320,652.0,80,651.79,80,651.78,200,651.36,200,650.71,40,650.52,280,650.51,240,650.01,80,654.68,40,654.69,80,655.0,120,655.5,40,655.66,80,655.68,80,655.79,40,656.0,1000,,,,
2026-01-16 09:33:32,653.625,652.73,1,652.57,80,654.68,40,654.68,652.57,652.57,80,652.2,320,652.0,80,651.79,80,651.78,200,651.36,200,650.71,40,650.52,280,650.51,240,650.01,80,654.68,40,654.69,80,655.0,120,655.5,40,655.66,80,655.68,80,655.79,40,656.0,1000,,,,
2026-01-16 09:33:33,653.625,652.73,1,652.57,80,654.68,40,654.68,652.57,652.57,80,652.2,320,652.0,80,651.79,80,651.78,200,651.36,200,650.71,40,650.52,280,650.51,240,650.01,80,654.68,40,654.69,80,655.0,120,655.5,40,655.66,80,655.68,80,655.79,40,656.0,1000,,,,
2026-01-16 09:33:34,653.625,652.73,1,652.57,80,654.68,40,654.68,652.57,652.57,80,652.2,320,652.0,80,651.79,80,651.78,200,651.36,200,650.71,40,650.52,280,650.51,240,650.01,80,654.68,40,654.69,80,655.0,120,655.5,40,655.66,80,655.68,80,655.79,40,656.0,1000,,,,
2026-01-16 09:33:35,653.625,653.63,1,652.57,80,654.68,120,654.68,652.57,652.57,80,652.2,320,652.0,80,651.79,80,651.78,200,651.36,200,650.71,40,650.52,280,650.51,240,650.01,80,654.68,120,654.69,80,655.0,120,655.5,40,655.66,80,655.68,80,655.79,40,656.0,1000,,,,
2026-01-16 09:33:36,653.625,653.63,1,652.57,80,654.68,80,654.68,652.57,652.57,80,652.2,320,652.0,80,651.79,80,651.78,200,651.36,200,650.71,40,650.52,280,650.51,240,650.01,80,654.68,80,654.69,80,655.0,120,655.5,40,655.66,80,655.68,80,655.79,40,656.0,1000,,,,
2026-01-16 09:33:37,653.62,653.63,1,652.57,80,654.67,40,654.67,652.57,652.57,80,652.2,320,652.0,80,651.79,80,651.78,200,651.36,200,650.71,40,650.52,280,650.51,240,650.01,80,654.67,40,654.68,160,654.69,80,655.0,120,655.5,40,655.66,80,655.68,80,655.79,40,656.0,1000,,
2026-01-16 09:33:38,653.62,653.63,1,652.57,80,654.67,40,654.67,652.57,652.57,80,652.2,320,652.0,80,651.79,80,651.78,200,651.36,200,650.71,40,650.52,280,650.51,240,650.01,80,654.67,40,654.68,160,654.69,80,655.0,120,655.5,40,655.66,80,655.68,80,655.79,40,656.0,1000,,
2026-01-16 09:33:39,653.62,653.63,1,652.57,80,654.67,40,654.67,652.57,652.57,80,652.2,320,652.0,80,651.79,80,651.78,200,651.36,200,650.71,40,650.52,280,650.51,240,650.01,80,654.67,40,654.68,160,654.69,80,655.0,120,655.5,40,655.66,80,655.68,80,655.79,40,656.0,1000,,
2026-01-16 09:33:40,653.62,653.63,1,652.57,80,654.67,40,654.67,652.57,652.57,80,652.2,320,652.0,80,651.79,80,651.78,200,651.36,200,650.71,40,650.52,280,650.51,240,650.01,80,654.67,40,654.68,160,654.69,80,655.0,120,655.5,40,655.66,80,655.68,80,655.79,40,656.0,1000,,
2026-01-16 09:33:41,653.62,653.63,1,652.57,80,654.67,40,654.67,652.57,652.57,80,652.2,320,652.0,80,651.79,80,651.78,200,651.36,200,650.71,40,650.52,280,650.51,240,650.01,80,654.67,40,654.68,160,654.69,80,655.0,120,655.5,40,655.66,80,655.68,80,655.79,40,656.0,1000,,
2026-01-16 09:33:42,653.62,653.62,1,652.57,80,654.67,40,654.67,652.57,652.57,80,652.2,320,652.0,80,651.79,80,651.78,200,651.36,200,650.71,40,650.52,280,650.51,240,650.01,80,654.67,40,654.68,160,654.69,80,655.0,120,655.5,40,655.66,80,655.68,80,655.79,40,656.0,1000,,
2026-01-16 09:33:43,653.62,653.62,1,652.57,80,654.67,80,654.67,652.57,652.57,80,652.2,320,652.0,80,651.79,80,651.78,200,651.36,200,650.71,40,650.52,280,650.51,240,650.01,80,654.67,80,654.68,160,654.69,80,655.0,120,655.5,40,655.66,80,655.68,80,655.79,40,656.0,1000,,
2026-01-16 09:33:44,653.62,653.62,1,652.57,120,654.67,80,654.67,652.57,652.57,120,652.2,320,652.0,80,651.79,80,651.78,200,651.36,200,650.71,40,650.52,280,650.51,240,650.01,80,654.67,80,654.68,160,654.69,80,655.0,120,655.5,40,655.66,80,655.68,80,655.79,40,656.0,1000,,
2026-01-16 09:33:45,653.62,653.62,1,652.57,120,654.67,80,654.67,652.57,652.57,120,652.2,320,652.0,80,651.79,80,651.78,200,651.36,200,650.71,40,650.52,280,650.51,240,650.01,80,654.67,80,654.68,160,654.69,80,655.0,120,655.5,40,655.66,80,655.68,80,655.79,40,656.0,1000,,
2026-01-16 09:33:46,653.62,653.62,1,652.57,120,654.67,80,654.67,652.57,652.57,120,652.2,320,652.0,80,651.79,80,651.78,200,651.36,200,650.71,40,650.52,280,650.51,240,650.01,80,654.67,80,654.68,160,654.69,80,655.0,120,655.5,40,655.66,80,655.68,80,655.79,40,656.0,1000,,
2026-01-16 09:33:47,653.62,652.59,1,652.57,80,654.67,80,654.67,652.57,652.57,80,652.2,320,652.0,80,651.79,80,651.78,200,651.36,200,650.71,40,650.52,280,650.51,240,650.01,80,654.67,80,654.68,160,654.69,80,655.0,120,655.5,40,655.66,80,655.68,80,655.79,40,656.0,1000,,
2026-01-16 09:33:48,653.615,652.59,1,652.57,80,654.66,40,654.66,652.57,652.57,80,652.2,320,652.0,80,651.79,80,651.78,200,651.36,200,650.71,40,650.52,280,650.51,240,650.01,80,654.66,40,654.67,80,654.68,160,654.69,80,655.0,120,655.5,40,655.66,80,655.68,80,655.79,40,656.0,1000
2026-01-16 09:33:49,653.615,652.59,1,652.57,80,654.66,40,654.66,652.57,652.57,80,652.2,320,652.0,80,651.79,80,651.78,200,651.36,200,650.71,40,650.52,280,650.51,240,650.01,80,654.66,40,654.67,80,654.68,160,654.69,80,655.0,120,655.5,40,655.66,80,655.68,80,655.79,40,656.0,1000
2026-01-16 09:33:50,653.36,652.59,1,652.57,80,654.15,40,654.15,652.57,652.57,80,652.2,320,652.0,80,651.79,80,651.78,200,651.36,200,650.71,40,650.52,280,650.51,240,650.01,80,654.15,40,654.66,40,654.67,80,654.68,160,654.69,80,655.0,120,655.5,40,655.66,80,655.68,80,655.79,40
2026-01-16 09:33:51,653.36,652.59,1,652.57,80,654.15,40,654.15,652.57,652.57,80,652.2,320,652.0,80,651.79,80,651.78,200,651.36,200,650.71,40,650.52,280,650.51,240,650.01,80,654.15,40,654.66,40,654.67,80,654.68,160,654.69,80,655.0,120,655.5,40,655.66,80,655.68,80,655.79,40
2026-01-16 09:33:52,652.94,652.57,1,652.58,40,653.3,160,653.3,652.58,652.58,40,652.57,80,652.2,320,652.0,80,651.79,80,651.78,200,651.36,200,650.71,40,650.52,280,650.51,240,653.3,160,654.0,120,654.15,40,654.66,40,654.67,80,654.68,160,654.69,80,655.0,120,655.5,40,655.66,80
2026-01-16 09:33:53,652.94,652.57,1,652.58,40,653.3,240,653.3,652.58,652.58,40,652.57,80,652.2,320,652.0,80,651.79,80,651.78,200,651.36,200,650.71,40,650.52,280,650.51,240,653.3,240,654.0,120,654.15,40,654.66,40,654.67,80,654.68,160,654.69,80,655.0,120,655.5,40,655.66,80
2026-01-16 09:33:54,652.94,652.94,1,652.58,40,653.3,240,653.3,652.58,652.58,40,652.57,80,652.2,320,652.0,80,651.79,80,651.78,200,651.36,200,650.71,40,650.52,280,650.51,240,653.3,240,654.0,120,654.15,40,654.66,40,654.67,80,654.68,160,654.69,80,655.0,120,655.5,40,655.66,80
2026-01-16 09:33:55,652.94,652.94,1,652.58,40,653.3,240,653.3,652.58,652.58,40,652.57,80,652.2,320,652.0,80,651.79,80,651.78,200,651.36,200,650.71,40,650.52,280,650.51,240,653.3,240,654.0,120,654.15,40,654.66,40,654.67,80,654.68,160,654.69,80,655.0,120,655.5,40,655.66,80
2026-01-16 09:33:56,652.935,652.94,1,652.58,160,653.29,120,653.29,652.58,652.58,160,652.57,80,652.2,320,652.0,80,651.79,80,651.78,200,651.36,200,650.71,40,650.52,280,650.51,240,653.29,120,653.3,240,654.0,120,654.15,40,654.66,40,654.67,80,654.68,160,654.69,80,655.0,120,655.5,40
2026-01-16 09:33:57,652.935,652.94,1,652.58,160,653.29,120,653.29,652.58,652.58,160,652.57,80,652.2,320,652.0,80,651.79,80,651.78,200,651.36,200,650.71,40,650.52,280,650.51,240,653.29,120,653.3,240,654.0,120,654.15,40,654.66,40,654.67,80,654.68,160,654.69,80,655.0,120,655.5,40
2026-01-16 09:33:58,652.935,652.94,1,652.58,160,653.29,120,653.29,652.58,652.58,160,652.57,80,652.2,320,652.0,80,651.79,80,651.78,200,651.36,200,650.71,40,650.52,280,650.51,240,653.29,120,653.3,240,654.0,120,654.15,40,654.66,40,654.67,80,654.68,160,654.69,80,655.0,120,655.5,40
2026-01-16 09:33:59,652.935,652.94,1,652.58,160,653.29,120,653.29,652.58,652.58,160,652.57,80,652.2,320,652.0,80,651.79,80,651.78,200,651.36,200,650.71,40,650.52,280,650.51,240,653.29,120,653.3,240,654.0,120,654.15,40,654.66,40,654.67,80,654.68,160,654.69,80,655.0,120,655.5,40
2026-01-16 09:34:00,652.835,652.94,1,652.67,80,653.0,40,653.0,652.67,652.67,80,652.58,200,652.57,80,652.2,320,652.0,80,651.79,80,651.78,200,651.36,200,650.71,40,650.52,280,653.0,40,653.29,120,653.3,240,654.0,120,654.15,40,654.66,40,654.67,80,654.68,160,654.69,80,655.0,120
2026-01-16 09:34:01,652.835,652.94,1,652.67,80,653.0,40,653.0,652.67,652.67,80,652.58,200,652.57,80,652.2,320,652.0,80,651.79,80,651.78,200,651.36,200,650.71,40,650.52,280,653.0,40,653.29,120,653.3,240,654.0,120,654.15,40,654.66,40,654.67,80,654.68,160,654.69,80,655.0,120
2026-01-16 09:34:02,652.98,652.84,2,652.67,120,653.29,400,653.29,652.67,652.67,120,652.58,200,652.57,80,652.2,320,652.0,80,651.79,80,651.78,200,651.36,200,650.71,40,650.52,280,653.29,400,653.3,240,654.0,120,654.15,40,654.66,40,654.67,80,654.68,160,654.69,80,655.0,120,655.5,40
2026-01-16 09:34:03,652.985,652.67,1,652.68,40,653.29,440,653.29,652.68,652.68,40,652.58,80,652.57,80,652.2,320,652.0,80,651.79,80,651.78,200,651.36,200,650.71,40,650.52,280,653.29,440,653.3,240,654.0,120,654.15,40,654.66,40,654.67,80,654.68,160,654.69,80,655.0,120,655.5,40
2026-01-16 09:34:04,652.935,652.67,1,652.58,80,653.29,240,653.29,652.58,652.58,80,652.57,80,652.2,320,652.0,80,651.79,80,651.78,200,651.36,200,650.71,40,650.52,280,650.51,240,653.29,240,653.3,240,654.0,120,654.15,40,654.66,40,654.67,80,654.68,160,654.69,80,655.0,120,655.5,40
2026-01-16 09:34:05,652.795,652.67,1,652.59,40,653.0,80,653.0,652.59,652.59,40,652.58,80,652.57,80,652.2,320,652.0,80,651.79,80,651.78,200,651.36,200,650.71,40,650.52,280,653.0,80,653.29,240,653.3,240,654.0,120,654.15,40,654.66,40,654.67,80,654.68,160,654.69,80,655.0,120
2026-01-16 09:34:06,652.795,652.67,1,652.59,40,653.0,80,653.0,652.59,652.59,40,652.58,80,652.57,80,652.2,320,652.0,80,651.79,80,651.78,200,651.36,200,650.71,40,650.52,280,653.0,80,653.29,240,653.3,240,654.0,120,654.15,40,654.66,40,654.67,80,654.68,160,654.69,80,655.0,120
2026-01-16 09:34:07,652.795,652.8,1,652.59,40,653.0,80,653.0,652.59,652.59,40,652.58,80,652.57,80,652.2,320,652.0,80,651.79,80,651.78,200,651.36,200,650.71,40,650.52,280,653.0,80,653.29,240,653.3,240,654.0,120,654.15,40,654.66,40,654.67,80,654.68,160,654.69,80,655.0,120
2026-01-16 09:34:08,652.78,652.8,1,652.57,80,652.99,80,652.99,652.57,652.57,80,652.2,320,652.0,80,651.79,80,651.78,200,651.36,200,650.71,40,650.52,280,650.51,240,650.01,80,652.99,80,653.0,80,653.29,240,653.3,240,654.0,120,654.15,40,654.66,40,654.67,80,654.68,160,654.69,80
2026-01-16 09:34:09,652.495,652.14,1,652.0,80,652.99,120,652.99,652.0,652.0,80,651.79,80,651.78,200,651.36,200,650.71,40,650.52,280,650.51,240,650.01,80,,,,,652.99,120,653.0,80,653.29,240,653.3,240,654.0,120,654.15,40,654.66,40,654.67,80,654.68,160,654.69,80
2026-01-16 09:34:10,652.495,652.14,1,652.0,80,652.99,120,652.99,652.0,652.0,80,651.79,80,651.78,200,651.36,200,650.71,40,650.52,280,650.51,240,650.01,80,,,,,652.99,120,653.0,80,653.29,240,653.3,240,654.0,120,654.15,40,654.66,40,654.67,80,654.68,160,654.69,80
2026-01-16 09:34:11,652.495,652.14,1,652.0,80,652.99,160,652.99,652.0,652.0,80,651.79,80,651.78,200,651.36,200,650.71,40,650.52,280,650.51,240,650.01,80,,,,,652.99,160,653.0,80,653.29,240,653.3,240,654.0,120,654.15,40,654.66,40,654.67,80,654.68,160,654.69,80
2026-01-16 09:34:12,652.265,652.14,1,651.55,40,652.98,40,652.98,651.55,651.55,40,651.36,200,650.71,40,650.52,280,650.51,240,650.01,80,,,,,,,,,652.98,40,652.99,200,653.0,80,653.29,240,653.3,240,654.0,120,654.15,40,654.66,40,654.67,80,654.68,160
2026-01-16 09:34:13,652.265,652.14,1,651.55,40,652.98,40,652.98,651.55,651.55,40,651.36,200,650.71,40,650.52,280,650.51,240,650.01,80,,,,,,,,,652.98,40,652.99,200,653.0,80,653.29,240,653.3,240,654.0,120,654.15,40,654.66,40,654.67,80,654.68,160
2026-01-16 09:34:14,652.27,652.14,1,651.55,40,652.99,160,652.99,651.55,651.55,40,651.36,200,650.71,40,650.52,280,650.51,240,650.01,80,,,,,,,,,652.99,160,653.0,80,653.29,240,653.3,240,654.0,120,654.15,40,654.66,40,654.67,80,654.68,160,654.69,80
2026-01-16 09:34:15,652.27,652.14,1,651.55,40,652.99,200,652.99,651.55,651.55,40,651.36,200,650.71,40,650.52,280,650.51,240,650.01,80,,,,,,,,,652.99,200,653.0,80,653.29,240,653.3,240,654.0,120,654.15,40,654.66,40,654.67,80,654.68,160,654.69,80
2026-01-16 09:34:16,652.27,652.14,1,651.55,40,652.99,200,652.99,651.55,651.55,40,651.36,200,650.71,40,650.52,280,650.51,240,650.01,80,,,,,,,,,652.99,200,653.0,80,653.29,240,653.3,240,654.0,120,654.15,40,654.66,40,654.67,80,654.68,160,654.69,80
2026-01-16 09:34:17,652.27,652.14,1,651.55,40,652.99,200,652.99,651.55,651.55,40,651.36,200,650.71,40,650.52,280,650.51,240,650.01,80,,,,,,,,,652.99,200,653.0,80,653.29,240,653.3,240,654.0,120,654.15,40,654.66,40,654.67,80,654.68,160,654.69,80
2026-01-16 09:34:18,652.27,652.14,1,651.55,40,652.99,200,652.99,651.55,651.55,40,651.36,200,650.71,40,650.52,280,650.51,240,650.01,80,,,,,,,,,652.99,200,653.0,80,653.29,240,653.3,240,654.0,120,654.15,40,654.66,40,654.67,80,654.68,160,654.69,80
2026-01-16 09:34:19,652.27,652.14,1,651.55,40,652.99,160,652.99,651.55,651.55,40,651.36,200,650.71,40,650.52,280,650.51,240,650.01,80,,,,,,,,,652.99,160,653.0,80,653.29,240,653.3,240,654.0,120,654.15,40,654.66,40,654.67,80,654.68,160,654.69,80
2026-01-16 09:34:20,652.27,652.14,1,651.55,40,652.99,120,652.99,651.55,651.55,40,651.36,200,650.71,40,650.52,280,650.51,240,650.01,80,,,,,,,,,652.99,120,653.0,80,653.29,240,653.3,240,654.0,120,654.15,40,654.66,40,654.67,80,654.68,160,654.69,80
2026-01-16 09:34:21,652.27,652.14,1,651.55,40,652.99,120,652.99,651.55,651.55,40,651.36,200,650.71,40,650.52,280,650.51,240,650.01,80,,,,,,,,,652.99,120,653.0,80,653.29,240,653.3,240,654.0,120,654.15,40,654.66,40,654.67,80,654.68,160,654.69,80
2026-01-16 09:34:22,652.27,652.14,1,651.55,40,652.99,120,652.99,651.55,651.55,40,651.36,200,650.71,40,650.52,280,650.51,240,650.01,80,,,,,,,,,652.99,120,653.0,80,653.29,240,653.3,240,654.0,120,654.15,40,654.66,40,654.67,80,654.68,160,654.69,80
2026-01-16 09:34:23,652.27,652.14,1,651.55,80,652.99,160,652.99,651.55,651.55,80,651.36,200,650.71,40,650.52,280,650.51,240,650.01,80,,,,,,,,,652.99,160,653.0,80,653.29,240,653.3,240,654.0,120,654.15,40,654.66,40,654.67,80,654.68,160,654.69,80
2026-01-16 09:34:24,652.27,652.14,1,651.55,80,652.99,160,652.99,651.55,651.55,80,651.36,200,650.71,40,650.52,280,650.51,240,650.01,80,,,,,,,,,652.99,160,653.0,80,653.29,240,653.3,240,654.0,120,654.15,40,654.66,40,654.67,80,654.68,160,654.69,80
2026-01-16 09:34:25,652.35,652.14,1,651.71,40,652.99,160,652.99,651.71,651.71,40,651.55,80,651.36,200,650.71,40,650.52,280,650.51,240,650.01,80,,,,,,,652.99,160,653.0,80,653.29,240,653.3,240,654.0,120,654.15,40,654.66,40,654.67,80,654.68,160,654.69,80
2026-01-16 09:34:26,652.35,652.14,1,651.71,40,652.99,160,652.99,651.71,651.71,40,651.55,80,651.36,200,650.71,40,650.52,280,650.51,240,650.01,80,,,,,,,652.99,160,653.0,80,653.29,240,653.3,240,654.0,120,654.15,40,654.66,40,654.67,80,654.68,160,654.69,80
2026-01-16 09:34:27,652.35,652.14,1,651.71,40,652.99,160,652.99,651.71,651.71,40,651.55,80,651.36,200,650.71,40,650.52,280,650.51,240,650.01,80,,,,,,,652.99,160,653.0,80,653.29,240,653.3,240,654.0,120,654.15,40,654.66,40,654.67,80,654.68,160,654.69,80
2026-01-16 09:34:28,652.35,652.14,1,651.71,40,652.99,160,652.99,651.71,651.71,40,651.55,80,651.36,200,650.71,40,650.52,280,650.51,240,650.01,80,,,,,,,652.99,160,653.0,80,653.29,240,653.3,240,654.0,120,654.15,40,654.66,40,654.67,80,654.68,160,654.69,80
2026-01-16 09:34:29,652.35,652.14,1,651.71,40,652.99,160,652.99,651.71,651.71,40,651.55,80,651.36,200,650.71,40,650.52,280,650.51,240,650.01,80,,,,,,,652.99,160,653.0,80,653.29,240,653.3,240,654.0,120,654.15,40,654.66,40,654.67,80,654.68,160,654.69,80
2026-01-16 09:34:30,652.35,652.14,1,651.71,40,652.99,160,652.99,651.71,651.71,40,651.55,80,651.36,200,650.71,40,650.52,280,650.51,240,650.01,80,,,,,,,652.99,160,653.0,80,653.29,240,653.3,240,654.0,120,654.15,40,654.66,40,654.67,80,654.68,160,654.69,80
2026-01-16 09:34:31,652.35,652.33,1,651.71,40,652.99,160,652.99,651.71,651.71,40,651.55,80,651.36,200,650.71,40,650.52,280,650.51,240,650.01,80,,,,,,,652.99,160,653.0,80,653.29,240,653.3,240,654.0,120,654.15,40,654.66,40,654.67,80,654.68,160,654.69,80
2026-01-16 09:34:32,652.35,652.33,1,651.71,40,652.99,160,652.99,651.71,651.71,40,651.55,80,651.36,200,650.71,40,650.52,280,650.51,240,650.01,80,,,,,,,652.99,160,653.0,80,653.29,240,653.3,240,654.0,120,654.15,40,654.66,40,654.67,80,654.68,160,654.69,80
2026-01-16 09:34:33,652.35,652.33,1,651.71,40,652.99,160,652.99,651.71,651.71,40,651.55,80,651.36,200,650.71,40,650.52,280,650.51,240,650.01,80,,,,,,,652.99,160,653.0,80,653.29,240,653.3,240,654.0,120,654.15,40,654.66,40,654.67,80,654.68,160,654.69,80
2026-01-16 09:34:34,652.35,652.33,1,651.71,40,652.99,320,652.99,651.71,651.71,40,651.55,80,651.36,200,650.71,40,650.52,280,650.51,240,650.01,80,,,,,,,652.99,320,653.0,80,653.29,240,653.3,240,654.0,120,654.15,40,654.66,40,654.67,80,654.68,160,654.69,80
2026-01-16 09:34:35,652.35,652.33,1,651.71,40,652.99,360,652.99,651.71,651.71,40,651.55,80,651.36,200,650.71,40,650.52,280,650.51,240,650.01,80,,,,,,,652.99,360,653.0,80,653.29,240,653.3,240,654.0,120,654.15,40,654.66,40,654.67,80,654.68,160,654.69,80
2026-01-16 09:34:36,652.35,652.33,1,651.71,40,652.99,360,652.99,651.71,651.71,40,651.55,80,651.36,200,650.71,40,650.52,280,650.51,240,650.01,80,,,,,,,652.99,360,653.0,80,653.29,240,653.3,240,654.0,120,654.15,40,654.66,40,654.67,80,654.68,160,654.69,80
2026-01-16 09:34:37,652.35,652.33,1,651.71,40,652.99,240,652.99,651.71,651.71,40,651.55,80,651.36,200,650.71,40,650.52,280,650.51,240,650.01,80,,,,,,,652.99,240,653.0,80,653.29,240,653.3,240,654.0,120,654.15,40,654.66,40,654.67,80,654.68,160,654.69,80
2026-01-16 09:34:38,652.35,652.33,1,651.71,40,652.99,240,652.99,651.71,651.71,40,651.55,80,651.36,200,650.71,40,650.52,280,650.51,240,650.01,80,,,,,,,652.99,240,653.0,80,653.29,240,653.3,240,654.0,120,654.15,40,654.66,40,654.67,80,654.68,160,654.69,80
2026-01-16 09:34:39,652.35,652.33,1,651.71,40,652.99,240,652.99,651.71,651.71,40,651.55,80,651.36,200,650.71,40,650.52,280,650.51,240,650.01,80,,,,,,,652.99,240,653.0,80,653.29,240,653.3,240,654.0,120,654.15,40,654.66,40,654.67,80,654.68,160,654.69,80
2026-01-16 09:34:40,652.35,652.33,1,651.71,40,652.99,240,652.99,651.71,651.71,40,651.55,80,651.36,200,650.71,40,650.52,280,650.51,240,650.01,80,,,,,,,652.99,240,653.0,80,653.29,240,653.3,240,654.0,120,654.15,40,654.66,40,654.67,80,654.68,160,654.69,80
2026-01-16 09:34:41,652.35,652.33,1,651.71,40,652.99,240,652.99,651.71,651.71,40,651.55,80,651.36,200,650.71,40,650.52,280,650.51,240,650.01,80,,,,,,,652.99,240,653.0,80,653.29,240,653.3,240,654.0,120,654.15,40,654.66,40,654.67,80,654.68,160,654.69,80
2026-01-16 09:34:42,652.35,652.33,1,651.71,40,652.99,240,652.99,651.71,651.71,40,651.55,80,651.36,200,650.71,40,650.52,280,650.51,240,650.01,80,,,,,,,652.99,240,653.0,80,653.29,240,653.3,240,654.0,120,654.15,40,654.66,40,654.67,80,654.68,160,654.69,80
2026-01-16 09:34:43,652.35,651.77,2,651.71,40,652.99,240,652.99,651.71,651.71,40,651.55,80,651.36,200,650.71,40,650.52,280,650.51,240,650.01,80,,,,,,,652.99,240,653.0,80,653.29,240,653.3,240,654.0,120,654.15,40,654.66,40,654.67,80,654.68,160,654.69,80
2026-01-16 09:34:44,652.35,651.77,2,651.71,40,652.99,240,652.99,651.71,651.71,40,651.55,80,651.36,200,650.71,40,650.52,280,650.51,240,650.01,80,,,,,,,652.99,240,653.0,80,653.29,240,653.3,240,654.0,120,654.15,40,654.66,40,654.67,80,654.68,160,654.69,80
2026-01-16 09:34:45,652.35,651.77,2,651.71,40,652.99,240,652.99,651.71,651.71,40,651.55,80,651.36,200,650.71,40,650.52,280,650.51,240,650.01,80,,,,,,,652.99,240,653.0,80,653.29,240,653.3,240,654.0,120,654.15,40,654.66,40,654.67,80,654.68,160,654.69,80
2026-01-16 09:34:46,652.35,651.77,2,651.71,40,652.99,240,652.99,651.71,651.71,40,651.55,80,651.36,200,650.71,40,650.52,280,650.51,240,650.01,80,,,,,,,652.99,240,653.0,80,653.29,240,653.3,240,654.0,120,654.15,40,654.66,40,654.67,80,654.68,160,654.69,80
2026-01-16 09:34:47,652.35,651.77,2,651.71,40,652.99,280,652.99,651.71,651.71,40,651.55,80,651.36,200,650.71,40,650.52,280,650.51,240,650.01,80,,,,,,,652.99,280,653.0,80,653.29,240,653.3,240,654.0,120,654.15,40,654.66,40,654.67,80,654.68,160,654.69,80
2026-01-16 09:34:48,652.35,651.77,2,651.71,40,652.99,280,652.99,651.71,651.71,40,651.55,80,651.36,200,650.71,40,650.52,280,650.51,240,650.01,80,,,,,,,652.99,280,653.0,80,653.29,240,653.3,240,654.0,120,654.15,40,654.66,40,654.67,80,654.68,160,654.69,80
2026-01-16 09:34:49,652.48,651.77,2,652.0,40,652.96,80,652.96,652.0,652.0,40,651.71,40,651.55,80,651.36,200,650.71,40,650.52,280,650.51,240,650.01,80,,,,,652.96,80,652.99,280,653.0,80,653.29,240,653.3,240,654.0,120,654.15,40,654.66,40,654.67,80,654.68,160
2026-01-16 09:34:50,652.48,652.47,1,652.0,40,652.96,80,652.96,652.0,652.0,40,651.71,40,651.55,80,651.36,200,650.71,40,650.52,280,650.51,240,650.01,80,,,,,652.96,80,652.99,280,653.0,80,653.29,240,653.3,240,654.0,120,654.15,40,654.66,40,654.67,80,654.68,160
2026-01-16 09:34:51,652.48,652.47,1,652.0,120,652.96,80,652.96,652.0,652.0,120,651.71,40,651.55,80,651.36,200,650.71,40,650.52,280,650.51,240,650.01,80,,,,,652.96,80,652.99,280,653.0,80,653.29,240,653.3,240,654.0,120,654.15,40,654.66,40,654.67,80,654.68,160
2026-01-16 09:34:52,652.48,652.47,1,652.0,120,652.96,80,652.96,652.0,652.0,120,651.71,40,651.55,80,651.36,200,650.71,40,650.52,280,650.51,240,650.01,80,,,,,652.96,80,652.99,280,653.0,80,653.29,240,653.3,240,654.0,120,654.15,40,654.66,40,654.67,80,654.68,160
2026-01-16 09:34:53,652.48,652.58,1,652.0,120,652.96,80,652.96,652.0,652.0,120,651.71,40,651.55,80,651.36,200,650.71,40,650.52,280,650.51,240,650.01,80,,,,,652.96,80,652.99,280,653.0,80,653.29,240,653.3,240,654.0,120,654.15,40,654.66,40,654.67,80,654.68,160
2026-01-16 09:34:54,652.48,652.58,1,652.0,120,652.96,80,652.96,652.0,652.0,120,651.71,40,651.55,80,651.36,200,650.71,40,650.52,280,650.51,240,650.01,80,,,,,652.96,80,652.99,280,653.0,80,653.29,240,653.3,240,654.0,120,654.15,40,654.66,40,654.67,80,654.68,160
2026-01-16 09:34:55,652.48,652.58,1,652.0,120,652.96,80,652.96,652.0,652.0,120,651.71,40,651.55,80,651.36,200,650.71,40,650.52,280,650.51,240,650.01,80,,,,,652.96,80,652.99,280,653.0,80,653.29,240,653.3,240,654.0,120,654.15,40,654.66,40,654.67,80,654.68,160
2026-01-16 09:34:56,652.48,652.58,1,652.0,120,652.96,80,652.96,652.0,652.0,120,651.71,40,651.55,80,651.36,200,650.71,40,650.52,280,650.51,240,650.01,80,,,,,652.96,80,652.99,280,653.0,80,653.29,240,653.3,240,654.0,120,654.15,40,654.66,40,654.67,80,654.68,160
2026-01-16 09:34:57,652.48,652.58,1,652.0,120,652.96,80,652.96,652.0,652.0,120,651.71,40,651.55,80,651.36,200,650.71,40,650.52,280,650.51,240,650.01,80,,,,,652.96,80,652.99,280,653.0,80,653.29,240,653.3,240,654.0,120,654.15,40,654.66,40,654.67,80,654.68,160
2026-01-16 09:34:58,652.48,652.58,1,652.0,160,652.96,80,652.96,652.0,652.0,160,651.71,40,651.55,80,651.36,200,650.71,40,650.52,280,650.51,240,650.01,80,,,,,652.96,80,652.99,280,653.0,80,653.29,240,653.3,240,654.0,120,654.15,40,654.66,40,654.67,80,654.68,160
2026-01-16 09:34:59,652.48,652.58,1,652.0,160,652.96,80,652.96,652.0,652.0,160,651.71,40,651.55,80,651.36,200,650.71,40,650.52,280,650.51,240,650.01,80,,,,,652.96,80,652.99,280,653.0,80,653.29,240,653.3,240,654.0,120,654.15,40,654.66,40,654.67,80,654.68,160
2026-01-16 09:35:00,652.48,652.58,1,652.0,440,652.96,80,652.96,652.0,652.0,440,651.71,40,651.55,80,651.36,200,650.71,40,650.52,280,650.51,240,650.01,80,,,,,652.96,80,652.99,280,653.0,80,653.29,240,653.3,240,654.0,120,654.15,40,654.66,40,654.67,80,654.68,160
2026-01-16 09:35:01,653.295,652.96,1,653.0,40,653.59,80,653.59,653.0,653.0,40,652.99,80,652.96,40,652.61,40,652.49,40,652.48,160,652.0,440,651.71,40,651.55,80,651.36,200,653.59,80,653.6,80,653.78,80,654.0,120,654.15,40,654.66,40,654.67,80,654.68,160,654.69,80,655.0,120
2026-01-16 09:35:02,653.035,653.25,1,652.48,160,653.59,480,653.59,652.48,652.48,160,652.0,440,651.71,40,651.55,80,651.36,200,650.71,40,650.52,280,650.51,240,650.01,80,,,653.59,480,653.6,80,653.78,80,654.0,120,654.15,40,654.66,40,654.67,80,654.68,160,654.69,80,655.0,120
2026-01-16 09:35:03,653.27,653.27,1,652.95,120,653.59,480,653.59,652.95,652.95,120,652.48,200,652.0,440,651.71,40,651.55,80,651.36,200,650.71,40,650.52,280,650.51,240,650.01,80,653.59,480,653.6,80,653.78,80,654.0,120,654.15,40,654.66,40,654.67,80,654.68,160,654.69,80,655.0,120
2026-01-16 09:35:04,653.035,653.27,1,652.48,200,653.59,480,653.59,652.48,652.48,200,652.0,440,651.71,40,651.55,80,651.36,200,650.71,40,650.52,280,650.51,240,650.01,80,,,653.59,480,653.6,80,653.78,80,654.0,120,654.15,40,654.66,40,654.67,80,654.68,160,654.69,80,655.0,120
2026-01-16 09:35:05,653.035,653.27,1,652.48,280,653.59,480,653.59,652.48,652.48,280,652.0,440,651.71,40,651.55,80,651.36,200,650.71,40,650.52,280,650.51,240,650.01,80,,,653.59,480,653.6,80,653.78,80,654.0,120,654.15,40,654.66,40,654.67,80,654.68,160,654.69,80,655.0,120
2026-01-16 09:35:06,653.045,653.03,4,652.5,80,653.59,480,653.59,652.5,652.5,80,652.48,360,652.0,440,651.71,40,651.55,80,651.36,200,650.71,40,650.52,280,650.51,240,650.01,80,653.59,480,653.6,80,653.78,80,654.0,120,654.15,40,654.66,40,654.67,80,654.68,160,654.69,80,655.0,120
2026-01-16 09:35:07,652.935,653.03,4,652.5,80,653.37,80,653.37,652.5,652.5,80,652.48,360,652.0,440,651.71,40,651.55,80,651.36,200,650.71,40,650.52,280,650.51,240,650.01,80,653.37,80,653.59,520,653.6,80,653.78,80,654.0,120,654.15,40,654.66,40,654.67,80,654.68,160,654.69,80
2026-01-16 09:35:08,652.935,653.03,4,652.5,80,653.37,80,653.37,652.5,652.5,80,652.48,360,652.0,440,651.71,40,651.55,80,651.36,200,650.71,40,650.52,280,650.51,240,650.01,80,653.37,80,653.59,520,653.6,80,653.78,80,654.0,120,654.15,40,654.66,40,654.67,80,654.68,160,654.69,80
2026-01-16 09:35:09,652.935,653.03,4,652.5,80,653.37,80,653.37,652.5,652.5,80,652.48,360,652.0,440,651.71,40,651.55,80,651.36,200,650.71,40,650.52,280,650.51,240,650.01,80,653.37,80,653.59,520,653.6,80,653.78,80,654.0,120,654.15,40,654.66,40,654.67,80,654.68,160,654.69,80
2026-01-16 09:35:10,652.935,653.03,4,652.5,80,653.37,80,653.37,652.5,652.5,80,652.48,360,652.0,440,651.71,40,651.55,80,651.36,200,650.71,40,650.52,280,650.51,240,650.01,80,653.37,80,653.59,520,653.6,80,653.78,80,654.0,120,654.15,40,654.66,40,654.67,80,654.68,160,654.69,80
2026-01-16 09:35:11,652.935,653.03,4,652.5,80,653.37,80,653.37,652.5,652.5,80,652.48,360,652.0,440,651.71,40,651.55,80,651.36,200,650.71,40,650.52,280,650.51,240,650.01,80,653.37,80,653.59,520,653.6,80,653.78,80,654.0,120,654.15,40,654.66,40,654.67,80,654.68,160,654.69,80
2026-01-16 09:35:12,652.94,653.03,4,652.51,80,653.37,80,653.37,652.51,652.51,80,652.5,80,652.48,360,652.0,440,651.71,40,651.55,80,651.36,200,650.71,40,650.52,280,650.51,240,653.37,80,653.59,520,653.6,80,653.78,80,654.0,120,654.15,40,654.66,40,654.67,80,654.68,160,654.69,80
2026-01-16 09:35:13,652.94,653.03,4,652.51,80,653.37,80,653.37,652.51,652.51,80,652.5,80,652.48,360,652.0,440,651.71,40,651.55,80,651.36,200,650.71,40,650.52,280,650.51,240,653.37,80,653.59,520,653.6,80,653.78,80,654.0,120,654.15,40,654.66,40,654.67,80,654.68,160,654.69,80
2026-01-16 09:35:14,652.94,653.03,4,652.51,80,653.37,80,653.37,652.51,652.51,80,652.5,80,652.48,360,652.0,440,651.71,40,651.55,80,651.36,200,650.71,40,650.52,280,650.51,240,653.37,80,653.59,520,653.6,80,653.78,80,654.0,120,654.15,40,654.66,40,654.67,80,654.68,160,654.69,80
2026-01-16 09:35:15,652.94,653.03,4,652.51,80,653.37,80,653.37,652.51,652.51,80,652.5,80,652.48,360,652.0,440,651.71,40,651.55,80,651.36,200,650.71,40,650.52,280,650.51,240,653.37,80,653.59,520,653.6,80,653.78,80,654.0,120,654.15,40,654.66,40,654.67,80,654.68,160,654.69,80
2026-01-16 09:35:16,652.94,653.03,4,652.51,200,653.37,80,653.37,652.51,652.51,200,652.5,80,652.48,360,652.0,440,651.71,40,651.55,80,651.36,200,650.71,40,650.52,280,650.51,240,653.37,80,653.59,520,653.6,80,653.78,80,654.0,120,654.15,40,654.66,40,654.67,80,654.68,160,654.69,80
2026-01-16 09:35:17,652.94,653.03,4,652.51,280,653.37,80,653.37,652.51,652.51,280,652.5,80,652.48,360,652.0,440,651.71,40,651.55,80,651.36,200,650.71,40,650.52,280,650.51,240,653.37,80,653.59,520,653.6,80,653.78,80,654.0,120,654.15,40,654.66,40,654.67,80,654.68,160,654.69,80
2026-01-16 09:35:18,652.94,653.03,4,652.51,280,653.37,80,653.37,652.51,652.51,280,652.5,80,652.48,360,652.0,440,651.71,40,651.55,80,651.36,200,650.71,40,650.52,280,650.51,240,653.37,80,653.59,520,653.6,80,653.78,80,654.0,120,654.15,40,654.66,40,654.67,80,654.68,160,654.69,80
2026-01-16 09:35:19,652.94,653.03,4,652.51,280,653.37,80,653.37,652.51,652.51,280,652.5,80,652.48,360,652.0,440,651.71,40,651.55,80,651.36,200,650.71,40,650.52,280,650.51,240,653.37,80,653.59,520,653.6,80,653.78,80,654.0,120,654.15,40,654.66,40,654.67,80,654.68,160,654.69,80
2026-01-16 09:35:20,652.94,653.03,4,652.51,280,653.37,80,653.37,652.51,652.51,280,652.5,80,652.48,360,652.0,440,651.71,40,651.55,80,651.36,200,650.71,40,650.52,280,650.51,240,653.37,80,653.59,520,653.6,80,653.78,80,654.0,120,654.15,40,654.66,40,654.67,80,654.68,160,654.69,80
2026-01-16 09:35:21,652.94,653.03,4,652.51,200,653.37,80,653.37,652.51,652.51,200,652.5,80,652.48,360,652.0,440,651.71,40,651.55,80,651.36,200,650.71,40,650.52,280,650.51,240,653.37,80,653.59,520,653.6,80,653.78,80,654.0,120,654.15,40,654.66,40,654.67,80,654.68,160,654.69,80
2026-01-16 09:35:22,652.94,653.03,4,652.51,200,653.37,80,653.37,652.51,652.51,200,652.5,80,652.48,360,652.0,440,651.71,40,651.55,80,651.36,200,650.71,40,650.52,280,650.51,240,653.37,80,653.59,520,653.6,80,653.78,80,654.0,120,654.15,40,654.66,40,654.67,80,654.68,160,654.69,80
2026-01-16 09:35:23,652.94,653.03,4,652.51,200,653.37,80,653.37,652.51,652.51,200,652.5,80,652.48,360,652.0,440,651.71,40,651.55,80,651.36,200,650.71,40,650.52,280,650.51,240,653.37,80,653.59,520,653.6,80,653.78,80,654.0,120,654.15,40,654.66,40,654.67,80,654.68,160,654.69,80
2026-01-16 09:35:24,652.94,653.03,4,652.51,200,653.37,80,653.37,652.51,652.51,200,652.5,80,652.48,360,652.0,440,651.71,40,651.55,80,651.36,200,650.71,40,650.52,280,650.51,240,653.37,80,653.59,520,653.6,80,653.78,80,654.0,120,654.15,40,654.66,40,654.67,80,654.68,160,654.69,80
2026-01-16 09:35:25,652.94,653.03,4,652.51,200,653.37,80,653.37,652.51,652.51,200,652.5,80,652.48,360,652.0,440,651.71,40,651.55,80,651.36,200,650.71,40,650.52,280,650.51,240,653.37,80,653.59,520,653.6,80,653.78,80,654.0,120,654.15,40,654.66,40,654.67,80,654.68,160,654.69,80
2026-01-16 09:35:26,652.94,653.03,4,652.51,200,653.37,80,653.37,652.51,652.51,200,652.5,80,652.48,360,652.0,440,651.71,40,651.55,80,651.36,200,650.71,40,650.52,280,650.51,240,653.37,80,653.59,520,653.6,80,653.78,80,654.0,120,654.15,40,654.66,40,654.67,80,654.68,160,654.69,80
2026-01-16 09:35:27,652.94,653.03,4,652.51,200,653.37,80,653.37,652.51,652.51,200,652.5,80,652.48,360,652.0,440,651.71,40,651.55,80,651.36,200,650.71,40,650.52,280,650.51,240,653.37,80,653.59,520,653.6,80,653.78,80,654.0,120,654.15,40,654.66,40,654.67,80,654.68,160,654.69,80
2026-01-16 09:35:28,652.94,653.03,4,652.51,200,653.37,80,653.37,652.51,652.51,200,652.5,80,652.48,360,652.0,440,651.71,40,651.55,80,651.36,200,650.71,40,650.52,280,650.51,240,653.37,80,653.59,520,653.6,80,653.78,80,654.0,120,654.15,40,654.66,40,654.67,80,654.68,160,654.69,80
2026-01-16 09:35:29,652.94,653.03,4,652.51,200,653.37,80,653.37,652.51,652.51,200,652.5,80,652.48,360,652.0,440,651.71,40,651.55,80,651.36,200,650.71,40,650.52,280,650.51,240,653.37,80,653.59,520,653.6,80,653.78,80,654.0,120,654.15,40,654.66,40,654.67,80,654.68,160,654.69,80
2026-01-16 09:35:30,652.58,652.19,1,652.0,320,653.16,240,653.16,652.0,652.0,320,651.71,40,651.55,80,651.36,200,650.71,40,650.52,280,650.51,240,650.01,80,,,,,653.16,240,653.37,120,653.59,520,653.6,80,653.78,80,654.0,120,654.15,40,654.66,40,654.67,80,654.68,160
2026-01-16 09:35:31,652.29,652.19,1,652.0,320,652.58,80,652.58,652.0,652.0,320,651.71,40,651.55,80,651.36,200,650.71,40,650.52,280,650.51,240,650.01,80,,,,,652.58,80,653.15,80,653.16,240,653.37,120,653.59,520,653.6,80,653.78,80,654.0,120,654.15,40,654.66,40
2026-01-16 09:35:32,652.29,652.19,1,652.0,320,652.58,80,652.58,652.0,652.0,320,651.71,40,651.55,80,651.36,200,650.71,40,650.52,280,650.51,240,650.01,80,,,,,652.58,80,653.15,80,653.16,240,653.37,120,653.59,520,653.6,80,653.78,80,654.0,120,654.15,40,654.66,40
2026-01-16 09:35:33,652.29,652.19,1,652.0,320,652.58,160,652.58,652.0,652.0,320,651.71,40,651.55,80,651.36,200,650.71,40,650.52,280,650.51,240,650.01,80,,,,,652.58,160,653.15,80,653.16,240,653.37,120,653.59,520,653.6,80,653.78,80,654.0,120,654.15,40,654.66,40
2026-01-16 09:35:34,652.29,652.19,1,652.0,320,652.58,160,652.58,652.0,652.0,320,651.71,40,651.55,80,651.36,200,650.71,40,650.52,280,650.51,240,650.01,80,,,,,652.58,160,653.15,80,653.16,240,653.37,120,653.59,520,653.6,80,653.78,80,654.0,120,654.15,40,654.66,40
2026-01-16 09:35:35,652.29,652.19,1,652.0,320,652.58,160,652.58,652.0,652.0,320,651.71,40,651.55,80,651.36,200,650.71,40,650.52,280,650.51,240,650.01,80,,,,,652.58,160,653.15,80,653.16,240,653.37,120,653.59,520,653.6,80,653.78,80,654.0,120,654.15,40,654.66,40
2026-01-16 09:35:36,652.29,652.19,1,652.0,320,652.58,160,652.58,652.0,652.0,320,651.71,40,651.55,80,651.36,200,650.71,40,650.52,280,650.51,240,650.01,80,,,,,652.58,160,653.15,80,653.16,240,653.37,120,653.59,520,653.6,80,653.78,80,654.0,120,654.15,40,654.66,40
2026-01-16 09:35:37,652.755,652.58,1,652.29,40,653.22,80,653.22,652.29,652.29,40,652.11,160,652.0,280,651.71,40,651.55,80,651.36,200,650.71,40,650.52,280,650.51,240,650.01,80,653.22,80,653.46,80,653.59,520,653.6,80,653.78,80,654.0,120,654.15,40,654.66,40,654.67,80,654.68,160
2026-01-16 09:35:38,652.755,652.58,1,652.29,40,653.22,80,653.22,652.29,652.29,40,652.11,160,652.0,280,651.71,40,651.55,80,651.36,200,650.71,40,650.52,280,650.51,240,650.01,80,653.22,80,653.46,80,653.59,520,653.6,80,653.78,80,654.0,120,654.15,40,654.66,40,654.67,80,654.68,160
2026-01-16 09:35:39,652.755,652.58,1,652.29,40,653.22,80,653.22,652.29,652.29,40,652.11,160,652.0,280,651.71,40,651.55,80,651.36,200,650.71,40,650.52,280,650.51,240,650.01,80,653.22,80,653.46,80,653.59,520,653.6,80,653.78,80,654.0,120,654.15,40,654.66,40,654.67,80,654.68,160
2026-01-16 09:35:40,652.755,652.58,1,652.29,40,653.22,80,653.22,652.29,652.29,40,652.11,160,652.0,280,651.71,40,651.55,80,651.36,200,650.71,40,650.52,280,650.51,240,650.01,80,653.22,80,653.46,80,653.59,520,653.6,80,653.78,80,654.0,120,654.15,40,654.66,40,654.67,80,654.68,160
2026-01-16 09:35:41,652.755,652.58,1,652.29,40,653.22,80,653.22,652.29,652.29,40,652.11,160,652.0,280,651.71,40,651.55,80,651.36,200,650.71,40,650.52,280,650.51,240,650.01,80,653.22,80,653.46,80,653.59,520,653.6,80,653.78,80,654.0,120,654.15,40,654.66,40,654.67,80,654.68,160
2026-01-16 09:35:42,652.755,652.58,1,652.29,40,653.22,80,653.22,652.29,652.29,40,652.11,160,652.0,280,651.71,40,651.55,80,651.36,200,650.71,40,650.52,280,650.51,240,650.01,80,653.22,80,653.46,80,653.59,520,653.6,80,653.78,80,654.0,120,654.15,40,654.66,40,654.67,80,654.68,160
2026-01-16 09:35:43,652.755,652.58,1,652.29,40,653.22,80,653.22,652.29,652.29,40,652.11,160,652.0,280,651.71,40,651.55,80,651.36,200,650.71,40,650.52,280,650.51,240,650.01,80,653.22,80,653.46,80,653.59,520,653.6,80,653.78,80,654.0,120,654.15,40,654.66,40,654.67,80,654.68,160
2026-01-16 09:35:44,652.755,652.58,1,652.29,40,653.22,80,653.22,652.29,652.29,40,652.11,160,652.0,280,651.71,40,651.55,80,651.36,200,650.71,40,650.52,280,650.51,240,650.01,80,653.22,80,653.46,80,653.59,520,653.6,80,653.78,80,654.0,120,654.15,40,654.66,40,654.67,80,654.68,160
2026-01-16 09:35:45,652.755,652.58,1,652.29,40,653.22,120,653.22,652.29,652.29,40,652.11,160,652.0,280,651.71,40,651.55,80,651.36,200,650.71,40,650.52,280,650.51,240,650.01,80,653.22,120,653.46,80,653.59,520,653.6,80,653.78,80,654.0,120,654.15,40,654.66,40,654.67,80,654.68,160
2026-01-16 09:35:46,652.755,652.58,1,652.29,40,653.22,120,653.22,652.29,652.29,40,652.11,160,652.0,280,651.71,40,651.55,80,651.36,200,650.71,40,650.52,280,650.51,240,650.01,80,653.22,120,653.46,80,653.59,520,653.6,80,653.78,80,654.0,120,654.15,40,654.66,40,654.67,80,654.68,160
2026-01-16 09:35:47,652.755,652.58,1,652.29,40,653.22,160,653.22,652.29,652.29,40,652.11,160,652.0,280,651.71,40,651.55,80,651.36,200,650.71,40,650.52,280,650.51,240,650.01,80,653.22,160,653.46,80,653.59,520,653.6,80,653.78,80,654.0,120,654.15,40,654.66,40,654.67,80,654.68,160
2026-01-16 09:35:48,652.755,652.58,1,652.29,40,653.22,160,653.22,652.29,652.29,40,652.11,160,652.0,280,651.71,40,651.55,80,651.36,200,650.71,40,650.52,280,650.51,240,650.01,80,653.22,160,653.46,80,653.59,520,653.6,80,653.78,80,654.0,120,654.15,40,654.66,40,654.67,80,654.68,160
2026-01-16 09:35:49,652.755,652.58,1,652.29,40,653.22,160,653.22,652.29,652.29,40,652.11,160,652.0,280,651.71,40,651.55,80,651.36,200,650.71,40,650.52,280,650.51,240,650.01,80,653.22,160,653.46,80,653.59,520,653.6,80,653.78,80,654.0,120,654.15,40,654.66,40,654.67,80,654.68,160
2026-01-16 09:35:50,652.755,652.58,1,652.29,40,653.22,160,653.22,652.29,652.29,40,652.11,160,652.0,280,651.71,40,651.55,80,651.36,200,650.71,40,650.52,280,650.51,240,650.01,80,653.22,160,653.46,80,653.59,520,653.6,80,653.78,80,654.0,120,654.15,40,654.66,40,654.67,80,654.68,160
2026-01-16 09:35:51,652.755,652.58,1,652.29,40,653.22,160,653.22,652.29,652.29,40,652.11,160,652.0,280,651.71,40,651.55,80,651.36,200,650.71,40,650.52,280,650.51,240,650.01,80,653.22,160,653.46,80,653.59,520,653.6,80,653.78,80,654.0,120,654.15,40,654.66,40,654.67,80,654.68,160
2026-01-16 09:35:52,652.755,652.58,1,652.29,80,653.22,160,653.22,652.29,652.29,80,652.11,160,652.0,280,651.71,40,651.55,80,651.36,200,650.71,40,650.52,280,650.51,240,650.01,80,653.22,160,653.46,80,653.59,520,653.6,80,653.78,80,654.0,120,654.15,40,654.66,40,654.67,80,654.68,160
2026-01-16 09:35:53,652.755,652.58,1,652.29,80,653.22,160,653.22,652.29,652.29,80,652.11,160,652.0,280,651.71,40,651.55,80,651.36,200,650.71,40,650.52,280,650.51,240,650.01,80,653.22,160,653.46,80,653.59,520,653.6,80,653.78,80,654.0,120,654.15,40,654.66,40,654.67,80,654.68,160
2026-01-16 09:35:54,652.755,652.58,1,652.29,80,653.22,160,653.22,652.29,652.29,80,652.11,160,652.0,280,651.71,40,651.55,80,651.36,200,650.71,40,650.52,280,650.51,240,650.01,80,653.22,160,653.46,80,653.59,520,653.6,80,653.78,80,654.0,120,654.15,40,654.66,40,654.67,80,654.68,160
2026-01-16 09:35:55,652.755,652.58,1,652.29,80,653.22,160,653.22,652.29,652.29,80,652.11,160,652.0,280,651.71,40,651.55,80,651.36,200,650.71,40,650.52,280,650.51,240,650.01,80,653.22,160,653.46,80,653.59,520,653.6,80,653.78,80,654.0,120,654.15,40,654.66,40,654.67,80,654.68,160
2026-01-16 09:35:56,652.755,652.58,1,652.29,80,653.22,160,653.22,652.29,652.29,80,652.11,160,652.0,280,651.71,40,651.55,80,651.36,200,650.71,40,650.52,280,650.51,240,650.01,80,653.22,160,653.46,80,653.59,520,653.6,80,653.78,80,654.0,120,654.15,40,654.66,40,654.67,80,654.68,160
2026-01-16 09:35:57,652.755,652.58,1,652.29,80,653.22,160,653.22,652.29,652.29,80,652.11,160,652.0,280,651.71,40,651.55,80,651.36,200,650.71,40,650.52,280,650.51,240,650.01,80,653.22,160,653.46,80,653.59,520,653.6,80,653.78,80,654.0,120,654.15,40,654.66,40,654.67,80,654.68,160
2026-01-16 09:35:58,652.755,652.58,1,652.29,80,653.22,160,653.22,652.29,652.29,80,652.11,160,652.0,280,651.71,40,651.55,80,651.36,200,650.71,40,650.52,280,650.51,240,650.01,80,653.22,160,653.46,80,653.59,520,653.6,80,653.78,80,654.0,120,654.15,40,654.66,40,654.67,80,654.68,160
2026-01-16 09:35:59,652.755,652.58,1,652.29,80,653.22,160,653.22,652.29,652.29,80,652.11,160,652.0,280,651.71,40,651.55,80,651.36,200,650.71,40,650.52,280,650.51,240,650.01,80,653.22,160,653.46,80,653.59,520,653.6,80,653.78,80,654.0,120,654.15,40,654.66,40,654.67,80,654.68,160
2026-01-16 09:36:00,652.755,652.58,1,652.29,80,653.22,160,653.22,652.29,652.29,80,652.11,160,652.0,280,651.71,40,651.55,80,651.36,200,650.71,40,650.52,280,650.51,240,650.01,80,653.22,160,653.46,80,653.59,520,653.6,80,653.78,80,654.0,120,654.15,40,654.66,40,654.67,80,654.68,160
2026-01-16 09:36:01,652.755,652.58,1,652.29,80,653.22,160,653.22,652.29,652.29,80,652.11,160,652.0,280,651.71,40,651.55,80,651.36,200,650.71,40,650.52,280,650.51,240,650.01,80,653.22,160,653.46,80,653.59,520,653.6,80,653.78,80,654.0,120,654.15,40,654.66,40,654.67,80,654.68,160
2026-01-16 09:36:02,652.755,652.58,1,652.29,80,653.22,160,653.22,652.29,652.29,80,652.11,160,652.0,280,651.71,40,651.55,80,651.36,200,650.71,40,650.52,280,650.51,240,650.01,80,653.22,160,653.46,80,653.59,520,653.6,80,653.78,80,654.0,120,654.15,40,654.66,40,654.67,80,654.68,160
2026-01-16 09:36:03,652.755,652.58,1,652.29,80,653.22,160,653.22,652.29,652.29,80,652.11,160,652.0,280,651.71,40,651.55,80,651.36,200,650.71,40,650.52,280,650.51,240,650.01,80,653.22,160,653.46,80,653.59,520,653.6,80,653.78,80,654.0,120,654.15,40,654.66,40,654.67,80,654.68,160
2026-01-16 09:36:04,652.755,652.58,1,652.29,120,653.22,160,653.22,652.29,652.29,120,652.11,160,652.0,280,651.71,40,651.55,80,651.36,200,650.71,40,650.52,280,650.51,240,650.01,80,653.22,160,653.46,80,653.59,520,653.6,80,653.78,80,654.0,120,654.15,40,654.66,40,654.67,80,654.68,160
2026-01-16 09:36:05,652.755,652.58,1,652.29,120,653.22,160,653.22,652.29,652.29,120,652.11,160,652.0,280,651.71,40,651.55,80,651.36,200,650.71,40,650.52,280,650.51,240,650.01,80,653.22,160,653.46,80,653.59,520,653.6,80,653.78,80,654.0,120,654.15,40,654.66,40,654.67,80,654.68,160
2026-01-16 09:36:06,652.755,652.58,1,652.29,120,653.22,160,653.22,652.29,652.29,120,652.11,160,652.0,280,651.71,40,651.55,80,651.36,200,650.71,40,650.52,280,650.51,240,650.01,80,653.22,160,653.46,80,653.59,520,653.6,80,653.78,80,654.0,120,654.15,40,654.66,40,654.67,80,654.68,160
2026-01-16 09:36:07,652.755,652.58,1,652.29,120,653.22,160,653.22,652.29,652.29,120,652.11,160,652.0,280,651.71,40,651.55,80,651.36,200,650.71,40,650.52,280,650.51,240,650.01,80,653.22,160,653.46,80,653.59,520,653.6,80,653.78,80,654.0,120,654.15,40,654.66,40,654.67,80,654.68,160
2026-01-16 09:36:08,653.52,653.22,1,653.22,160,653.82,80,653.82,653.22,653.22,160,652.68,40,652.36,40,652.29,120,652.11,160,652.0,280,651.71,40,651.55,80,651.36,200,650.71,40,653.82,80,654.0,160,654.15,40,654.66,40,654.67,80,654.68,160,654.69,80,655.0,120,655.5,40,655.66,80
2026-01-16 09:36:09,653.52,653.22,1,653.22,80,653.82,80,653.82,653.22,653.22,80,652.68,40,652.36,40,652.29,120,652.11,160,652.0,280,651.71,40,651.55,80,651.36,200,650.71,40,653.82,80,654.0,160,654.15,40,654.66,40,654.67,80,654.68,160,654.69,80,655.0,120,655.5,40,655.66,80
2026-01-16 09:36:10,653.52,653.22,1,653.22,80,653.82,80,653.82,653.22,653.22,80,652.68,40,652.36,40,652.29,120,652.11,160,652.0,280,651.71,40,651.55,80,651.36,200,650.71,40,653.82,80,654.0,160,654.15,40,654.66,40,654.67,80,654.68,160,654.69,80,655.0,120,655.5,40,655.66,80
2026-01-16 09:36:11,653.52,653.22,1,653.22,80,653.82,80,653.82,653.22,653.22,80,652.68,40,652.36,40,652.29,120,652.11,160,652.0,280,651.71,40,651.55,80,651.36,200,650.71,40,653.82,80,654.0,160,654.15,40,654.66,40,654.67,80,654.68,160,654.69,80,655.0,120,655.5,40,655.66,80
2026-01-16 09:36:12,653.52,653.22,1,653.22,80,653.82,80,653.82,653.22,653.22,80,652.68,40,652.36,40,652.29,120,652.11,160,652.0,280,651.71,40,651.55,80,651.36,200,650.71,40,653.82,80,654.0,160,654.15,40,654.66,40,654.67,80,654.68,160,654.69,80,655.0,120,655.5,40,655.66,80
2026-01-16 09:36:13,653.52,653.22,1,653.22,40,653.82,80,653.82,653.22,653.22,40,652.68,40,652.36,40,652.29,120,652.11,160,652.0,280,651.71,40,651.55,80,651.36,200,650.71,40,653.82,80,654.0,160,654.15,40,654.66,40,654.67,80,654.68,160,654.69,80,655.0,120,655.5,40,655.66,80
2026-01-16 09:36:14,653.635,653.64,1,653.46,40,653.81,80,653.81,653.46,653.46,40,652.68,80,652.36,40,652.29,120,652.11,160,652.0,280,651.71,40,651.55,80,651.36,200,650.71,40,653.81,80,654.0,160,654.15,40,654.66,40,654.67,80,654.68,160,654.69,80,655.0,120,655.5,40,655.66,80
2026-01-16 09:36:15,653.635,653.64,1,653.46,40,653.81,80,653.81,653.46,653.46,40,652.68,80,652.36,40,652.29,120,652.11,160,652.0,280,651.71,40,651.55,80,651.36,200,650.71,40,653.81,80,654.0,160,654.15,40,654.66,40,654.67,80,654.68,160,654.69,80,655.0,120,655.5,40,655.66,80
2026-01-16 09:36:16,653.635,653.64,1,653.46,40,653.81,80,653.81,653.46,653.46,40,652.68,80,652.36,40,652.29,120,652.11,160,652.0,280,651.71,40,651.55,80,651.36,200,650.71,40,653.81,80,654.0,160,654.15,40,654.66,40,654.67,80,654.68,160,654.69,80,655.0,120,655.5,40,655.66,80
2026-01-16 09:36:17,653.635,653.64,1,653.46,40,653.81,80,653.81,653.46,653.46,40,652.68,80,652.36,40,652.29,120,652.11,160,652.0,280,651.71,40,651.55,80,651.36,200,650.71,40,653.81,80,654.0,160,654.15,40,654.66,40,654.67,80,654.68,160,654.69,80,655.0,120,655.5,40,655.66,80
2026-01-16 09:36:18,653.635,653.64,1,653.46,40,653.81,80,653.81,653.46,653.46,40,652.68,80,652.36,40,652.29,120,652.11,160,652.0,280,651.71,40,651.55,80,651.36,200,650.71,40,653.81,80,654.0,160,654.15,40,654.66,40,654.67,80,654.68,160,654.69,80,655.0,120,655.5,40,655.66,80
2026-01-16 09:36:19,653.16,653.64,1,652.68,80,653.64,80,653.64,652.68,652.68,80,652.36,40,652.29,120,652.11,160,652.0,280,651.71,40,651.55,80,651.36,200,650.71,40,650.52,280,653.64,80,653.96,80,654.0,160,654.15,40,654.66,40,654.67,80,654.68,160,654.69,80,655.0,120,655.5,40
2026-01-16 09:36:20,653.16,653.64,1,652.68,120,653.64,80,653.64,652.68,652.68,120,652.36,40,652.29,120,652.11,160,652.0,280,651.71,40,651.55,80,651.36,200,650.71,40,650.52,280,653.64,80,653.96,80,654.0,160,654.15,40,654.66,40,654.67,80,654.68,160,654.69,80,655.0,120,655.5,40
2026-01-16 09:36:21,653.155,653.64,1,652.68,120,653.63,80,653.63,652.68,652.68,120,652.36,40,652.29,120,652.11,160,652.0,280,651.71,40,651.55,80,651.36,200,650.71,40,650.52,280,653.63,80,654.0,160,654.15,40,654.66,40,654.67,80,654.68,160,654.69,80,655.0,120,655.5,40,655.66,80
2026-01-16 09:36:22,653.155,653.64,1,652.68,120,653.63,80,653.63,652.68,652.68,120,652.36,40,652.29,120,652.11,160,652.0,280,651.71,40,651.55,80,651.36,200,650.71,40,650.52,280,653.63,80,654.0,160,654.15,40,654.66,40,654.67,80,654.68,160,654.69,80,655.0,120,655.5,40,655.66,80
2026-01-16 09:36:23,653.15,653.64,1,652.68,120,653.62,160,653.62,652.68,652.68,120,652.36,40,652.29,120,652.11,160,652.0,280,651.71,40,651.55,80,651.36,200,650.71,40,650.52,280,653.62,160,653.63,80,654.0,160,654.15,40,654.66,40,654.67,80,654.68,160,654.69,80,655.0,120,655.5,40
2026-01-16 09:36:25,653.15,653.15,1,652.68,120,653.62,80,653.62,652.68,652.68,120,652.36,40,652.29,120,652.11,160,652.0,280,651.71,40,651.55,80,651.36,200,650.71,40,650.52,280,653.62,80,653.63,80,654.0,160,654.15,40,654.66,40,654.67,80,654.68,160,654.69,80,655.0,120,655.5,40
2026-01-16 09:36:26,653.15,653.15,1,652.68,120,653.62,80,653.62,652.68,652.68,120,652.36,40,652.29,120,652.11,160,652.0,280,651.71,40,651.55,80,651.36,200,650.71,40,650.52,280,653.62,80,653.63,80,654.0,160,654.15,40,654.66,40,654.67,80,654.68,160,654.69,80,655.0,120,655.5,40
2026-01-16 09:36:27,653.685,653.15,1,653.37,80,654.0,160,654.0,653.37,653.37,80,653.14,40,652.86,40,652.68,120,652.36,40,652.29,120,652.11,160,652.0,280,651.71,40,651.55,80,654.0,160,654.15,40,654.66,40,654.67,80,654.68,160,654.69,80,655.0,120,655.5,40,655.66,80,655.68,80
2026-01-16 09:36:28,653.685,653.15,1,653.37,80,654.0,160,654.0,653.37,653.37,80,653.14,40,652.86,40,652.68,120,652.36,40,652.29,120,652.11,160,652.0,280,651.71,40,651.55,80,654.0,160,654.15,40,654.66,40,654.67,80,654.68,160,654.69,80,655.0,120,655.5,40,655.66,80,655.68,80
2026-01-16 09:36:29,653.685,653.15,1,653.37,80,654.0,160,654.0,653.37,653.37,80,653.14,40,652.86,40,652.68,120,652.36,40,652.29,120,652.11,160,652.0,280,651.71,40,651.55,80,654.0,160,654.15,40,654.66,40,654.67,80,654.68,160,654.69,80,655.0,120,655.5,40,655.66,80,655.68,80
2026-01-16 09:36:30,653.685,653.15,1,653.37,80,654.0,160,654.0,653.37,653.37,80,653.14,40,652.86,40,652.68,120,652.36,40,652.29,120,652.11,160,652.0,280,651.71,40,651.55,80,654.0,160,654.15,40,654.66,40,654.67,80,654.68,160,654.69,80,655.0,120,655.5,40,655.66,80,655.68,80
2026-01-16 09:36:31,653.685,653.15,1,653.37,80,654.0,160,654.0,653.37,653.37,80,653.14,40,652.86,40,652.68,120,652.36,40,652.29,120,652.11,160,652.0,280,651.71,40,651.55,80,654.0,160,654.15,40,654.66,40,654.67,80,654.68,160,654.69,80,655.0,120,655.5,40,655.66,80,655.68,80
2026-01-16 09:36:32,653.685,653.15,1,653.37,80,654.0,160,654.0,653.37,653.37,80,653.14,40,652.86,40,652.68,120,652.36,40,652.29,120,652.11,160,652.0,280,651.71,40,651.55,80,654.0,160,654.15,40,654.66,40,654.67,80,654.68,160,654.69,80,655.0,120,655.5,40,655.66,80,655.68,80
2026-01-16 09:36:33,653.685,653.15,1,653.37,80,654.0,160,654.0,653.37,653.37,80,653.14,40,652.86,40,652.68,120,652.36,40,652.29,120,652.11,160,652.0,280,651.71,40,651.55,80,654.0,160,654.15,40,654.66,40,654.67,80,654.68,160,654.69,80,655.0,120,655.5,40,655.66,80,655.68,80
2026-01-16 09:36:34,653.685,653.15,1,653.37,80,654.0,160,654.0,653.37,653.37,80,653.14,40,652.86,40,652.68,120,652.36,40,652.29,120,652.11,160,652.0,280,651.71,40,651.55,80,654.0,160,654.15,40,654.66,40,654.67,80,654.68,160,654.69,80,655.0,120,655.5,40,655.66,80,655.68,80
2026-01-16 09:36:35,653.685,653.15,1,653.37,80,654.0,160,654.0,653.37,653.37,80,653.14,40,652.86,40,652.68,120,652.36,40,652.29,120,652.11,160,652.0,280,651.71,40,651.55,80,654.0,160,654.15,40,654.66,40,654.67,80,654.68,160,654.69,80,655.0,120,655.5,40,655.66,80,655.68,80
2026-01-16 09:36:36,653.685,653.15,1,653.37,80,654.0,160,654.0,653.37,653.37,80,653.14,40,652.86,40,652.68,120,652.36,40,652.29,120,652.11,160,652.0,280,651.71,40,651.55,80,654.0,160,654.15,40,654.66,40,654.67,80,654.68,160,654.69,80,655.0,120,655.5,40,655.66,80,655.68,80
2026-01-16 09:36:37,653.685,653.15,1,653.37,120,654.0,160,654.0,653.37,653.37,120,653.14,40,652.86,40,652.68,120,652.36,40,652.29,120,652.11,160,652.0,280,651.71,40,651.55,80,654.0,160,654.15,40,654.66,40,654.67,80,654.68,160,654.69,80,655.0,120,655.5,40,655.66,80,655.68,80
2026-01-16 09:36:38,653.685,653.15,1,653.37,120,654.0,160,654.0,653.37,653.37,120,653.14,40,652.86,40,652.68,120,652.36,40,652.29,120,652.11,160,652.0,280,651.71,40,651.55,80,654.0,160,654.15,40,654.66,40,654.67,80,654.68,160,654.69,80,655.0,120,655.5,40,655.66,80,655.68,80
2026-01-16 09:36:39,653.685,653.15,1,653.37,80,654.0,160,654.0,653.37,653.37,80,653.14,40,652.86,40,652.68,120,652.36,40,652.29,120,652.11,160,652.0,280,651.71,40,651.55,80,654.0,160,654.15,40,654.66,40,654.67,80,654.68,160,654.69,80,655.0,120,655.5,40,655.66,80,655.68,80
2026-01-16 09:36:40,653.685,653.15,1,653.37,80,654.0,160,654.0,653.37,653.37,80,653.14,40,652.86,40,652.68,120,652.36,40,652.29,120,652.11,160,652.0,280,651.71,40,651.55,80,654.0,160,654.15,40,654.66,40,654.67,80,654.68,160,654.69,80,655.0,120,655.5,40,655.66,80,655.68,80
2026-01-16 09:36:41,653.685,653.68,1,653.37,80,654.0,160,654.0,653.37,653.37,80,653.14,40,652.86,40,652.68,120,652.36,40,652.29,120,652.11,160,652.0,280,651.71,40,651.55,80,654.0,160,654.15,40,654.66,40,654.67,80,654.68,160,654.69,80,655.0,120,655.5,40,655.66,80,655.68,80
2026-01-16 09:36:42,653.685,653.55,1,653.37,80,654.0,160,654.0,653.37,653.37,80,653.14,40,652.86,40,652.68,120,652.36,40,652.29,120,652.11,160,652.0,280,651.71,40,651.55,80,654.0,160,654.15,40,654.66,40,654.67,80,654.68,160,654.69,80,655.0,120,655.5,40,655.66,80,655.68,80
2026-01-16 09:36:43,653.685,653.55,1,653.37,80,654.0,160,654.0,653.37,653.37,80,653.14,40,652.86,40,652.68,120,652.36,40,652.29,120,652.11,160,652.0,280,651.71,40,651.55,80,654.0,160,654.15,40,654.66,40,654.67,80,654.68,160,654.69,80,655.0,120,655.5,40,655.66,80,655.68,80
2026-01-16 09:36:44,653.685,653.55,1,653.37,80,654.0,160,654.0,653.37,653.37,80,653.14,40,652.86,40,652.68,120,652.36,40,652.29,120,652.11,160,652.0,280,651.71,40,651.55,80,654.0,160,654.15,40,654.66,40,654.67,80,654.68,160,654.69,80,655.0,120,655.5,40,655.66,80,655.68,80
2026-01-16 09:36:45,653.685,653.55,1,653.37,80,654.0,160,654.0,653.37,653.37,80,653.14,40,652.86,40,652.68,120,652.36,40,652.29,120,652.11,160,652.0,280,651.71,40,651.55,80,654.0,160,654.15,40,654.66,40,654.67,80,654.68,160,654.69,80,655.0,120,655.5,40,655.66,80,655.68,80
2026-01-16 09:36:46,653.685,653.55,1,653.37,80,654.0,160,654.0,653.37,653.37,80,653.14,40,652.86,40,652.68,120,652.36,40,652.29,120,652.11,160,652.0,280,651.71,40,651.55,80,654.0,160,654.15,40,654.66,40,654.67,80,654.68,160,654.69,80,655.0,120,655.5,40,655.66,80,655.68,80
2026-01-16 09:36:47,653.685,653.55,1,653.37,80,654.0,160,654.0,653.37,653.37,80,653.14,40,652.86,40,652.68,120,652.36,40,652.29,120,652.11,160,652.0,280,651.71,40,651.55,80,654.0,160,654.15,40,654.66,40,654.67,80,654.68,160,654.69,80,655.0,120,655.5,40,655.66,80,655.68,80
2026-01-16 09:36:48,653.685,653.55,1,653.37,80,654.0,160,654.0,653.37,653.37,80,653.14,40,652.86,40,652.68,120,652.36,40,652.29,120,652.11,160,652.0,280,651.71,40,651.55,80,654.0,160,654.15,40,654.66,40,654.67,80,654.68,160,654.69,80,655.0,120,655.5,40,655.66,80,655.68,80
2026-01-16 09:36:49,653.685,653.55,1,653.37,80,654.0,160,654.0,653.37,653.37,80,653.14,40,652.86,40,652.68,120,652.36,40,652.29,120,652.11,160,652.0,280,651.71,40,651.55,80,654.0,160,654.15,40,654.66,40,654.67,80,654.68,160,654.69,80,655.0,120,655.5,40,655.66,80,655.68,80
2026-01-16 09:36:50,653.685,653.55,1,653.37,80,654.0,160,654.0,653.37,653.37,80,653.14,40,652.86,40,652.68,120,652.36,40,652.29,120,652.11,160,652.0,280,651.71,40,651.55,80,654.0,160,654.15,40,654.66,40,654.67,80,654.68,160,654.69,80,655.0,120,655.5,40,655.66,80,655.68,80
2026-01-16 09:36:51,653.685,653.55,1,653.37,80,654.0,160,654.0,653.37,653.37,80,653.14,40,652.86,40,652.68,120,652.36,40,652.29,120,652.11,160,652.0,280,651.71,40,651.55,80,654.0,160,654.15,40,654.66,40,654.67,80,654.68,160,654.69,80,655.0,120,655.5,40,655.66,80,655.68,80
2026-01-16 09:36:52,653.685,653.68,1,653.37,160,654.0,160,654.0,653.37,653.37,160,653.14,40,652.86,40,652.68,120,652.36,40,652.29,120,652.11,160,652.0,280,651.71,40,651.55,80,654.0,160,654.15,40,654.66,40,654.67,80,654.68,160,654.69,80,655.0,120,655.5,40,655.66,80,655.68,80
2026-01-16 09:36:53,653.685,653.68,1,653.37,160,654.0,160,654.0,653.37,653.37,160,653.14,40,652.86,40,652.68,120,652.36,40,652.29,120,652.11,160,652.0,280,651.71,40,651.55,80,654.0,160,654.15,40,654.66,40,654.67,80,654.68,160,654.69,80,655.0,120,655.5,40,655.66,80,655.68,80
2026-01-16 09:36:54,653.685,653.68,1,653.37,160,654.0,160,654.0,653.37,653.37,160,653.14,40,652.86,40,652.68,120,652.36,40,652.29,120,652.11,160,652.0,280,651.71,40,651.55,80,654.0,160,654.15,40,654.66,40,654.67,80,654.68,160,654.69,80,655.0,120,655.5,40,655.66,80,655.68,80
2026-01-16 09:36:55,653.685,653.68,1,653.37,160,654.0,160,654.0,653.37,653.37,160,653.14,40,652.86,40,652.68,120,652.36,40,652.29,120,652.11,160,652.0,280,651.71,40,651.55,80,654.0,160,654.15,40,654.66,40,654.67,80,654.68,160,654.69,80,655.0,120,655.5,40,655.66,80,655.68,80
2026-01-16 09:36:56,653.68,653.68,1,653.37,160,653.99,40,653.99,653.37,653.37,160,653.14,40,652.86,40,652.68,120,652.36,40,652.29,120,652.11,160,652.0,280,651.71,40,651.55,80,653.99,40,654.0,160,654.15,40,654.66,40,654.67,80,654.68,160,654.69,80,655.0,120,655.5,40,655.66,80
2026-01-16 09:36:57,653.68,653.68,1,653.37,160,653.99,40,653.99,653.37,653.37,160,653.14,40,652.86,40,652.68,120,652.36,40,652.29,120,652.11,160,652.0,280,651.71,40,651.55,80,653.99,40,654.0,160,654.15,40,654.66,40,654.67,80,654.68,160,654.69,80,655.0,120,655.5,40,655.66,80
2026-01-16 09:36:58,653.685,653.68,1,653.38,80,653.99,40,653.99,653.38,653.38,80,653.37,160,653.14,40,652.86,40,652.68,120,652.36,40,652.29,120,652.11,160,652.0,280,651.71,40,653.99,40,654.0,160,654.15,40,654.66,40,654.67,80,654.68,160,654.69,80,655.0,120,655.5,40,655.66,80
2026-01-16 09:36:59,653.685,653.68,1,653.38,80,653.99,40,653.99,653.38,653.38,80,653.37,160,653.14,40,652.86,40,652.68,120,652.36,40,652.29,120,652.11,160,652.0,280,651.71,40,653.99,40,654.0,160,654.15,40,654.66,40,654.67,80,654.68,160,654.69,80,655.0,120,655.5,40,655.66,80
2026-01-16 09:37:00,653.685,653.68,1,653.38,80,653.99,40,653.99,653.38,653.38,80,653.37,160,653.14,40,652.86,40,652.68,120,652.36,40,652.29,120,652.11,160,652.0,280,651.71,40,653.99,40,654.0,160,654.15,40,654.66,40,654.67,80,654.68,160,654.69,80,655.0,120,655.5,40,655.66,80
2026-01-16 09:37:01,653.2,653.68,1,652.41,80,653.99,120,653.99,652.41,652.41,80,652.34,80,652.29,120,652.11,160,652.0,280,651.71,40,651.55,80,651.36,200,650.71,40,650.52,280,653.99,120,654.0,160,654.15,40,654.66,40,654.67,80,654.68,160,654.69,80,655.0,120,655.5,40,655.66,80
2026-01-16 09:37:02,653.2,653.68,1,652.41,80,653.99,80,653.99,652.41,652.41,80,652.34,80,652.29,120,652.11,160,652.0,280,651.71,40,651.55,80,651.36,200,650.71,40,650.52,280,653.99,80,654.0,160,654.15,40,654.66,40,654.67,80,654.68,160,654.69,80,655.0,120,655.5,40,655.66,80
2026-01-16 09:37:03,653.335,653.68,1,652.68,120,653.99,80,653.99,652.68,652.68,120,652.41,80,652.34,80,652.29,120,652.11,160,652.0,280,651.71,40,651.55,80,651.36,200,650.71,40,653.99,80,654.0,160,654.15,40,654.66,40,654.67,80,654.68,160,654.69,80,655.0,120,655.5,40,655.66,80
2026-01-16 09:37:04,653.335,653.68,1,652.68,120,653.99,120,653.99,652.68,652.68,120,652.41,80,652.34,80,652.29,120,652.11,160,652.0,280,651.71,40,651.55,80,651.36,200,650.71,40,653.99,120,654.0,160,654.15,40,654.66,40,654.67,80,654.68,160,654.69,80,655.0,120,655.5,40,655.66,80
2026-01-16 09:37:05,652.955,653.68,1,652.41,80,653.5,120,653.5,652.41,652.41,80,652.34,80,652.29,120,652.11,160,652.0,280,651.71,40,651.55,80,651.36,200,650.71,40,650.52,280,653.5,120,653.99,120,654.0,160,654.15,40,654.66,40,654.67,80,654.68,160,654.69,80,655.0,120,655.5,40
2026-01-16 09:37:06,653.31,653.68,1,652.73,40,653.89,80,653.89,652.73,652.73,40,652.41,80,652.34,80,652.29,120,652.11,160,652.0,280,651.71,40,651.55,80,651.36,200,650.71,40,653.89,80,653.99,120,654.0,160,654.15,40,654.66,40,654.67,80,654.68,160,654.69,80,655.0,120,655.5,40
2026-01-16 09:37:07,653.31,653.68,1,652.73,40,653.89,120,653.89,652.73,652.73,40,652.41,80,652.34,80,652.29,120,652.11,160,652.0,280,651.71,40,651.55,80,651.36,200,650.71,40,653.89,120,653.99,120,654.0,160,654.15,40,654.66,40,654.67,80,654.68,160,654.69,80,655.0,120,655.5,40
2026-01-16 09:37:08,652.795,653.68,1,652.15,80,653.44,120,653.44,652.15,652.15,80,652.11,160,652.0,280,651.71,40,651.55,80,651.36,200,650.71,40,650.52,280,650.51,240,650.01,80,653.44,120,653.76,80,653.89,120,653.99,120,654.0,160,654.15,40,654.66,40,654.67,80,654.68,160,654.69,80
2026-01-16 09:37:09,652.795,653.68,1,652.15,80,653.44,120,653.44,652.15,652.15,80,652.11,160,652.0,280,651.71,40,651.55,80,651.36,200,650.71,40,650.52,280,650.51,240,650.01,80,653.44,120,653.76,80,653.89,120,653.99,120,654.0,160,654.15,40,654.66,40,654.67,80,654.68,160,654.69,80
2026-01-16 09:37:10,652.795,653.68,1,652.15,80,653.44,120,653.44,652.15,652.15,80,652.11,160,652.0,280,651.71,40,651.55,80,651.36,200,650.71,40,650.52,280,650.51,240,650.01,80,653.44,120,653.76,80,653.89,120,653.99,120,654.0,160,654.15,40,654.66,40,654.67,80,654.68,160,654.69,80
2026-01-16 09:37:11,652.795,653.68,1,652.15,80,653.44,120,653.44,652.15,652.15,80,652.11,160,652.0,280,651.71,40,651.55,80,651.36,200,650.71,40,650.52,280,650.51,240,650.01,80,653.44,120,653.76,80,653.89,120,653.99,120,654.0,160,654.15,40,654.66,40,654.67,80,654.68,160,654.69,80
2026-01-16 09:37:12,652.795,653.68,1,652.15,80,653.44,160,653.44,652.15,652.15,80,652.11,160,652.0,280,651.71,40,651.55,80,651.36,200,650.71,40,650.52,280,650.51,240,650.01,80,653.44,160,653.76,80,653.89,120,653.99,120,654.0,160,654.15,40,654.66,40,654.67,80,654.68,160,654.69,80
2026-01-16 09:37:13,652.795,653.68,1,652.15,80,653.44,160,653.44,652.15,652.15,80,652.11,160,652.0,280,651.71,40,651.55,80,651.36,200,650.71,40,650.52,280,650.51,240,650.01,80,653.44,160,653.76,80,653.89,120,653.99,120,654.0,160,654.15,40,654.66,40,654.67,80,654.68,160,654.69,80
2026-01-16 09:37:14,652.795,653.68,1,652.15,80,653.44,80,653.44,652.15,652.15,80,652.11,160,652.0,280,651.71,40,651.55,80,651.36,200,650.71,40,650.52,280,650.51,240,650.01,80,653.44,80,653.76,80,653.89,120,653.99,120,654.0,160,654.15,40,654.66,40,654.67,80,654.68,160,654.69,80
2026-01-16 09:37:15,652.795,653.68,1,652.15,80,653.44,160,653.44,652.15,652.15,80,652.11,160,652.0,280,651.71,40,651.55,80,651.36,200,650.71,40,650.52,280,650.51,240,650.01,80,653.44,160,653.76,80,653.89,120,653.99,120,654.0,160,654.15,40,654.66,40,654.67,80,654.68,160,654.69,80
