sim_time,mid_price,last_price,last_size,best_bid_price,best_bid_size,best_ask_price,best_ask_size,close_price_buy,close_price_sell,bid1_price,bid1_size,bid2_price,bid2_size,bid3_price,bid3_size,bid4_price,bid4_size,bid5_price,bid5_size,bid6_price,bid6_size,bid7_price,bid7_size,bid8_price,bid8_size,bid9_price,bid9_size,bid10_price,bid10_size,ask1_price,ask1_size,ask2_price,ask2_size,ask3_price,ask3_size,ask4_price,ask4_size,ask5_price,ask5_size,ask6_price,ask6_size,ask7_price,ask7_size,ask8_price,ask8_size,ask9_price,ask9_size,ask10_price,ask10_size
2026-01-16 09:30:36,,0.0,0,,,,,,,,,,,,,,,,,,,,,,,,,,,,,,,,,,,,,,,,,,,,,,
2026-01-16 09:30:37,,0.0,0,,,,,,,,,,,,,,,,,,,,,,,,,,,,,,,,,,,,,,,,,,,,,,
2026-01-16 09:30:38,,0.0,0,,,,,,,,,,,,,,,,,,,,,,,,,,,,,,,,,,,,,,,,,,,,,,
2026-01-16 09:30:38,,0.0,0,,,,,,,,,,,,,,,,,,,,,,,,,,,,,,,,,,,,,,,,,,,,,,
2026-01-16 09:30:39,,0.0,0,,,,,,,,,,,,,,,,,,,,,,,,,,,,,,,,,,,,,,,,,,,,,,
2026-01-16 09:30:39,,0.0,0,,,,,,,,,,,,,,,,,,,,,,,,,,,,,,,,,,,,,,,,,,,,,,
2026-01-16 09:30:41,,0.0,0,,,,,,,,,,,,,,,,,,,,,,,,,,,,,,,,,,,,,,,,,,,,,,
2026-01-16 09:30:43,232.48,232.48,100,232.15,400,232.81,200,232.81,232.15,232.15,400,232.0,1000,231.98,900,231.97,500,231.83,100,231.8,700,,,,,,,,,232.81,200,232.89,400,232.9,300,233.0,1200,233.75,100,233.97,100,234.18,100,,,,,,
2026-01-16 09:30:44,232.48,232.48,100,232.15,400,232.81,200,232.81,232.15,232.15,400,232.0,1000,231.98,900,231.97,500,231.83,100,231.8,700,,,,,,,,,232.81,200,232.89,400,232.9,300,233.0,1200,233.75,100,233.97,100,234.18,100,,,,,,
2026-01-16 09:30:45,232.475,232.33,1,232.15,400,232.8,200,232.8,232.15,232.15,400,232.0,1000,231.98,900,231.97,500,231.83,100,231.8,700,,,,,,,,,232.8,200,232.81,200,232.89,400,232.9,300,233.0,1200,233.75,100,233.97,100,234.18,100,,,,
2026-01-16 09:30:46,232.495,232.15,3,232.19,300,232.8,200,232.8,232.19,232.19,300,232.18,700,232.17,100,232.1,100,232.0,1000,231.98,900,231.97,500,231.83,100,231.8,700,,,232.8,200,232.81,200,232.89,400,232.9,300,233.0,1200,233.75,100,233.97,100,234.18,100,,,,
2026-01-16 09:30:47,232.375,232.15,3,232.19,300,232.56,400,232.56,232.19,232.19,300,232.18,700,232.17,100,232.1,100,232.0,1000,231.98,900,231.97,500,231.83,100,231.8,700,,,232.56,400,232.8,200,232.81,200,232.89,400,232.9,300,233.0,1200,233.75,100,233.97,100,234.18,100,,
2026-01-16 09:30:48,232.375,232.15,3,232.19,300,232.56,400,232.56,232.19,232.19,300,232.18,700,232.17,100,232.1,100,232.0,1000,231.98,900,231.97,500,231.83,100,231.8,700,,,232.56,400,232.8,200,232.81,200,232.89,400,232.9,300,233.0,1200,233.75,100,233.97,100,234.18,100,,
2026-01-16 09:30:49,232.37,232.35,3,232.18,400,232.56,400,232.56,232.18,232.18,400,232.17,100,232.1,100,232.0,1000,231.98,900,231.97,500,231.83,100,231.8,700,,,,,232.56,400,232.8,200,232.81,200,232.89,400,232.9,300,233.0,1200,233.75,100,233.97,100,234.18,100,,
2026-01-16 09:30:50,232.37,232.35,3,232.18,400,232.56,400,232.56,232.18,232.18,400,232.17,100,232.1,100,232.0,1000,231.98,900,231.97,500,231.83,100,231.8,700,,,,,232.56,400,232.8,200,232.81,200,232.89,400,232.9,300,233.0,1200,233.75,100,233.97,100,234.18,100,,
2026-01-16 09:30:51,232.39,232.37,1,232.22,400,232.56,400,232.56,232.22,232.22,400,232.18,400,232.17,100,232.1,100,232.0,1000,231.98,900,231.97,500,231.83,100,231.8,700,,,232.56,400,232.8,200,232.81,200,232.89,400,232.9,300,233.0,1200,233.75,100,233.97,100,234.18,100,,
2026-01-16 09:30:52,232.39,232.37,1,232.22,600,232.56,400,232.56,232.22,232.22,600,232.18,400,232.17,100,232.1,100,232.0,1000,231.98,900,231.97,500,231.83,100,231.8,700,,,232.56,400,232.8,200,232.81,200,232.89,400,232.9,300,233.0,1200,233.75,100,233.97,100,234.18,100,,
2026-01-16 09:30:53,232.39,232.37,1,232.22,600,232.56,400,232.56,232.22,232.22,600,232.18,400,232.17,100,232.1,100,232.0,1000,231.98,900,231.97,500,231.83,100,231.8,700,,,232.56,400,232.8,200,232.81,200,232.89,400,232.9,300,233.0,1200,233.75,100,233.97,100,234.18,100,,
2026-01-16 09:30:54,232.39,232.37,1,232.22,600,232.56,400,232.56,232.22,232.22,600,232.18,400,232.17,100,232.1,100,232.0,1000,231.98,900,231.97,500,231.83,100,231.8,700,,,232.56,400,232.8,200,232.81,200,232.89,400,232.9,300,233.0,1200,233.75,100,233.97,100,234.18,100,,
2026-01-16 09:30:55,232.39,232.22,2,232.22,700,232.56,400,232.56,232.22,232.22,700,232.18,400,232.17,100,232.1,100,232.0,1000,231.98,900,231.97,500,231.83,100,231.8,700,,,232.56,400,232.8,200,232.81,200,232.89,400,232.9,300,233.0,1200,233.75,100,233.97,100,234.18,100,,
2026-01-16 09:30:56,232.23,232.17,1,232.0,1000,232.46,200,232.46,232.0,232.0,1000,231.98,900,231.97,500,231.83,100,231.8,700,,,,,,,,,,,232.46,200,232.5,600,232.56,500,232.8,200,232.81,200,232.89,400,232.9,300,233.0,1200,233.75,100,233.97,100
2026-01-16 09:30:57,232.23,232.23,2,232.0,1500,232.46,300,232.46,232.0,232.0,1500,231.98,900,231.97,500,231.83,100,231.8,700,,,,,,,,,,,232.46,300,232.5,600,232.56,500,232.8,200,232.81,200,232.89,400,232.9,300,233.0,1200,233.75,100,233.97,100
2026-01-16 09:30:58,232.23,232.23,2,232.0,1500,232.46,300,232.46,232.0,232.0,1500,231.98,900,231.97,500,231.83,100,231.8,700,,,,,,,,,,,232.46,300,232.5,600,232.56,500,232.8,200,232.81,200,232.89,400,232.9,300,233.0,1200,233.75,100,233.97,100
2026-01-16 09:30:59,232.205,232.21,300,232.01,500,232.4,300,232.4,232.01,232.01,500,232.0,1500,231.98,900,231.97,500,231.83,100,231.8,700,,,,,,,,,232.4,300,232.45,400,232.46,300,232.5,600,232.56,500,232.8,200,232.81,200,232.89,400,232.9,300,233.0,1200
2026-01-16 09:31:00,232.205,232.21,300,232.01,400,232.4,300,232.4,232.01,232.01,400,232.0,1500,231.98,900,231.97,500,231.83,100,231.8,700,,,,,,,,,232.4,300,232.45,400,232.46,300,232.5,600,232.56,500,232.8,200,232.81,200,232.89,400,232.9,300,233.0,1200
2026-01-16 09:31:01,232.175,232.21,300,232.01,400,232.34,300,232.34,232.01,232.01,400,232.0,1500,231.98,900,231.97,500,231.83,100,231.8,700,,,,,,,,,232.34,300,232.4,300,232.45,400,232.46,300,232.5,600,232.56,500,232.8,200,232.81,200,232.89,400,232.9,300
2026-01-16 09:31:02,232.175,232.21,300,232.01,400,232.34,300,232.34,232.01,232.01,400,232.0,1500,231.98,900,231.97,500,231.83,100,231.8,700,,,,,,,,,232.34,300,232.4,300,232.45,400,232.46,300,232.5,600,232.56,500,232.8,200,232.81,200,232.89,400,232.9,300
2026-01-16 09:31:03,232.18,232.08,1,232.02,300,232.34,400,232.34,232.02,232.02,300,232.0,1500,231.98,900,231.97,500,231.83,100,231.8,700,,,,,,,,,232.34,400,232.4,200,232.45,400,232.46,300,232.5,600,232.56,500,232.8,200,232.81,200,232.89,400,232.9,300
2026-01-16 09:31:04,232.175,232.1,1,232.01,300,232.34,300,232.34,232.01,232.01,300,232.0,1500,231.98,900,231.97,500,231.83,100,231.8,700,,,,,,,,,232.34,300,232.4,200,232.45,400,232.46,300,232.5,600,232.56,500,232.8,200,232.81,200,232.89,400,232.9,300
2026-01-16 09:31:05,232.175,232.1,1,232.01,300,232.34,300,232.34,232.01,232.01,300,232.0,1500,231.98,900,231.97,500,231.83,100,231.8,700,,,,,,,,,232.34,300,232.4,200,232.45,400,232.46,300,232.5,600,232.56,500,232.8,200,232.81,200,232.89,400,232.9,300
2026-01-16 09:31:06,232.18,232.1,1,232.02,300,232.34,300,232.34,232.02,232.02,300,232.01,300,232.0,1500,231.98,900,231.97,500,231.83,100,231.8,700,,,,,,,232.34,300,232.4,200,232.45,400,232.46,300,232.5,600,232.56,500,232.8,200,232.81,200,232.89,400,232.9,300
2026-01-16 09:31:07,232.015,231.93,1,231.8,1000,232.23,300,232.23,231.8,231.8,1000,,,,,,,,,,,,,,,,,,,232.23,300,232.34,200,232.4,200,232.45,400,232.46,300,232.5,600,232.56,500,232.8,200,232.81,200,232.89,400
2026-01-16 09:31:08,232.02,232.05,3,231.81,400,232.23,300,232.23,231.81,231.81,400,231.8,1000,,,,,,,,,,,,,,,,,232.23,300,232.34,200,232.4,200,232.45,400,232.46,300,232.5,600,232.56,500,232.8,200,232.81,200,232.89,400
2026-01-16 09:31:09,232.02,232.05,3,231.81,400,232.23,300,232.23,231.81,231.81,400,231.8,1000,,,,,,,,,,,,,,,,,232.23,300,232.34,200,232.4,200,232.45,400,232.46,300,232.5,600,232.56,500,232.8,200,232.81,200,232.89,400
2026-01-16 09:31:10,232.02,232.02,1,231.81,400,232.23,300,232.23,231.81,231.81,400,231.8,1000,,,,,,,,,,,,,,,,,232.23,300,232.34,200,232.4,200,232.45,400,232.46,300,232.5,600,232.56,500,232.8,200,232.81,200,232.89,400
2026-01-16 09:31:11,232.02,232.02,1,231.81,400,232.23,300,232.23,231.81,231.81,400,231.8,1000,,,,,,,,,,,,,,,,,232.23,300,232.34,200,232.4,200,232.45,400,232.46,300,232.5,600,232.56,500,232.8,200,232.81,200,232.89,400
2026-01-16 09:31:12,231.97,231.83,1,231.81,800,232.13,400,232.13,231.81,231.81,800,231.8,1000,,,,,,,,,,,,,,,,,232.13,400,232.22,200,232.23,800,232.34,200,232.4,200,232.45,400,232.46,300,232.5,600,232.56,500,232.8,200
2026-01-16 09:31:13,231.87,231.94,3,231.74,400,232.0,300,232.0,231.74,231.74,400,,,,,,,,,,,,,,,,,,,232.0,300,232.07,700,232.13,400,232.22,200,232.23,800,232.34,200,232.4,200,232.45,400,232.46,300,232.5,600
2026-01-16 09:31:14,231.895,231.87,1,231.79,300,232.0,300,232.0,231.79,231.79,300,231.74,400,,,,,,,,,,,,,,,,,232.0,300,232.07,700,232.13,400,232.22,200,232.23,800,232.34,200,232.4,200,232.45,400,232.46,300,232.5,600
2026-01-16 09:31:15,231.895,231.87,1,231.79,300,232.0,300,232.0,231.79,231.79,300,231.74,400,,,,,,,,,,,,,,,,,232.0,300,232.07,700,232.13,400,232.22,200,232.23,800,232.34,200,232.4,200,232.45,400,232.46,300,232.5,600
2026-01-16 09:31:16,231.925,232.0,3,231.85,300,232.0,300,232.0,231.85,231.85,300,231.74,400,,,,,,,,,,,,,,,,,232.0,300,232.07,700,232.13,400,232.22,200,232.23,800,232.34,200,232.4,200,232.45,400,232.46,300,232.5,600
2026-01-16 09:31:17,231.925,232.0,3,231.85,300,232.0,300,232.0,231.85,231.85,300,231.74,400,,,,,,,,,,,,,,,,,232.0,300,232.07,700,232.13,400,232.22,200,232.23,800,232.34,200,232.4,200,232.45,400,232.46,300,232.5,600
2026-01-16 09:31:18,231.875,231.85,3,231.75,300,232.0,500,232.0,231.75,231.75,300,231.74,400,,,,,,,,,,,,,,,,,232.0,500,232.07,700,232.13,400,232.22,200,232.23,800,232.34,200,232.4,200,232.45,400,232.46,300,232.5,600
2026-01-16 09:31:19,231.895,231.85,3,231.79,300,232.0,500,232.0,231.79,231.79,300,231.74,400,,,,,,,,,,,,,,,,,232.0,500,232.07,700,232.13,400,232.22,200,232.23,800,232.34,200,232.4,200,232.45,400,232.46,300,232.5,600
2026-01-16 09:31:20,231.895,231.85,3,231.79,300,232.0,500,232.0,231.79,231.79,300,231.74,400,,,,,,,,,,,,,,,,,232.0,500,232.07,700,232.13,400,232.22,200,232.23,800,232.34,200,232.4,200,232.45,400,232.46,300,232.5,600
2026-01-16 09:31:21,231.935,231.93,1,231.87,500,232.0,500,232.0,231.87,231.87,500,231.79,300,231.74,400,,,,,,,,,,,,,,,232.0,500,232.07,700,232.13,400,232.22,200,232.23,800,232.34,200,232.4,200,232.45,400,232.46,300,232.5,600
2026-01-16 09:31:22,232.2,232.2,56,232.0,400,232.4,500,232.4,232.0,232.0,400,231.99,400,231.87,600,231.79,300,231.74,400,,,,,,,,,,,232.4,500,232.45,400,232.46,300,232.5,600,232.56,500,232.8,200,232.81,200,232.89,400,232.9,300,233.0,1200
2026-01-16 09:31:23,232.21,232.14,1,232.02,400,232.4,500,232.4,232.02,232.02,400,232.01,100,231.87,600,231.79,300,231.74,400,,,,,,,,,,,232.4,500,232.45,400,232.46,300,232.5,600,232.56,500,232.8,200,232.81,200,232.89,400,232.9,300,233.0,1200
2026-01-16 09:31:24,232.215,232.22,1,232.03,400,232.4,500,232.4,232.03,232.03,400,231.87,600,231.79,300,231.74,400,,,,,,,,,,,,,232.4,500,232.45,400,232.46,300,232.5,600,232.56,500,232.8,200,232.81,200,232.89,400,232.9,300,233.0,1200
2026-01-16 09:31:25,232.22,232.22,1,232.04,400,232.4,500,232.4,232.04,232.04,400,232.03,400,231.87,600,231.79,300,231.74,400,,,,,,,,,,,232.4,500,232.45,400,232.46,300,232.5,600,232.56,500,232.8,200,232.81,200,232.89,400,232.9,300,233.0,1200
2026-01-16 09:31:26,232.22,232.22,1,232.04,400,232.4,500,232.4,232.04,232.04,400,232.03,400,231.87,600,231.79,300,231.74,400,,,,,,,,,,,232.4,500,232.45,400,232.46,300,232.5,600,232.56,500,232.8,200,232.81,200,232.89,400,232.9,300,233.0,1200
2026-01-16 09:31:27,232.27,232.27,1,232.14,400,232.4,500,232.4,232.14,232.14,400,232.13,100,232.04,400,232.03,400,231.87,600,231.79,300,231.74,400,,,,,,,232.4,500,232.45,400,232.46,300,232.5,600,232.56,500,232.8,200,232.81,200,232.89,400,232.9,300,233.0,1200
2026-01-16 09:31:28,232.27,232.15,3,232.14,400,232.4,500,232.4,232.14,232.14,400,232.13,100,232.04,400,232.03,400,231.87,600,231.79,300,231.74,400,,,,,,,232.4,500,232.45,400,232.46,300,232.5,600,232.56,500,232.8,200,232.81,200,232.89,400,232.9,300,233.0,1200
2026-01-16 09:31:29,232.27,232.15,3,232.14,300,232.4,500,232.4,232.14,232.14,300,232.13,100,232.04,400,232.03,400,231.87,600,231.79,300,231.74,400,,,,,,,232.4,500,232.45,400,232.46,300,232.5,600,232.56,500,232.8,200,232.81,200,232.89,400,232.9,300,233.0,1200
2026-01-16 09:31:30,232.2,232.14,1,232.13,100,232.27,200,232.27,232.13,232.13,100,232.04,400,232.03,400,231.87,600,231.79,300,231.74,400,,,,,,,,,232.27,200,232.34,100,232.4,600,232.45,400,232.46,300,232.5,600,232.56,500,232.8,200,232.81,200,232.89,400
2026-01-16 09:31:31,232.16,232.13,1,232.05,500,232.27,100,232.27,232.05,232.05,500,232.04,500,232.0,200,231.87,600,231.79,300,231.74,400,,,,,,,,,232.27,100,232.34,100,232.4,600,232.45,400,232.46,300,232.5,600,232.56,500,232.8,200,232.81,200,232.89,400
2026-01-16 09:31:32,232.03,232.0,1,231.9,500,232.16,400,232.16,231.9,231.9,500,231.89,500,231.88,500,231.87,700,231.79,300,231.74,400,,,,,,,,,232.16,400,232.27,100,232.34,100,232.4,600,232.45,400,232.46,300,232.5,600,232.56,500,232.8,200,232.81,200
2026-01-16 09:31:33,232.01,231.88,1,231.88,500,232.14,300,232.14,231.88,231.88,500,231.87,700,231.79,300,231.74,400,,,,,,,,,,,,,232.14,300,232.16,300,232.27,100,232.34,100,232.4,600,232.45,400,232.46,300,232.5,600,232.56,500,232.8,200
2026-01-16 09:31:34,232.01,231.88,1,231.88,500,232.14,300,232.14,231.88,231.88,500,231.87,700,231.79,300,231.74,400,,,,,,,,,,,,,232.14,300,232.16,300,232.27,100,232.34,100,232.4,600,232.45,400,232.46,300,232.5,600,232.56,500,232.8,200
2026-01-16 09:31:35,232.01,231.88,1,231.88,500,232.14,300,232.14,231.88,231.88,500,231.87,700,231.79,300,231.74,400,,,,,,,,,,,,,232.14,300,232.16,300,232.27,100,232.34,100,232.4,600,232.45,400,232.46,300,232.5,600,232.56,500,232.8,200
2026-01-16 09:31:36,232.01,232.01,1,231.88,500,232.14,300,232.14,231.88,231.88,500,231.87,700,231.79,300,231.74,400,,,,,,,,,,,,,232.14,300,232.16,300,232.27,100,232.34,100,232.4,600,232.45,400,232.46,300,232.5,600,232.56,500,232.8,200
2026-01-16 09:31:37,232.01,232.01,1,231.88,500,232.14,400,232.14,231.88,231.88,500,231.87,700,231.79,300,231.74,400,,,,,,,,,,,,,232.14,400,232.16,300,232.27,100,232.34,100,232.4,600,232.45,400,232.46,300,232.5,600,232.56,500,232.8,200
2026-01-16 09:31:38,231.855,231.79,1,231.7,600,232.01,500,232.01,231.7,231.7,600,,,,,,,,,,,,,,,,,,,232.01,500,232.14,600,232.16,300,232.27,100,232.34,100,232.4,600,232.45,400,232.46,300,232.5,600,232.56,500
2026-01-16 09:31:39,231.915,231.79,1,231.82,500,232.01,500,232.01,231.82,231.82,500,231.7,600,,,,,,,,,,,,,,,,,232.01,500,232.14,600,232.16,300,232.27,100,232.34,100,232.4,600,232.45,400,232.46,300,232.5,600,232.56,500
2026-01-16 09:31:40,231.915,231.79,1,231.82,500,232.01,500,232.01,231.82,231.82,500,231.7,600,,,,,,,,,,,,,,,,,232.01,500,232.14,600,232.16,300,232.27,100,232.34,100,232.4,600,232.45,400,232.46,300,232.5,600,232.56,500
2026-01-16 09:31:41,231.89,231.8,1,231.78,300,232.0,400,232.0,231.78,231.78,300,231.7,600,,,,,,,,,,,,,,,,,232.0,400,232.01,700,232.14,600,232.16,300,232.27,100,232.34,100,232.4,600,232.45,400,232.46,300,232.5,600
2026-01-16 09:31:42,231.89,231.8,1,231.78,200,232.0,400,232.0,231.78,231.78,200,231.7,600,,,,,,,,,,,,,,,,,232.0,400,232.01,700,232.14,600,232.16,300,232.27,100,232.34,100,232.4,600,232.45,400,232.46,300,232.5,600
2026-01-16 09:31:43,231.89,231.8,1,231.78,200,232.0,400,232.0,231.78,231.78,200,231.7,600,,,,,,,,,,,,,,,,,232.0,400,232.01,700,232.14,600,232.16,300,232.27,100,232.34,100,232.4,600,232.45,400,232.46,300,232.5,600
2026-01-16 09:31:44,231.82,231.7,3,231.74,300,231.9,100,231.9,231.74,231.74,300,231.69,300,231.68,500,,,,,,,,,,,,,,,231.9,100,231.95,100,232.0,600,232.01,700,232.14,600,232.16,300,232.27,100,232.34,100,232.4,600,232.45,400
2026-01-16 09:31:45,231.845,231.82,1,231.79,300,231.9,100,231.9,231.79,231.79,300,231.78,300,231.77,300,231.74,400,231.69,300,231.68,500,,,,,,,,,231.9,100,231.95,100,232.0,600,232.01,700,232.14,600,232.16,300,232.27,100,232.34,100,232.4,600,232.45,400
2026-01-16 09:31:46,231.85,231.87,6,231.8,300,231.9,100,231.9,231.8,231.8,300,231.74,400,231.69,300,231.68,500,,,,,,,,,,,,,231.9,100,231.95,100,232.0,600,232.01,700,232.14,600,232.16,300,232.27,100,232.34,100,232.4,600,232.45,400
2026-01-16 09:31:47,231.85,231.87,6,231.8,300,231.9,100,231.9,231.8,231.8,300,231.74,400,231.69,300,231.68,500,,,,,,,,,,,,,231.9,100,231.95,100,232.0,600,232.01,700,232.14,600,232.16,300,232.27,100,232.34,100,232.4,600,232.45,400
2026-01-16 09:31:48,231.85,231.87,6,231.8,300,231.9,100,231.9,231.8,231.8,300,231.74,400,231.69,300,231.68,500,,,,,,,,,,,,,231.9,100,231.95,100,232.0,600,232.01,700,232.14,600,232.16,300,232.27,100,232.34,100,232.4,600,232.45,400
2026-01-16 09:31:49,231.82,231.82,2,231.74,400,231.9,100,231.9,231.74,231.74,400,231.69,300,231.68,500,,,,,,,,,,,,,,,231.9,100,231.95,100,232.0,600,232.01,700,232.14,600,232.16,300,232.27,100,232.34,100,232.4,600,232.45,400
2026-01-16 09:31:50,231.845,231.8,1,231.74,400,231.95,300,231.95,231.74,231.74,400,231.69,300,231.68,500,,,,,,,,,,,,,,,231.95,300,232.0,600,232.01,700,232.14,600,232.16,300,232.27,100,232.34,100,232.4,600,232.45,400,232.46,300
2026-01-16 09:31:51,231.845,231.75,1,231.74,400,231.95,300,231.95,231.74,231.74,400,231.69,300,231.68,500,,,,,,,,,,,,,,,231.95,300,232.0,600,232.01,700,232.14,600,232.16,300,232.27,100,232.34,100,232.4,600,232.45,400,232.46,300
2026-01-16 09:31:52,231.845,231.75,1,231.74,800,231.95,400,231.95,231.74,231.74,800,231.69,300,231.68,500,,,,,,,,,,,,,,,231.95,400,232.0,600,232.01,700,232.14,600,232.16,300,232.27,100,232.34,100,232.4,600,232.45,400,232.46,300
2026-01-16 09:31:53,231.845,231.75,1,231.74,800,231.95,400,231.95,231.74,231.74,800,231.69,300,231.68,500,,,,,,,,,,,,,,,231.95,400,232.0,600,232.01,700,232.14,600,232.16,300,232.27,100,232.34,100,232.4,600,232.45,400,232.46,300
2026-01-16 09:31:54,231.845,231.75,1,231.74,800,231.95,400,231.95,231.74,231.74,800,231.69,300,231.68,500,,,,,,,,,,,,,,,231.95,400,232.0,600,232.01,700,232.14,600,232.16,300,232.27,100,232.34,100,232.4,600,232.45,400,232.46,300
2026-01-16 09:31:55,231.87,231.75,1,231.79,400,231.95,400,231.95,231.79,231.79,400,231.78,400,231.77,400,231.76,400,231.75,400,231.74,1800,231.69,300,231.68,500,,,,,231.95,400,232.0,600,232.01,700,232.14,600,232.16,300,232.27,100,232.34,100,232.4,600,232.45,400,232.46,300
2026-01-16 09:31:56,231.845,231.79,1,231.74,1800,231.95,400,231.95,231.74,231.74,1800,231.69,300,231.68,500,,,,,,,,,,,,,,,231.95,400,232.0,600,232.01,700,232.14,600,232.16,300,232.27,100,232.34,100,232.4,600,232.45,400,232.46,300
2026-01-16 09:31:57,231.75,231.74,1,231.68,500,231.82,100,231.82,231.68,231.68,500,,,,,,,,,,,,,,,,,,,231.82,100,231.95,300,232.0,600,232.01,700,232.14,600,232.16,300,232.27,100,232.34,100,232.4,600,232.45,400
2026-01-16 09:31:58,231.615,231.63,1,231.54,400,231.69,400,231.69,231.54,231.54,400,231.53,300,,,,,,,,,,,,,,,,,231.69,400,231.81,300,231.82,200,231.95,300,232.0,600,232.01,700,232.14,600,232.16,300,232.27,100,232.34,100
2026-01-16 09:31:59,231.45,231.5,10,231.41,400,231.49,200,231.49,231.41,231.41,400,231.35,400,231.32,100,,,,,,,,,,,,,,,231.49,200,231.52,100,231.66,200,231.69,300,231.81,300,231.82,200,231.95,300,232.0,600,232.01,700,232.14,600
2026-01-16 09:32:00,231.34,231.33,3,231.19,300,231.49,200,231.49,231.19,231.19,300,,,,,,,,,,,,,,,,,,,231.49,200,231.52,100,231.66,200,231.69,300,231.81,300,231.82,200,231.95,300,232.0,600,232.01,700,232.14,600
2026-01-16 09:32:01,231.4,231.36,3,231.31,400,231.49,200,231.49,231.31,231.31,400,231.19,300,,,,,,,,,,,,,,,,,231.49,200,231.52,100,231.66,200,231.69,300,231.81,300,231.82,200,231.95,300,232.0,600,232.01,700,232.14,600
2026-01-16 09:32:02,231.37,231.37,1,231.31,400,231.43,400,231.43,231.31,231.31,400,231.19,300,,,,,,,,,,,,,,,,,231.43,400,231.49,200,231.52,100,231.66,200,231.69,300,231.81,300,231.82,200,231.95,300,232.0,600,232.01,700
2026-01-16 09:32:03,231.18,231.16,1,231.06,400,231.3,200,231.3,231.06,231.06,400,231.01,200,,,,,,,,,,,,,,,,,231.3,200,231.33,100,231.43,400,231.49,200,231.52,100,231.66,200,231.69,300,231.81,300,231.82,200,231.95,300
2026-01-16 09:32:04,230.995,230.9,3,230.89,600,231.1,300,231.1,230.89,230.89,600,230.79,300,,,,,,,,,,,,,,,,,231.1,300,231.27,200,231.3,400,231.33,100,231.43,400,231.49,200,231.52,100,231.66,200,231.69,300,231.81,300
2026-01-16 09:32:05,230.775,230.78,1,230.73,500,230.82,200,230.82,230.73,230.73,500,,,,,,,,,,,,,,,,,,,230.82,200,231.0,200,231.05,100,231.1,300,231.27,200,231.3,400,231.33,100,231.43,400,231.49,200,231.52,100
2026-01-16 09:32:06,230.725,230.73,1,230.63,100,230.82,400,230.82,230.63,230.63,100,,,,,,,,,,,,,,,,,,,230.82,400,231.0,200,231.05,100,231.1,300,231.27,200,231.3,400,231.33,100,231.43,400,231.49,200,231.52,100
2026-01-16 09:32:07,230.835,230.82,1,230.8,400,230.87,200,230.87,230.8,230.8,400,230.79,400,230.78,400,230.77,400,230.73,400,230.63,100,,,,,,,,,230.87,200,231.0,200,231.05,100,231.1,300,231.27,200,231.3,400,231.33,100,231.43,400,231.49,200,231.52,100
2026-01-16 09:32:08,230.96,230.91,1,230.82,400,231.1,400,231.1,230.82,230.82,400,230.81,400,230.8,400,230.63,200,,,,,,,,,,,,,231.1,400,231.27,200,231.3,400,231.33,100,231.43,400,231.49,200,231.52,100,231.66,200,231.69,300,231.81,300
2026-01-16 09:32:09,231.01,231.0,1,230.92,400,231.1,300,231.1,230.92,230.92,400,230.63,200,,,,,,,,,,,,,,,,,231.1,300,231.27,200,231.3,400,231.33,100,231.43,400,231.49,200,231.52,100,231.66,200,231.69,300,231.81,300
2026-01-16 09:32:10,230.93,231.06,1,230.72,100,231.14,200,231.14,230.72,230.72,100,230.63,200,,,,,,,,,,,,,,,,,231.14,200,231.27,200,231.3,400,231.33,100,231.43,400,231.49,200,231.52,100,231.66,200,231.69,300,231.81,300
2026-01-16 09:32:11,231.09,231.11,1,231.03,400,231.15,200,231.15,231.03,231.03,400,231.02,400,231.01,400,230.93,100,230.88,400,230.72,100,230.63,200,,,,,,,231.15,200,231.27,200,231.3,400,231.33,100,231.43,400,231.49,200,231.52,100,231.66,200,231.69,300,231.81,300
2026-01-16 09:32:12,230.935,231.01,3,230.72,200,231.15,200,231.15,230.72,230.72,200,230.63,200,,,,,,,,,,,,,,,,,231.15,200,231.27,200,231.3,400,231.33,100,231.43,400,231.49,200,231.52,100,231.66,200,231.69,300,231.81,300
2026-01-16 09:32:13,230.965,231.01,3,230.78,100,231.15,200,231.15,230.78,230.78,100,230.72,200,230.63,200,,,,,,,,,,,,,,,231.15,200,231.27,200,231.3,400,231.33,100,231.43,400,231.49,200,231.52,100,231.66,200,231.69,300,231.81,300
2026-01-16 09:32:14,231.075,231.08,1,231.0,100,231.15,200,231.15,231.0,231.0,100,230.92,100,230.72,100,230.63,200,,,,,,,,,,,,,231.15,200,231.27,200,231.3,400,231.33,100,231.43,400,231.49,200,231.52,100,231.66,200,231.69,300,231.81,300
2026-01-16 09:32:15,231.075,231.08,1,231.0,100,231.15,200,231.15,231.0,231.0,100,230.92,100,230.72,100,230.63,200,,,,,,,,,,,,,231.15,200,231.27,200,231.3,400,231.33,100,231.43,400,231.49,200,231.52,100,231.66,200,231.69,300,231.81,300
2026-01-16 09:32:16,230.9,231.0,1,230.72,100,231.08,100,231.08,230.72,230.72,100,230.63,200,,,,,,,,,,,,,,,,,231.08,100,231.15,300,231.27,200,231.3,400,231.33,100,231.43,400,231.49,200,231.52,100,231.66,200,231.69,300
2026-01-16 09:32:17,230.9,231.0,1,230.72,100,231.08,100,231.08,230.72,230.72,100,230.63,200,,,,,,,,,,,,,,,,,231.08,100,231.15,300,231.27,200,231.3,400,231.33,100,231.43,400,231.49,200,231.52,100,231.66,200,231.69,300
2026-01-16 09:32:18,230.935,230.94,5,230.72,200,231.15,300,231.15,230.72,230.72,200,230.63,200,,,,,,,,,,,,,,,,,231.15,300,231.27,200,231.3,400,231.33,100,231.43,400,231.49,200,231.52,100,231.66,200,231.69,300,231.81,300
2026-01-16 09:32:19,230.935,230.94,1,230.72,200,231.15,300,231.15,230.72,230.72,200,230.63,200,,,,,,,,,,,,,,,,,231.15,300,231.27,200,231.3,400,231.33,100,231.43,400,231.49,200,231.52,100,231.66,200,231.69,300,231.81,300
2026-01-16 09:32:20,230.935,231.0,1,230.72,200,231.15,300,231.15,230.72,230.72,200,230.63,200,,,,,,,,,,,,,,,,,231.15,300,231.27,200,231.3,400,231.33,100,231.43,400,231.49,200,231.52,100,231.66,200,231.69,300,231.81,300
2026-01-16 09:32:21,231.035,231.04,1,230.92,100,231.15,300,231.15,230.92,230.92,100,230.72,200,230.63,200,,,,,,,,,,,,,,,231.15,300,231.27,200,231.3,400,231.33,100,231.43,400,231.49,200,231.52,100,231.66,200,231.69,300,231.81,300
2026-01-16 09:32:22,230.725,230.73,1,230.63,300,230.82,200,230.82,230.63,230.63,300,,,,,,,,,,,,,,,,,,,230.82,200,230.87,100,230.92,200,231.07,300,231.15,400,231.27,200,231.3,400,231.33,100,231.43,400,231.49,200
2026-01-16 09:32:24,230.725,230.73,1,230.63,300,230.82,200,230.82,230.63,230.63,300,,,,,,,,,,,,,,,,,,,230.82,200,230.87,100,230.92,200,231.07,300,231.15,400,231.27,200,231.3,400,231.33,100,231.43,400,231.49,200
2026-01-16 09:32:25,230.71,230.71,1,230.6,400,230.82,300,230.82,230.6,230.6,400,,,,,,,,,,,,,,,,,,,230.82,300,230.87,100,230.92,200,231.07,300,231.15,400,231.27,200,231.3,400,231.33,100,231.43,400,231.49,200
2026-01-16 09:32:26,230.71,230.72,4,230.6,400,230.82,300,230.82,230.6,230.6,400,,,,,,,,,,,,,,,,,,,230.82,300,230.87,100,230.92,200,231.07,300,231.15,400,231.27,200,231.3,400,231.33,100,231.43,400,231.49,200
2026-01-16 09:32:26,230.71,230.72,4,230.6,400,230.82,300,230.82,230.6,230.6,400,,,,,,,,,,,,,,,,,,,230.82,300,230.87,100,230.92,200,231.07,300,231.15,400,231.27,200,231.3,400,231.33,100,231.43,400,231.49,200
2026-01-16 09:32:27,230.735,230.73,10,230.6,500,230.87,200,230.87,230.6,230.6,500,,,,,,,,,,,,,,,,,,,230.87,200,230.92,200,231.07,300,231.15,400,231.27,200,231.3,400,231.33,100,231.43,400,231.49,200,231.52,100
2026-01-16 09:32:29,230.8,230.84,1,230.6,500,231.0,200,231.0,230.6,230.6,500,,,,,,,,,,,,,,,,,,,231.0,200,231.07,300,231.15,400,231.27,200,231.3,400,231.33,100,231.43,400,231.49,200,231.52,100,231.66,200
2026-01-16 09:32:30,230.855,230.74,1,230.71,200,231.0,300,231.0,230.71,230.71,200,230.6,500,,,,,,,,,,,,,,,,,231.0,300,231.07,300,231.15,400,231.27,200,231.3,400,231.33,100,231.43,400,231.49,200,231.52,100,231.66,200
2026-01-16 09:32:30,230.855,230.74,1,230.71,200,231.0,300,231.0,230.71,230.71,200,230.6,500,,,,,,,,,,,,,,,,,231.0,300,231.07,300,231.15,400,231.27,200,231.3,400,231.33,100,231.43,400,231.49,200,231.52,100,231.66,200
2026-01-16 09:32:31,230.75,230.75,1,230.6,500,230.9,400,230.9,230.6,230.6,500,,,,,,,,,,,,,,,,,,,230.9,400,231.0,200,231.07,300,231.15,400,231.27,200,231.3,400,231.33,100,231.43,400,231.49,200,231.52,100
2026-01-16 09:32:33,230.75,230.6,1,230.6,500,230.9,400,230.9,230.6,230.6,500,,,,,,,,,,,,,,,,,,,230.9,400,231.0,200,231.07,300,231.15,400,231.27,200,231.3,400,231.33,100,231.43,400,231.49,200,231.52,100
2026-01-16 09:32:33,230.415,230.5,7,230.28,100,230.55,200,230.55,230.28,230.28,100,,,,,,,,,,,,,,,,,,,230.55,200,230.56,100,230.57,100,230.58,100,230.75,100,230.79,100,230.9,400,231.0,200,231.07,300,231.15,400
2026-01-16 09:32:35,230.415,230.42,1,230.28,100,230.55,100,230.55,230.28,230.28,100,,,,,,,,,,,,,,,,,,,230.55,100,230.56,100,230.57,100,230.58,100,230.75,100,230.79,100,230.9,400,231.0,200,231.07,300,231.15,400
2026-01-16 09:32:35,230.3,230.28,1,230.16,200,230.44,200,230.44,230.16,230.16,200,,,,,,,,,,,,,,,,,,,230.44,200,230.51,400,230.9,300,231.0,200,231.07,300,231.15,400,231.27,200,231.3,400,231.33,100,231.43,400
2026-01-16 09:32:36,230.345,230.22,2,230.25,100,230.44,100,230.44,230.25,230.25,100,230.16,200,,,,,,,,,,,,,,,,,230.44,100,230.51,400,230.9,300,231.0,200,231.07,300,231.15,400,231.27,200,231.3,400,231.33,100,231.43,400
2026-01-16 09:32:37,230.345,230.22,2,230.25,100,230.44,100,230.44,230.25,230.25,100,230.16,200,,,,,,,,,,,,,,,,,230.44,100,230.51,400,230.9,300,231.0,200,231.07,300,231.15,400,231.27,200,231.3,400,231.33,100,231.43,400
2026-01-16 09:32:39,230.255,230.26,8,230.16,200,230.35,100,230.35,230.16,230.16,200,,,,,,,,,,,,,,,,,,,230.35,100,230.44,100,230.51,400,230.9,300,231.0,200,231.07,300,231.15,400,231.27,200,231.3,400,231.33,100
2026-01-16 09:32:40,230.255,230.26,3,230.16,200,230.35,100,230.35,230.16,230.16,200,,,,,,,,,,,,,,,,,,,230.35,100,230.44,100,230.51,400,230.9,300,231.0,200,231.07,300,231.15,400,231.27,200,231.3,400,231.33,100
2026-01-16 09:32:41,230.255,230.28,1,230.16,200,230.35,100,230.35,230.16,230.16,200,,,,,,,,,,,,,,,,,,,230.35,100,230.44,100,230.51,400,230.9,300,231.0,200,231.07,300,231.15,400,231.27,200,231.3,400,231.33,100
2026-01-16 09:32:42,230.255,230.28,1,230.16,200,230.35,100,230.35,230.16,230.16,200,,,,,,,,,,,,,,,,,,,230.35,100,230.44,100,230.51,400,230.9,300,231.0,200,231.07,300,231.15,400,231.27,200,231.3,400,231.33,100
2026-01-16 09:32:43,230.23,230.2,1,230.16,200,230.3,200,230.3,230.16,230.16,200,,,,,,,,,,,,,,,,,,,230.3,200,230.35,100,230.44,100,230.51,400,230.9,300,231.0,200,231.07,300,231.15,400,231.27,200,231.3,400
2026-01-16 09:32:44,230.1,230.0,1,229.93,300,230.27,100,230.27,229.93,229.93,300,,,,,,,,,,,,,,,,,,,230.27,100,230.3,500,230.35,100,230.44,100,230.51,400,230.9,300,231.0,200,231.07,300,231.15,400,231.27,200
2026-01-16 09:32:45,230.115,229.93,1,229.93,300,230.3,400,230.3,229.93,229.93,300,,,,,,,,,,,,,,,,,,,230.3,400,230.35,100,230.44,100,230.51,400,230.9,300,231.0,200,231.07,300,231.15,400,231.27,200,231.3,400
2026-01-16 09:32:46,230.115,229.93,1,229.93,300,230.3,400,230.3,229.93,229.93,300,,,,,,,,,,,,,,,,,,,230.3,400,230.35,100,230.44,100,230.51,400,230.9,300,231.0,200,231.07,300,231.15,400,231.27,200,231.3,400
2026-01-16 09:32:47,230.115,230.05,1,229.93,300,230.3,400,230.3,229.93,229.93,300,,,,,,,,,,,,,,,,,,,230.3,400,230.35,100,230.44,100,230.51,400,230.9,300,231.0,200,231.07,300,231.15,400,231.27,200,231.3,400
2026-01-16 09:32:48,230.115,230.05,1,229.93,300,230.3,400,230.3,229.93,229.93,300,,,,,,,,,,,,,,,,,,,230.3,400,230.35,100,230.44,100,230.51,400,230.9,300,231.0,200,231.07,300,231.15,400,231.27,200,231.3,400
2026-01-16 09:32:48,230.115,230.05,1,229.93,300,230.3,400,230.3,229.93,229.93,300,,,,,,,,,,,,,,,,,,,230.3,400,230.35,100,230.44,100,230.51,400,230.9,300,231.0,200,231.07,300,231.15,400,231.27,200,231.3,400
2026-01-16 09:32:50,230.115,230.0,1,229.93,500,230.3,900,230.3,229.93,229.93,500,,,,,,,,,,,,,,,,,,,230.3,900,230.35,100,230.44,100,230.51,400,230.9,300,231.0,200,231.07,300,231.15,400,231.27,200,231.3,400
2026-01-16 09:32:51,230.115,230.11,1,229.93,600,230.3,1700,230.3,229.93,229.93,600,,,,,,,,,,,,,,,,,,,230.3,1700,230.35,100,230.44,100,230.51,400,230.9,300,231.0,200,231.07,300,231.15,400,231.27,200,231.3,400
2026-01-16 09:32:52,230.15,230.11,1,230.0,100,230.3,1700,230.3,230.0,230.0,100,229.93,600,,,,,,,,,,,,,,,,,230.3,1700,230.35,100,230.44,100,230.51,400,230.9,300,231.0,200,231.07,300,231.15,400,231.27,200,231.3,400
2026-01-16 09:32:52,230.15,230.11,1,230.0,100,230.3,1700,230.3,230.0,230.0,100,229.93,600,,,,,,,,,,,,,,,,,230.3,1700,230.35,100,230.44,100,230.51,400,230.9,300,231.0,200,231.07,300,231.15,400,231.27,200,231.3,400
2026-01-16 09:32:54,230.59,230.55,3,230.29,200,230.89,500,230.89,230.29,230.29,200,230.28,100,230.22,100,230.17,100,230.15,200,230.06,100,230.02,100,230.0,400,229.93,600,,,230.89,500,230.9,400,231.0,200,231.07,300,231.15,400,231.27,200,231.3,400,231.33,100,231.43,400,231.49,200
2026-01-16 09:32:55,230.6,230.55,3,230.31,100,230.89,500,230.89,230.31,230.31,100,230.3,100,230.29,200,230.28,100,230.22,100,230.17,100,230.15,200,230.06,100,230.02,100,230.0,400,230.89,500,230.9,400,231.0,200,231.07,300,231.15,400,231.27,200,231.3,400,231.33,100,231.43,400,231.49,200
2026-01-16 09:32:56,230.605,230.55,3,230.32,100,230.89,500,230.89,230.32,230.32,100,230.31,200,230.3,100,230.29,200,230.28,100,230.22,100,230.17,100,230.15,200,230.06,100,230.02,100,230.89,500,230.9,400,231.0,200,231.07,300,231.15,400,231.27,200,231.3,400,231.33,100,231.43,400,231.49,200
2026-01-16 09:32:57,230.605,230.64,2,230.32,100,230.89,500,230.89,230.32,230.32,100,230.31,200,230.3,100,230.29,200,230.28,100,230.22,100,230.17,100,230.15,200,230.06,100,230.02,100,230.89,500,230.9,400,231.0,200,231.07,300,231.15,400,231.27,200,231.3,400,231.33,100,231.43,400,231.49,200
2026-01-16 09:32:58,230.555,230.56,2,230.31,200,230.8,300,230.8,230.31,230.31,200,230.3,100,230.29,200,230.28,100,230.22,100,230.17,100,230.15,200,230.06,100,230.02,100,230.0,400,230.8,300,230.98,100,230.99,200,231.0,200,231.07,300,231.15,400,231.27,200,231.3,400,231.33,100,231.43,400
2026-01-16 09:32:59,230.555,230.57,1,230.31,400,230.8,300,230.8,230.31,230.31,400,230.3,100,230.29,200,230.28,100,230.22,100,230.17,100,230.15,200,230.06,100,230.02,100,230.0,400,230.8,300,230.98,100,230.99,200,231.0,200,231.07,300,231.15,400,231.27,200,231.3,400,231.33,100,231.43,400
2026-01-16 09:33:00,230.56,230.56,1,230.32,200,230.8,300,230.8,230.32,230.32,200,230.31,500,230.3,100,230.29,200,230.28,100,230.22,100,230.17,100,230.15,200,230.06,100,230.02,100,230.8,300,230.98,100,230.99,200,231.0,200,231.07,300,231.15,400,231.27,200,231.3,400,231.33,100,231.43,400
2026-01-16 09:33:01,230.56,230.56,1,230.32,200,230.8,300,230.8,230.32,230.32,200,230.31,500,230.3,100,230.29,200,230.28,100,230.22,100,230.17,100,230.15,200,230.06,100,230.02,100,230.8,300,230.98,100,230.99,200,231.0,200,231.07,300,231.15,400,231.27,200,231.3,400,231.33,100,231.43,400
2026-01-16 09:33:02,230.49,230.49,1,230.34,300,230.64,400,230.64,230.34,230.34,300,230.33,400,230.32,500,230.31,500,230.3,100,230.29,200,230.28,100,230.22,100,230.17,100,230.15,200,230.64,400,230.8,300,230.98,100,230.99,200,231.0,200,231.07,300,231.15,400,231.27,200,231.3,400,231.33,100
2026-01-16 09:33:03,230.49,230.49,1,230.34,300,230.64,400,230.64,230.34,230.34,300,230.33,400,230.32,500,230.31,500,230.3,100,230.29,200,230.28,100,230.22,100,230.17,100,230.15,200,230.64,400,230.8,300,230.98,100,230.99,200,231.0,200,231.07,300,231.15,400,231.27,200,231.3,400,231.33,100
2026-01-16 09:33:04,230.49,230.49,1,230.34,300,230.64,400,230.64,230.34,230.34,300,230.33,400,230.32,500,230.31,500,230.3,100,230.29,200,230.28,100,230.22,100,230.17,100,230.15,200,230.64,400,230.8,300,230.98,100,230.99,200,231.0,200,231.07,300,231.15,400,231.27,200,231.3,400,231.33,100
2026-01-16 09:33:05,230.49,230.45,1,230.34,300,230.64,400,230.64,230.34,230.34,300,230.33,400,230.32,500,230.31,500,230.3,100,230.29,200,230.28,100,230.22,100,230.17,100,230.15,200,230.64,400,230.8,300,230.98,100,230.99,200,231.0,200,231.07,300,231.15,400,231.27,200,231.3,400,231.33,100
2026-01-16 09:33:06,230.49,230.45,1,230.34,300,230.64,400,230.64,230.34,230.34,300,230.33,400,230.32,500,230.31,500,230.3,100,230.29,200,230.28,100,230.22,100,230.17,100,230.15,200,230.64,400,230.8,300,230.98,100,230.99,200,231.0,200,231.07,300,231.15,400,231.27,200,231.3,400,231.33,100
2026-01-16 09:33:07,230.49,230.49,5,230.34,300,230.64,400,230.64,230.34,230.34,300,230.33,400,230.32,500,230.31,500,230.3,100,230.29,200,230.28,100,230.22,100,230.17,100,230.15,200,230.64,400,230.8,300,230.98,100,230.99,200,231.0,200,231.07,300,231.15,400,231.27,200,231.3,400,231.33,100
2026-01-16 09:33:08,230.49,230.34,1,230.34,400,230.64,400,230.64,230.34,230.34,400,230.33,400,230.32,500,230.31,500,230.3,100,230.29,200,230.28,100,230.22,100,230.17,100,230.15,200,230.64,400,230.8,300,230.98,100,230.99,200,231.0,200,231.07,300,231.15,400,231.27,200,231.3,400,231.33,100
2026-01-16 09:33:09,230.49,230.34,1,230.34,400,230.64,400,230.64,230.34,230.34,400,230.33,400,230.32,500,230.31,500,230.3,100,230.29,200,230.28,100,230.22,100,230.17,100,230.15,200,230.64,400,230.8,300,230.98,100,230.99,200,231.0,200,231.07,300,231.15,400,231.27,200,231.3,400,231.33,100
2026-01-16 09:33:10,230.49,230.34,1,230.34,400,230.64,400,230.64,230.34,230.34,400,230.33,400,230.32,500,230.31,500,230.3,100,230.29,200,230.28,100,230.22,100,230.17,100,230.15,200,230.64,400,230.8,300,230.98,100,230.99,200,231.0,200,231.07,300,231.15,400,231.27,200,231.3,400,231.33,100
2026-01-16 09:33:11,230.49,230.34,1,230.34,400,230.64,400,230.64,230.34,230.34,400,230.33,400,230.32,500,230.31,500,230.3,100,230.29,200,230.28,100,230.22,100,230.17,100,230.15,200,230.64,400,230.8,300,230.98,100,230.99,200,231.0,200,231.07,300,231.15,400,231.27,200,231.3,400,231.33,100
2026-01-16 09:33:12,230.49,230.34,1,230.34,400,230.64,400,230.64,230.34,230.34,400,230.33,400,230.32,500,230.31,500,230.3,100,230.29,200,230.28,100,230.22,100,230.17,100,230.15,200,230.64,400,230.8,300,230.98,100,230.99,200,231.0,200,231.07,300,231.15,400,231.27,200,231.3,400,231.33,100
2026-01-16 09:33:13,230.47,230.47,1,230.36,100,230.58,100,230.58,230.36,230.36,100,230.35,100,230.34,400,230.33,400,230.32,500,230.31,500,230.3,100,230.29,200,230.28,100,230.22,100,230.58,100,230.64,400,230.8,300,230.98,100,230.99,200,231.0,200,231.07,300,231.15,400,231.27,200,231.3,400
2026-01-16 09:33:14,230.47,230.36,1,230.36,100,230.58,100,230.58,230.36,230.36,100,230.35,100,230.34,400,230.33,400,230.32,500,230.31,500,230.3,100,230.29,200,230.28,100,230.22,100,230.58,100,230.64,400,230.8,300,230.98,100,230.99,200,231.0,200,231.07,300,231.15,400,231.27,200,231.3,400
2026-01-16 09:33:15,230.475,230.36,1,230.37,100,230.58,100,230.58,230.37,230.37,100,230.36,100,230.35,100,230.34,400,230.33,400,230.32,500,230.31,500,230.3,100,230.29,200,230.28,100,230.58,100,230.64,400,230.8,300,230.98,100,230.99,200,231.0,200,231.07,300,231.15,400,231.27,200,231.3,400
2026-01-16 09:33:16,230.48,230.36,1,230.38,100,230.58,100,230.58,230.38,230.38,100,230.37,100,230.36,100,230.35,100,230.34,400,230.33,400,230.32,500,230.31,500,230.3,100,230.29,200,230.58,100,230.64,400,230.8,300,230.98,100,230.99,200,231.0,200,231.07,300,231.15,400,231.27,200,231.3,400
2026-01-16 09:33:17,230.46,230.44,20,230.34,900,230.58,300,230.58,230.34,230.34,900,230.33,400,230.32,500,230.31,500,230.3,100,230.29,200,230.28,100,230.22,100,230.17,100,230.15,200,230.58,300,230.64,400,230.8,300,230.98,100,230.99,200,231.0,200,231.07,300,231.15,400,231.27,200,231.3,400
2026-01-16 09:33:18,230.34,230.3,1,230.1,100,230.58,300,230.58,230.1,230.1,100,230.06,100,230.02,100,230.0,400,229.93,600,,,,,,,,,,,230.58,300,230.64,400,230.8,300,230.98,100,230.99,200,231.0,200,231.07,300,231.15,400,231.27,200,231.3,400
2026-01-16 09:33:19,230.34,230.26,1,230.1,100,230.58,300,230.58,230.1,230.1,100,230.06,100,230.02,100,230.0,400,229.93,600,,,,,,,,,,,230.58,300,230.64,400,230.8,300,230.98,100,230.99,200,231.0,200,231.07,300,231.15,400,231.27,200,231.3,400
2026-01-16 09:33:20,230.34,230.1,1,230.1,200,230.58,400,230.58,230.1,230.1,200,230.06,100,230.02,100,230.0,400,229.93,600,,,,,,,,,,,230.58,400,230.64,400,230.8,300,230.98,100,230.99,200,231.0,200,231.07,300,231.15,400,231.27,200,231.3,400
2026-01-16 09:33:21,230.34,230.1,1,230.1,200,230.58,400,230.58,230.1,230.1,200,230.06,100,230.02,100,230.0,400,229.93,600,,,,,,,,,,,230.58,400,230.64,400,230.8,300,230.98,100,230.99,200,231.0,200,231.07,300,231.15,400,231.27,200,231.3,400
2026-01-16 09:33:22,230.36,230.15,2,230.15,100,230.57,100,230.57,230.15,230.15,100,230.0,400,229.93,600,,,,,,,,,,,,,,,230.57,100,230.58,200,230.64,400,230.8,300,230.98,100,230.99,200,231.0,200,231.07,300,231.15,400,231.27,200
2026-01-16 09:33:23,230.285,230.18,1,230.0,400,230.57,100,230.57,230.0,230.0,400,229.93,600,,,,,,,,,,,,,,,,,230.57,100,230.58,200,230.64,400,230.8,300,230.98,100,230.99,200,231.0,200,231.07,300,231.15,400,231.27,200
2026-01-16 09:33:24,230.285,230.18,1,230.0,400,230.57,100,230.57,230.0,230.0,400,229.93,600,,,,,,,,,,,,,,,,,230.57,100,230.58,200,230.64,400,230.8,300,230.98,100,230.99,200,231.0,200,231.07,300,231.15,400,231.27,200
2026-01-16 09:33:25,230.285,230.29,7,230.0,400,230.57,100,230.57,230.0,230.0,400,229.93,600,,,,,,,,,,,,,,,,,230.57,100,230.58,200,230.64,400,230.8,300,230.98,100,230.99,200,231.0,200,231.07,300,231.15,400,231.27,200
2026-01-16 09:33:26,230.36,230.29,7,230.15,100,230.57,100,230.57,230.15,230.15,100,230.0,400,229.93,600,,,,,,,,,,,,,,,230.57,100,230.58,200,230.64,400,230.8,300,230.98,100,230.99,200,231.0,200,231.07,300,231.15,400,231.27,200
2026-01-16 09:33:27,230.215,230.22,1,230.0,400,230.43,100,230.43,230.0,230.0,400,229.93,600,,,,,,,,,,,,,,,,,230.43,100,230.57,200,230.58,200,230.64,400,230.8,300,230.98,100,230.99,200,231.0,200,231.07,300,231.15,400
2026-01-16 09:33:28,230.18,230.18,1,230.0,400,230.36,100,230.36,230.0,230.0,400,229.93,600,,,,,,,,,,,,,,,,,230.36,100,230.37,100,230.43,200,230.57,200,230.58,200,230.64,400,230.8,300,230.98,100,230.99,200,231.0,200
2026-01-16 09:33:29,230.32,230.32,1,230.0,600,230.64,400,230.64,230.0,230.0,600,229.93,600,,,,,,,,,,,,,,,,,230.64,400,230.8,300,230.98,100,230.99,200,231.0,200,231.07,300,231.15,400,231.27,200,231.3,400,231.33,100
2026-01-16 09:33:30,230.32,230.22,1,230.0,600,230.64,400,230.64,230.0,230.0,600,229.93,600,,,,,,,,,,,,,,,,,230.64,400,230.8,300,230.98,100,230.99,200,231.0,200,231.07,300,231.15,400,231.27,200,231.3,400,231.33,100
2026-01-16 09:33:31,230.445,230.32,1,230.25,600,230.64,400,230.64,230.25,230.25,600,230.0,600,229.93,600,,,,,,,,,,,,,,,230.64,400,230.8,300,230.98,100,230.99,200,231.0,200,231.07,300,231.15,400,231.27,200,231.3,400,231.33,100
2026-01-16 09:33:32,230.445,230.32,1,230.25,600,230.64,400,230.64,230.25,230.25,600,230.0,600,229.93,600,,,,,,,,,,,,,,,230.64,400,230.8,300,230.98,100,230.99,200,231.0,200,231.07,300,231.15,400,231.27,200,231.3,400,231.33,100
2026-01-16 09:33:33,230.445,230.25,1,230.25,600,230.64,400,230.64,230.25,230.25,600,230.0,600,229.93,600,,,,,,,,,,,,,,,230.64,400,230.8,300,230.98,100,230.99,200,231.0,200,231.07,300,231.15,400,231.27,200,231.3,400,231.33,100
2026-01-16 09:33:34,230.445,230.25,1,230.25,600,230.64,300,230.64,230.25,230.25,600,230.0,600,229.93,600,,,,,,,,,,,,,,,230.64,300,230.8,300,230.98,100,230.99,200,231.0,200,231.07,300,231.15,400,231.27,200,231.3,400,231.33,100
2026-01-16 09:33:35,230.32,230.0,1,230.0,800,230.64,300,230.64,230.0,230.0,800,229.93,600,,,,,,,,,,,,,,,,,230.64,300,230.8,300,230.98,100,230.99,200,231.0,200,231.07,300,231.15,400,231.27,200,231.3,400,231.33,100
2026-01-16 09:33:36,230.13,230.0,1,230.0,700,230.26,100,230.26,230.0,230.0,700,229.93,600,,,,,,,,,,,,,,,,,230.26,100,230.64,300,230.8,300,230.98,100,230.99,200,231.0,200,231.07,300,231.15,400,231.27,200,231.3,400
2026-01-16 09:33:37,230.32,230.03,1,230.0,700,230.64,400,230.64,230.0,230.0,700,229.93,600,,,,,,,,,,,,,,,,,230.64,400,230.8,300,230.98,100,230.99,200,231.0,200,231.07,300,231.15,400,231.27,200,231.3,400,231.33,100
2026-01-16 09:33:38,230.285,230.0,1,229.93,700,230.64,300,230.64,229.93,229.93,700,,,,,,,,,,,,,,,,,,,230.64,300,230.8,300,230.98,100,230.99,200,231.0,200,231.07,300,231.15,400,231.27,200,231.3,400,231.33,100
2026-01-16 09:33:39,230.165,230.43,4,229.93,600,230.4,200,230.4,229.93,229.93,600,,,,,,,,,,,,,,,,,,,230.4,200,230.64,400,230.8,300,230.98,100,230.99,200,231.0,200,231.07,300,231.15,400,231.27,200,231.3,400
2026-01-16 09:33:40,230.045,229.71,4,229.7,200,230.39,200,230.39,229.7,229.7,200,,,,,,,,,,,,,,,,,,,230.39,200,230.4,200,230.43,100,230.64,400,230.8,300,230.98,100,230.99,200,231.0,200,231.07,300,231.15,400
2026-01-16 09:33:41,229.955,229.77,2,229.71,800,230.2,200,230.2,229.71,229.71,800,229.7,200,,,,,,,,,,,,,,,,,230.2,200,230.21,300,230.22,200,230.38,200,230.39,100,230.4,200,230.43,100,230.64,400,230.8,300,230.98,100
2026-01-16 09:33:42,229.955,229.96,1,229.71,800,230.2,300,230.2,229.71,229.71,800,229.7,200,,,,,,,,,,,,,,,,,230.2,300,230.21,300,230.22,200,230.38,200,230.39,100,230.4,200,230.43,100,230.64,400,230.8,300,230.98,100
2026-01-16 09:33:43,229.955,229.96,1,229.71,800,230.2,300,230.2,229.71,229.71,800,229.7,200,,,,,,,,,,,,,,,,,230.2,300,230.21,300,230.22,200,230.38,200,230.39,100,230.4,200,230.43,100,230.64,400,230.8,300,230.98,100
2026-01-16 09:33:44,229.955,229.96,1,229.71,800,230.2,300,230.2,229.71,229.71,800,229.7,200,,,,,,,,,,,,,,,,,230.2,300,230.21,300,230.22,200,230.38,200,230.39,100,230.4,200,230.43,100,230.64,400,230.8,300,230.98,100
2026-01-16 09:33:45,229.945,230.18,2,229.71,800,230.18,200,230.18,229.71,229.71,800,229.7,200,,,,,,,,,,,,,,,,,230.18,200,230.2,400,230.21,300,230.22,200,230.38,200,230.39,100,230.4,200,230.43,100,230.64,400,230.8,300
2026-01-16 09:33:46,229.945,229.71,1,229.71,800,230.18,200,230.18,229.71,229.71,800,229.7,200,,,,,,,,,,,,,,,,,230.18,200,230.2,400,230.21,300,230.22,200,230.38,200,230.39,100,230.4,200,230.43,100,230.64,400,230.8,300
2026-01-16 09:33:47,229.945,229.9,1,229.71,800,230.18,300,230.18,229.71,229.71,800,229.7,200,,,,,,,,,,,,,,,,,230.18,300,230.2,400,230.21,300,230.22,200,230.38,200,230.39,100,230.4,200,230.43,100,230.64,400,230.8,300
2026-01-16 09:33:48,229.86,229.71,1,229.71,800,230.01,100,230.01,229.71,229.71,800,229.7,200,,,,,,,,,,,,,,,,,230.01,100,230.18,200,230.2,400,230.21,300,230.22,200,230.38,200,230.39,100,230.4,200,230.43,100,230.64,400
2026-01-16 09:33:49,229.865,229.87,1,229.72,200,230.01,100,230.01,229.72,229.72,200,229.71,800,229.7,200,,,,,,,,,,,,,,,230.01,100,230.18,200,230.2,400,230.21,300,230.22,200,230.38,200,230.39,100,230.4,200,230.43,100,230.64,400
2026-01-16 09:33:50,229.865,230.0,4,229.72,400,230.01,100,230.01,229.72,229.72,400,229.71,800,229.7,200,,,,,,,,,,,,,,,230.01,100,230.18,200,230.2,400,230.21,300,230.22,200,230.38,200,230.39,100,230.4,200,230.43,100,230.64,400
2026-01-16 09:33:51,229.865,229.87,1,229.72,400,230.01,300,230.01,229.72,229.72,400,229.71,800,229.7,200,,,,,,,,,,,,,,,230.01,300,230.18,200,230.2,400,230.21,300,230.22,200,230.38,200,230.39,100,230.4,200,230.43,100,230.64,400
2026-01-16 09:33:52,229.87,229.73,1,229.73,400,230.01,300,230.01,229.73,229.73,400,229.72,400,229.71,800,229.7,200,,,,,,,,,,,,,230.01,300,230.18,200,230.2,400,230.21,300,230.22,200,230.38,200,230.39,100,230.4,200,230.43,100,230.64,400
2026-01-16 09:33:53,229.87,229.73,1,229.73,400,230.01,300,230.01,229.73,229.73,400,229.72,400,229.71,800,229.7,200,,,,,,,,,,,,,230.01,300,230.18,200,230.2,400,230.21,300,230.22,200,230.38,200,230.39,100,230.4,200,230.43,100,230.64,400
2026-01-16 09:33:54,229.87,229.86,1,229.73,400,230.01,300,230.01,229.73,229.73,400,229.72,400,229.71,800,229.7,200,,,,,,,,,,,,,230.01,300,230.18,200,230.2,400,230.21,300,230.22,200,230.38,200,230.39,100,230.4,200,230.43,100,230.64,400
2026-01-16 09:33:55,229.87,229.87,4,229.73,100,230.01,300,230.01,229.73,229.73,100,229.72,400,229.71,800,229.7,200,,,,,,,,,,,,,230.01,300,230.18,200,230.2,400,230.21,300,230.22,200,230.38,200,230.39,100,230.4,200,230.43,100,230.64,400
2026-01-16 09:33:56,229.69,229.55,2,229.5,100,229.88,200,229.88,229.5,229.5,100,,,,,,,,,,,,,,,,,,,229.88,200,230.0,100,230.01,500,230.18,200,230.2,400,230.21,300,230.22,200,230.38,200,230.39,100,230.4,200
2026-01-16 09:33:57,229.695,229.51,1,229.51,100,229.88,200,229.88,229.51,229.51,100,229.5,100,,,,,,,,,,,,,,,,,229.88,200,230.0,100,230.01,500,230.18,200,230.2,400,230.21,300,230.22,200,230.38,200,230.39,100,230.4,200
2026-01-16 09:33:58,229.695,229.51,1,229.51,100,229.88,200,229.88,229.51,229.51,100,229.5,100,,,,,,,,,,,,,,,,,229.88,200,230.0,100,230.01,500,230.18,200,230.2,400,230.21,300,230.22,200,230.38,200,230.39,100,230.4,200
2026-01-16 09:33:59,229.695,229.7,2,229.51,100,229.88,200,229.88,229.51,229.51,100,229.5,100,,,,,,,,,,,,,,,,,229.88,200,230.0,100,230.01,500,230.18,200,230.2,400,230.21,300,230.22,200,230.38,200,230.39,100,230.4,200
2026-01-16 09:34:00,229.695,229.51,1,229.51,200,229.88,300,229.88,229.51,229.51,200,229.5,100,,,,,,,,,,,,,,,,,229.88,300,230.0,100,230.01,500,230.18,200,230.2,400,230.21,300,230.22,200,230.38,200,230.39,100,230.4,200
2026-01-16 09:34:01,229.695,229.51,1,229.51,200,229.88,300,229.88,229.51,229.51,200,229.5,100,,,,,,,,,,,,,,,,,229.88,300,230.0,100,230.01,500,230.18,200,230.2,400,230.21,300,230.22,200,230.38,200,230.39,100,230.4,200
2026-01-16 09:34:02,229.695,229.72,1,229.51,200,229.88,400,229.88,229.51,229.51,200,229.5,100,,,,,,,,,,,,,,,,,229.88,400,230.0,100,230.01,500,230.18,200,230.2,400,230.21,300,230.22,200,230.38,200,230.39,100,230.4,200
2026-01-16 09:34:03,229.62,229.61,1,229.51,200,229.73,200,229.73,229.51,229.51,200,229.5,100,,,,,,,,,,,,,,,,,229.73,200,229.75,700,229.88,400,230.0,100,230.01,500,230.18,200,230.2,400,230.21,300,230.22,200,230.38,200
2026-01-16 09:34:04,229.62,229.61,1,229.51,200,229.73,200,229.73,229.51,229.51,200,229.5,100,,,,,,,,,,,,,,,,,229.73,200,229.75,700,229.88,400,230.0,100,230.01,500,230.18,200,230.2,400,230.21,300,230.22,200,230.38,200
2026-01-16 09:34:05,229.595,229.51,3,229.46,100,229.73,200,229.73,229.46,229.46,100,,,,,,,,,,,,,,,,,,,229.73,200,229.75,700,229.88,400,230.0,100,230.01,500,230.18,200,230.2,400,230.21,300,230.22,200,230.38,200
2026-01-16 09:34:06,229.64,229.62,4,229.5,100,229.78,900,229.78,229.5,229.5,100,229.46,100,,,,,,,,,,,,,,,,,229.78,900,229.88,400,230.0,100,230.01,500,230.18,200,230.2,400,230.21,300,230.22,200,230.38,200,230.39,100
2026-01-16 09:34:07,229.14,229.22,1,229.08,100,229.2,700,229.2,229.08,229.08,100,,,,,,,,,,,,,,,,,,,229.2,700,229.23,700,229.25,100,229.3,100,229.33,100,229.47,100,229.48,100,229.55,700,229.62,100,229.74,100
2026-01-16 09:34:08,229.105,229.12,2,229.01,200,229.2,200,229.2,229.01,229.01,200,,,,,,,,,,,,,,,,,,,229.2,200,229.23,700,229.25,100,229.3,100,229.33,100,229.47,100,229.48,100,229.55,700,229.62,100,229.74,100
2026-01-16 09:34:09,229.105,229.15,1,229.01,200,229.2,200,229.2,229.01,229.01,200,,,,,,,,,,,,,,,,,,,229.2,200,229.23,700,229.25,100,229.3,100,229.33,100,229.47,100,229.48,100,229.55,700,229.62,100,229.74,100
2026-01-16 09:34:10,229.105,229.05,1,229.01,200,229.2,200,229.2,229.01,229.01,200,,,,,,,,,,,,,,,,,,,229.2,200,229.23,700,229.25,100,229.3,100,229.33,100,229.47,100,229.48,100,229.55,700,229.62,100,229.74,100
2026-01-16 09:34:11,229.235,229.25,1,229.01,200,229.46,300,229.46,229.01,229.01,200,,,,,,,,,,,,,,,,,,,229.46,300,229.47,100,229.48,100,229.55,700,229.62,100,229.74,100,229.78,900,229.88,400,230.0,100,230.01,500
2026-01-16 09:34:12,229.235,229.24,4,229.01,200,229.46,300,229.46,229.01,229.01,200,,,,,,,,,,,,,,,,,,,229.46,300,229.47,100,229.48,100,229.55,700,229.62,100,229.74,100,229.78,900,229.88,400,230.0,100,230.01,500
2026-01-16 09:34:13,229.525,229.46,4,229.17,100,229.88,500,229.88,229.17,229.17,100,229.01,200,,,,,,,,,,,,,,,,,229.88,500,230.0,100,230.01,500,230.18,200,230.2,400,230.21,300,230.22,200,230.38,200,230.39,100,230.4,200
2026-01-16 09:34:14,229.54,229.17,1,229.2,300,229.88,500,229.88,229.2,229.2,300,229.17,100,229.01,200,,,,,,,,,,,,,,,229.88,500,230.0,100,230.01,500,230.18,200,230.2,400,230.21,300,230.22,200,230.38,200,230.39,100,230.4,200
2026-01-16 09:34:15,229.54,229.17,1,229.2,300,229.88,500,229.88,229.2,229.2,300,229.17,100,229.01,200,,,,,,,,,,,,,,,229.88,500,230.0,100,230.01,500,230.18,200,230.2,400,230.21,300,230.22,200,230.38,200,230.39,100,230.4,200
2026-01-16 09:34:16,229.54,229.21,1,229.2,200,229.88,600,229.88,229.2,229.2,200,229.17,100,229.01,200,,,,,,,,,,,,,,,229.88,600,230.0,100,230.01,500,230.18,200,230.2,400,230.21,300,230.22,200,230.38,200,230.39,100,230.4,200
2026-01-16 09:34:17,229.535,229.21,1,229.2,200,229.87,100,229.87,229.2,229.2,200,229.17,100,229.01,200,,,,,,,,,,,,,,,229.87,100,229.88,700,230.0,100,230.01,500,230.18,200,230.2,400,230.21,300,230.22,200,230.38,200,230.39,100
2026-01-16 09:34:18,229.215,229.21,2,229.01,400,229.42,300,229.42,229.01,229.01,400,,,,,,,,,,,,,,,,,,,229.42,300,229.53,100,229.61,100,229.74,100,229.78,100,229.85,100,229.87,200,229.88,700,230.0,100,230.01,500
2026-01-16 09:34:19,229.215,229.28,2,229.01,400,229.42,200,229.42,229.01,229.01,400,,,,,,,,,,,,,,,,,,,229.42,200,229.53,100,229.61,100,229.74,100,229.78,100,229.85,100,229.87,200,229.88,700,230.0,100,230.01,500
2026-01-16 09:34:20,229.215,229.22,1,229.01,500,229.42,200,229.42,229.01,229.01,500,,,,,,,,,,,,,,,,,,,229.42,200,229.53,100,229.61,100,229.74,100,229.78,100,229.85,100,229.87,200,229.88,700,230.0,100,230.01,500
2026-01-16 09:34:21,229.45,229.31,2,229.29,600,229.61,200,229.61,229.29,229.29,600,229.16,100,229.15,100,229.01,500,,,,,,,,,,,,,229.61,200,229.65,200,229.74,100,229.78,100,229.85,100,229.87,200,229.88,700,230.0,100,230.01,500,230.18,200
2026-01-16 09:34:22,229.45,229.45,4,229.29,600,229.61,400,229.61,229.29,229.29,600,229.16,100,229.15,100,229.01,500,,,,,,,,,,,,,229.61,400,229.65,200,229.74,100,229.78,100,229.85,100,229.87,200,229.88,700,230.0,100,230.01,500,230.18,200
2026-01-16 09:34:23,229.45,229.45,4,229.29,600,229.61,400,229.61,229.29,229.29,600,229.16,100,229.15,100,229.01,500,,,,,,,,,,,,,229.61,400,229.65,200,229.74,100,229.78,100,229.85,100,229.87,200,229.88,700,230.0,100,230.01,500,230.18,200
2026-01-16 09:34:24,229.66,229.66,1,229.47,500,229.85,100,229.85,229.47,229.47,500,229.46,500,229.17,200,229.16,100,229.15,100,229.01,500,,,,,,,,,229.85,100,229.92,200,229.99,100,230.0,100,230.01,500,230.18,200,230.2,400,230.21,300,230.22,200,230.38,200
2026-01-16 09:34:25,229.66,229.66,1,229.47,500,229.85,100,229.85,229.47,229.47,500,229.46,500,229.17,200,229.16,100,229.15,100,229.01,500,,,,,,,,,229.85,100,229.92,200,229.99,100,230.0,100,230.01,500,230.18,200,230.2,400,230.21,300,230.22,200,230.38,200
2026-01-16 09:34:26,229.66,229.66,1,229.47,500,229.85,100,229.85,229.47,229.47,500,229.46,500,229.17,200,229.16,100,229.15,100,229.01,500,,,,,,,,,229.85,100,229.92,200,229.99,100,230.0,100,230.01,500,230.18,200,230.2,400,230.21,300,230.22,200,230.38,200
2026-01-16 09:34:27,229.66,229.66,14,229.47,500,229.85,100,229.85,229.47,229.47,500,229.46,500,229.17,200,229.16,100,229.15,100,229.01,500,,,,,,,,,229.85,100,229.92,200,229.99,100,230.0,100,230.01,500,230.18,200,230.2,400,230.21,300,230.22,200,230.38,200
2026-01-16 09:34:28,229.66,229.77,2,229.47,500,229.85,100,229.85,229.47,229.47,500,229.46,500,229.17,200,229.16,100,229.15,100,229.01,500,,,,,,,,,229.85,100,229.92,200,229.99,100,230.0,100,230.01,500,230.18,200,230.2,400,230.21,300,230.22,200,230.38,200
2026-01-16 09:34:29,229.845,229.85,10,229.77,500,229.92,200,229.92,229.77,229.77,500,229.48,500,229.47,500,229.46,500,229.17,200,229.16,100,229.15,100,229.01,500,,,,,229.92,200,229.99,100,230.0,100,230.01,500,230.18,200,230.2,400,230.21,300,230.22,200,230.38,200,230.39,100
2026-01-16 09:34:30,229.675,229.72,1,229.47,600,229.88,200,229.88,229.47,229.47,600,229.46,500,229.17,200,229.16,100,229.15,100,229.01,500,,,,,,,,,229.88,200,229.99,200,230.0,100,230.01,500,230.18,200,230.2,400,230.21,300,230.22,200,230.38,200,230.39,100
2026-01-16 09:34:31,229.675,229.62,2,229.58,100,229.77,500,229.77,229.58,229.58,100,229.47,600,229.46,500,229.17,200,229.16,100,229.15,100,229.01,500,,,,,,,229.77,500,229.87,100,229.88,200,229.99,200,230.0,100,230.01,500,230.18,200,230.2,400,230.21,300,230.22,200
2026-01-16 09:34:32,229.675,229.62,2,229.58,100,229.77,700,229.77,229.58,229.58,100,229.47,600,229.46,500,229.17,200,229.16,100,229.15,100,229.01,500,,,,,,,229.77,700,229.87,100,229.88,200,229.99,200,230.0,100,230.01,500,230.18,200,230.2,400,230.21,300,230.22,200
2026-01-16 09:34:33,229.675,229.62,2,229.58,100,229.77,700,229.77,229.58,229.58,100,229.47,600,229.46,500,229.17,200,229.16,100,229.15,100,229.01,500,,,,,,,229.77,700,229.87,100,229.88,200,229.99,200,230.0,100,230.01,500,230.18,200,230.2,400,230.21,300,230.22,200
2026-01-16 09:34:34,229.76,229.77,1,229.68,100,229.84,100,229.84,229.68,229.68,100,229.62,100,229.58,200,229.47,600,229.46,500,229.17,200,229.16,100,229.15,100,229.01,500,,,229.84,100,229.87,100,229.88,200,229.99,200,230.0,100,230.01,500,230.18,200,230.2,400,230.21,300,230.22,200
2026-01-16 09:34:35,229.76,229.77,1,229.68,100,229.84,100,229.84,229.68,229.68,100,229.62,100,229.58,200,229.47,600,229.46,500,229.17,200,229.16,100,229.15,100,229.01,500,,,229.84,100,229.87,100,229.88,200,229.99,200,230.0,100,230.01,500,230.18,200,230.2,400,230.21,300,230.22,200
2026-01-16 09:34:36,229.76,229.71,5,229.68,200,229.84,100,229.84,229.68,229.68,200,229.62,100,229.58,200,229.47,600,229.46,500,229.17,200,229.16,100,229.15,100,229.01,500,,,229.84,100,229.87,100,229.88,200,229.99,200,230.0,100,230.01,500,230.18,200,230.2,400,230.21,300,230.22,200
2026-01-16 09:34:37,229.77,229.74,1,229.7,100,229.84,300,229.84,229.7,229.7,100,229.69,100,229.68,200,229.62,100,229.58,200,229.47,600,229.46,500,229.17,200,229.16,100,229.15,100,229.84,300,229.87,100,229.88,200,229.99,200,230.0,100,230.01,500,230.18,200,230.2,400,230.21,300,230.22,200
2026-01-16 09:34:38,229.8,229.77,1,229.68,300,229.92,100,229.92,229.68,229.68,300,229.62,100,229.58,200,229.47,600,229.46,500,229.17,200,229.16,100,229.15,100,229.01,500,,,229.92,100,229.99,200,230.0,100,230.01,500,230.18,200,230.2,400,230.21,300,230.22,200,230.38,200,230.39,100
2026-01-16 09:34:39,229.695,229.7,2,229.47,600,229.92,100,229.92,229.47,229.47,600,229.46,500,229.17,200,229.16,100,229.15,100,229.01,500,,,,,,,,,229.92,100,229.99,200,230.0,100,230.01,500,230.18,200,230.2,400,230.21,300,230.22,200,230.38,200,230.39,100
2026-01-16 09:34:40,229.61,229.55,1,229.31,100,229.91,200,229.91,229.31,229.31,100,229.1,200,229.01,500,,,,,,,,,,,,,,,229.91,200,229.92,200,229.99,200,230.0,100,230.01,500,230.18,200,230.2,400,230.21,300,230.22,200,230.38,200
2026-01-16 09:34:41,229.615,229.61,6,229.32,100,229.91,500,229.91,229.32,229.32,100,229.31,100,229.1,200,229.01,500,,,,,,,,,,,,,229.91,500,229.92,200,229.99,200,230.0,100,230.01,500,230.18,200,230.2,400,230.21,300,230.22,200,230.38,200
2026-01-16 09:34:42,229.625,229.63,9,229.34,100,229.91,900,229.91,229.34,229.34,100,229.33,100,229.32,100,229.31,100,229.1,200,229.01,500,,,,,,,,,229.91,900,229.92,200,229.99,200,230.0,100,230.01,500,230.18,200,230.2,400,230.21,300,230.22,200,230.38,200
2026-01-16 09:34:43,229.22,229.22,1,229.1,200,229.34,200,229.34,229.1,229.1,200,229.01,500,,,,,,,,,,,,,,,,,229.34,200,229.54,200,229.56,300,229.63,500,229.91,900,229.92,200,229.99,200,230.0,100,230.01,500,230.18,200
2026-01-16 09:34:44,229.255,229.22,1,229.17,100,229.34,200,229.34,229.17,229.17,100,229.1,200,229.01,500,,,,,,,,,,,,,,,229.34,200,229.54,200,229.56,300,229.63,500,229.91,900,229.92,200,229.99,200,230.0,100,230.01,500,230.18,200
2026-01-16 09:34:45,229.355,229.42,1,229.17,200,229.54,400,229.54,229.17,229.17,200,229.1,200,229.01,500,,,,,,,,,,,,,,,229.54,400,229.56,300,229.63,500,229.91,900,229.92,200,229.99,200,230.0,100,230.01,500,230.18,200,230.2,400
2026-01-16 09:34:46,229.36,229.36,1,229.18,200,229.54,500,229.54,229.18,229.18,200,229.17,200,229.1,200,229.01,500,,,,,,,,,,,,,229.54,500,229.56,300,229.63,500,229.91,900,229.92,200,229.99,200,230.0,100,230.01,500,230.18,200,230.2,400
2026-01-16 09:34:47,229.32,229.19,1,229.1,200,229.54,1300,229.54,229.1,229.1,200,229.01,500,,,,,,,,,,,,,,,,,229.54,1300,229.56,300,229.63,500,229.91,900,229.92,200,229.99,200,230.0,100,230.01,500,230.18,200,230.2,400
2026-01-16 09:34:48,229.32,229.19,1,229.1,200,229.54,1300,229.54,229.1,229.1,200,229.01,500,,,,,,,,,,,,,,,,,229.54,1300,229.56,300,229.63,500,229.91,900,229.92,200,229.99,200,230.0,100,230.01,500,230.18,200,230.2,400
2026-01-16 09:34:49,229.355,229.3,5,229.17,100,229.54,1300,229.54,229.17,229.17,100,229.1,200,229.01,500,,,,,,,,,,,,,,,229.54,1300,229.56,300,229.63,500,229.91,900,229.92,200,229.99,200,230.0,100,230.01,500,230.18,200,230.2,400
2026-01-16 09:34:50,229.355,229.54,9,229.17,100,229.54,1300,229.54,229.17,229.17,100,229.1,200,229.01,500,,,,,,,,,,,,,,,229.54,1300,229.56,300,229.63,500,229.91,900,229.92,200,229.99,200,230.0,100,230.01,500,230.18,200,230.2,400
2026-01-16 09:34:51,229.4,229.54,9,229.17,100,229.63,600,229.63,229.17,229.17,100,229.1,200,229.01,500,,,,,,,,,,,,,,,229.63,600,229.91,900,229.92,200,229.99,200,230.0,100,230.01,500,230.18,200,230.2,400,230.21,300,230.22,200
2026-01-16 09:34:52,229.24,229.6,1,229.17,100,229.31,800,229.31,229.17,229.17,100,229.1,200,229.01,500,,,,,,,,,,,,,,,229.31,800,229.35,600,229.43,200,229.62,100,229.63,400,229.91,900,229.92,200,229.99,200,230.0,100,230.01,500
2026-01-16 09:34:53,229.18,229.18,1,229.12,100,229.24,300,229.24,229.12,229.12,100,229.1,200,229.01,500,,,,,,,,,,,,,,,229.24,300,229.31,800,229.35,600,229.43,200,229.62,100,229.63,400,229.91,900,229.92,200,229.99,200,230.0,100
2026-01-16 09:34:54,229.18,229.18,1,229.12,100,229.24,300,229.24,229.12,229.12,100,229.1,200,229.01,500,,,,,,,,,,,,,,,229.24,300,229.31,800,229.35,600,229.43,200,229.62,100,229.63,400,229.91,900,229.92,200,229.99,200,230.0,100
2026-01-16 09:34:55,229.16,229.16,1,229.01,400,229.31,400,229.31,229.01,229.01,400,,,,,,,,,,,,,,,,,,,229.31,400,229.35,600,229.43,200,229.62,100,229.63,400,229.91,900,229.92,200,229.99,200,230.0,100,230.01,500
2026-01-16 09:34:56,229.16,229.16,1,229.01,400,229.31,400,229.31,229.01,229.01,400,,,,,,,,,,,,,,,,,,,229.31,400,229.35,600,229.43,200,229.62,100,229.63,400,229.91,900,229.92,200,229.99,200,230.0,100,230.01,500
2026-01-16 09:34:57,229.16,229.16,2,229.01,400,229.31,700,229.31,229.01,229.01,400,,,,,,,,,,,,,,,,,,,229.31,700,229.35,600,229.43,200,229.62,100,229.63,400,229.91,900,229.92,200,229.99,200,230.0,100,230.01,500
2026-01-16 09:34:58,229.16,229.17,1,229.01,400,229.31,700,229.31,229.01,229.01,400,,,,,,,,,,,,,,,,,,,229.31,700,229.35,600,229.43,200,229.62,100,229.63,400,229.91,900,229.92,200,229.99,200,230.0,100,230.01,500
2026-01-16 09:34:59,229.16,229.17,1,229.01,400,229.31,700,229.31,229.01,229.01,400,,,,,,,,,,,,,,,,,,,229.31,700,229.35,600,229.43,200,229.62,100,229.63,400,229.91,900,229.92,200,229.99,200,230.0,100,230.01,500
2026-01-16 09:35:00,228.99,228.86,3,228.75,100,229.23,100,229.23,228.75,228.75,100,,,,,,,,,,,,,,,,,,,229.23,100,229.29,100,229.31,700,229.35,600,229.43,200,229.62,100,229.63,400,229.91,900,229.92,200,229.99,200
2026-01-16 09:35:01,228.795,228.81,1,228.71,300,228.88,200,228.88,228.71,228.71,300,228.7,600,,,,,,,,,,,,,,,,,228.88,200,228.96,100,229.0,100,229.01,200,229.11,100,229.23,200,229.29,100,229.31,700,229.35,600,229.43,200
2026-01-16 09:35:02,228.98,228.97,1,228.92,300,229.04,200,229.04,228.92,228.92,300,228.91,300,228.9,300,228.89,300,228.88,300,228.71,300,228.7,600,,,,,,,229.04,200,229.11,100,229.23,200,229.29,100,229.31,700,229.35,600,229.43,200,229.62,100,229.63,400,229.91,900
2026-01-16 09:35:03,228.87,229.0,2,228.77,200,228.97,300,228.97,228.77,228.77,200,228.71,300,228.7,600,,,,,,,,,,,,,,,228.97,300,229.0,100,229.01,400,229.03,100,229.04,200,229.11,100,229.23,200,229.29,100,229.31,700,229.35,600
2026-01-16 09:35:04,228.89,229.01,2,228.77,300,229.01,100,229.01,228.77,228.77,300,228.71,300,228.7,600,,,,,,,,,,,,,,,229.01,100,229.04,100,229.11,100,229.23,200,229.29,100,229.31,700,229.35,600,229.43,200,229.62,100,229.63,400
2026-01-16 09:35:05,228.89,229.01,2,228.77,300,229.01,100,229.01,228.77,228.77,300,228.71,300,228.7,600,,,,,,,,,,,,,,,229.01,100,229.04,100,229.11,100,229.23,200,229.29,100,229.31,700,229.35,600,229.43,200,229.62,100,229.63,400
2026-01-16 09:35:06,228.89,229.01,2,228.77,300,229.01,100,229.01,228.77,228.77,300,228.71,300,228.7,600,,,,,,,,,,,,,,,229.01,100,229.04,100,229.11,100,229.23,200,229.29,100,229.31,700,229.35,600,229.43,200,229.62,100,229.63,400
2026-01-16 09:35:07,229.03,229.03,3,228.81,100,229.25,500,229.25,228.81,228.81,100,228.77,300,228.71,300,228.7,600,,,,,,,,,,,,,229.25,500,229.28,100,229.29,100,229.31,700,229.35,600,229.43,200,229.62,100,229.63,400,229.91,900,229.92,200
2026-01-16 09:35:08,229.03,229.03,5,228.81,100,229.25,500,229.25,228.81,228.81,100,228.77,300,228.71,300,228.7,600,,,,,,,,,,,,,229.25,500,229.28,100,229.29,100,229.31,700,229.35,600,229.43,200,229.62,100,229.63,400,229.91,900,229.92,200
2026-01-16 09:35:09,229.07,229.07,1,228.89,100,229.25,500,229.25,228.89,228.89,100,228.81,100,228.77,300,228.71,300,228.7,600,,,,,,,,,,,229.25,500,229.28,100,229.29,100,229.31,700,229.35,600,229.43,200,229.62,100,229.63,400,229.91,900,229.92,200
2026-01-16 09:35:10,229.035,229.2,1,228.89,100,229.18,400,229.18,228.89,228.89,100,228.81,100,228.77,300,228.71,300,228.7,600,,,,,,,,,,,229.18,400,229.25,600,229.28,100,229.29,100,229.31,700,229.35,600,229.43,200,229.62,100,229.63,400,229.91,900
2026-01-16 09:35:11,229.095,229.04,5,229.01,200,229.18,400,229.18,229.01,229.01,200,228.89,100,228.81,100,228.77,300,228.71,300,228.7,600,,,,,,,,,229.18,400,229.25,600,229.28,100,229.29,100,229.31,700,229.35,600,229.43,200,229.62,100,229.63,400,229.91,900
2026-01-16 09:35:12,229.1,229.04,5,229.02,200,229.18,400,229.18,229.02,229.02,200,229.01,200,228.89,100,228.81,100,228.77,300,228.71,300,228.7,600,,,,,,,229.18,400,229.25,600,229.28,100,229.29,100,229.31,700,229.35,600,229.43,200,229.62,100,229.63,400,229.91,900
2026-01-16 09:35:13,228.83,228.57,1,228.48,100,229.18,300,229.18,228.48,228.48,100,,,,,,,,,,,,,,,,,,,229.18,300,229.34,300,229.42,100,229.54,700,229.62,100,229.63,400,229.91,900,229.92,200,229.99,200,230.0,100
2026-01-16 09:35:14,228.575,228.43,1,228.43,300,228.72,100,228.72,228.43,228.43,300,,,,,,,,,,,,,,,,,,,228.72,100,228.73,100,228.85,200,228.93,200,229.18,400,229.34,300,229.42,100,229.54,700,229.62,100,229.63,400
2026-01-16 09:35:15,228.575,228.43,1,228.43,300,228.72,100,228.72,228.43,228.43,300,,,,,,,,,,,,,,,,,,,228.72,100,228.73,100,228.85,200,228.93,200,229.18,400,229.34,300,229.42,100,229.54,700,229.62,100,229.63,400
2026-01-16 09:35:16,228.575,228.43,1,228.43,300,228.72,300,228.72,228.43,228.43,300,,,,,,,,,,,,,,,,,,,228.72,300,228.73,100,228.85,200,228.93,200,229.18,400,229.34,300,229.42,100,229.54,700,229.62,100,229.63,400
2026-01-16 09:35:17,228.575,228.58,1,228.43,300,228.72,300,228.72,228.43,228.43,300,,,,,,,,,,,,,,,,,,,228.72,300,228.73,100,228.85,200,228.93,200,229.18,400,229.34,300,229.42,100,229.54,700,229.62,100,229.63,400
2026-01-16 09:35:18,228.575,228.71,1,228.43,300,228.72,200,228.72,228.43,228.43,300,,,,,,,,,,,,,,,,,,,228.72,200,228.73,100,228.85,200,228.93,200,229.18,400,229.34,300,229.42,100,229.54,700,229.62,100,229.63,400
2026-01-16 09:35:19,228.395,228.42,1,228.35,100,228.44,100,228.44,228.35,228.35,100,,,,,,,,,,,,,,,,,,,228.44,100,228.5,200,228.56,200,228.62,100,228.72,200,228.73,100,228.85,200,228.93,200,229.18,400,229.34,300
2026-01-16 09:35:20,228.575,228.56,1,228.43,800,228.72,200,228.72,228.43,228.43,800,228.35,100,,,,,,,,,,,,,,,,,228.72,200,228.73,100,228.85,200,228.93,200,229.18,400,229.34,300,229.42,100,229.54,700,229.62,100,229.63,400
2026-01-16 09:35:21,228.605,228.58,1,228.49,300,228.72,300,228.72,228.49,228.49,300,228.43,800,228.35,100,,,,,,,,,,,,,,,228.72,300,228.73,100,228.85,200,228.93,200,229.18,400,229.34,300,229.42,100,229.54,700,229.62,100,229.63,400
2026-01-16 09:35:22,228.64,228.64,1,228.56,300,228.72,400,228.72,228.56,228.56,300,228.49,300,228.43,800,228.35,100,,,,,,,,,,,,,228.72,400,228.73,100,228.85,200,228.93,200,229.18,400,229.34,300,229.42,100,229.54,700,229.62,100,229.63,400
2026-01-16 09:35:23,228.64,228.64,1,228.56,300,228.72,400,228.72,228.56,228.56,300,228.49,300,228.43,800,228.35,100,,,,,,,,,,,,,228.72,400,228.73,100,228.85,200,228.93,200,229.18,400,229.34,300,229.42,100,229.54,700,229.62,100,229.63,400
2026-01-16 09:35:24,228.645,228.64,4,228.57,500,228.72,500,228.72,228.57,228.57,500,228.56,300,228.49,300,228.43,800,228.35,100,,,,,,,,,,,228.72,500,228.73,100,228.85,200,228.93,200,229.18,400,229.34,300,229.42,100,229.54,700,229.62,100,229.63,400
2026-01-16 09:35:25,228.585,228.59,1,228.45,100,228.72,400,228.72,228.45,228.45,100,228.43,800,228.35,100,,,,,,,,,,,,,,,228.72,400,228.73,100,228.85,200,228.93,200,229.18,400,229.34,300,229.42,100,229.54,700,229.62,100,229.63,400
2026-01-16 09:35:26,228.65,228.59,1,228.58,300,228.72,500,228.72,228.58,228.58,300,228.57,300,228.45,100,228.43,800,228.35,100,,,,,,,,,,,228.72,500,228.73,100,228.85,200,228.93,200,229.18,400,229.34,300,229.42,100,229.54,700,229.62,100,229.63,400
2026-01-16 09:35:27,228.65,228.65,1,228.58,300,228.72,600,228.72,228.58,228.58,300,228.57,300,228.45,100,228.43,800,228.35,100,,,,,,,,,,,228.72,600,228.73,100,228.85,200,228.93,200,229.18,400,229.34,300,229.42,100,229.54,700,229.62,100,229.63,400
2026-01-16 09:35:28,228.73,228.73,1,228.6,300,228.86,100,228.86,228.6,228.6,300,228.59,300,228.58,300,228.57,300,228.45,100,228.43,800,228.35,100,,,,,,,228.86,100,228.93,200,229.18,400,229.34,300,229.42,100,229.54,700,229.62,100,229.63,400,229.91,900,229.92,200
2026-01-16 09:35:29,228.725,228.73,1,228.6,400,228.85,100,228.85,228.6,228.6,400,228.49,100,228.45,100,228.43,800,228.35,100,,,,,,,,,,,228.85,100,228.86,100,228.93,200,229.18,400,229.34,300,229.42,100,229.54,700,229.62,100,229.63,400,229.91,900
2026-01-16 09:35:30,228.695,228.74,1,228.59,100,228.8,100,228.8,228.59,228.59,100,228.49,100,228.45,100,228.43,800,228.35,100,,,,,,,,,,,228.8,100,228.85,100,228.86,100,228.93,200,229.18,400,229.34,300,229.42,100,229.54,700,229.62,100,229.63,400
2026-01-16 09:35:31,228.745,228.75,1,228.64,200,228.85,200,228.85,228.64,228.64,200,228.6,100,228.59,100,228.49,100,228.45,100,228.43,800,228.35,100,,,,,,,228.85,200,228.86,100,228.93,200,229.18,400,229.34,300,229.42,100,229.54,700,229.62,100,229.63,400,229.91,900
2026-01-16 09:35:32,228.79,228.79,1,228.73,400,228.85,200,228.85,228.73,228.73,400,228.64,200,228.6,100,228.59,100,228.49,100,228.45,100,228.43,800,228.35,100,,,,,228.85,200,228.86,100,228.93,200,229.18,400,229.34,300,229.42,100,229.54,700,229.62,100,229.63,400,229.91,900
2026-01-16 09:35:33,228.75,228.75,1,228.65,200,228.85,300,228.85,228.65,228.65,200,228.64,100,228.6,100,228.59,100,228.49,100,228.45,100,228.43,800,228.35,100,,,,,228.85,300,228.86,100,228.93,200,229.18,400,229.34,300,229.42,100,229.54,700,229.62,100,229.63,400,229.91,900
2026-01-16 09:35:34,228.755,228.76,1,228.66,200,228.85,300,228.85,228.66,228.66,200,228.65,200,228.64,100,228.6,100,228.59,100,228.49,100,228.45,100,228.43,800,228.35,100,,,228.85,300,228.86,100,228.93,200,229.18,400,229.34,300,229.42,100,229.54,700,229.62,100,229.63,400,229.91,900
2026-01-16 09:35:35,228.755,228.76,1,228.66,200,228.85,300,228.85,228.66,228.66,200,228.65,200,228.64,100,228.6,100,228.59,100,228.49,100,228.45,100,228.43,800,228.35,100,,,228.85,300,228.86,100,228.93,200,229.18,400,229.34,300,229.42,100,229.54,700,229.62,100,229.63,400,229.91,900
2026-01-16 09:35:36,228.65,228.65,1,228.45,100,228.85,200,228.85,228.45,228.45,100,228.43,800,228.35,100,,,,,,,,,,,,,,,228.85,200,228.86,100,228.93,200,229.18,400,229.34,300,229.42,100,229.54,700,229.62,100,229.63,400,229.91,900
2026-01-16 09:35:37,228.65,228.85,2,228.45,100,228.85,200,228.85,228.45,228.45,100,228.43,800,228.35,100,,,,,,,,,,,,,,,228.85,200,228.86,100,228.93,200,229.18,400,229.34,300,229.42,100,229.54,700,229.62,100,229.63,400,229.91,900
2026-01-16 09:35:38,228.61,228.61,1,228.43,800,228.79,100,228.79,228.43,228.43,800,228.35,100,,,,,,,,,,,,,,,,,228.79,100,228.85,100,228.86,100,228.93,200,229.18,400,229.34,300,229.42,100,229.54,700,229.62,100,229.63,400
2026-01-16 09:35:39,228.61,228.61,1,228.43,800,228.79,200,228.79,228.43,228.43,800,228.35,100,,,,,,,,,,,,,,,,,228.79,200,228.85,100,228.86,100,228.93,200,229.18,400,229.34,300,229.42,100,229.54,700,229.62,100,229.63,400
2026-01-16 09:35:40,228.61,228.61,1,228.43,800,228.79,300,228.79,228.43,228.43,800,228.35,100,,,,,,,,,,,,,,,,,228.79,300,228.85,100,228.86,100,228.93,200,229.18,400,229.34,300,229.42,100,229.54,700,229.62,100,229.63,400
2026-01-16 09:35:41,228.675,228.74,6,228.56,500,228.79,400,228.79,228.56,228.56,500,228.51,100,228.5,500,228.43,800,228.35,100,,,,,,,,,,,228.79,400,228.85,100,228.86,100,228.93,200,229.18,400,229.34,300,229.42,100,229.54,700,229.62,100,229.63,400
2026-01-16 09:35:42,228.785,228.79,1,228.71,200,228.86,100,228.86,228.71,228.71,200,228.67,200,228.61,100,228.57,100,228.56,100,228.43,800,228.35,100,,,,,,,228.86,100,228.93,200,229.18,400,229.34,300,229.42,100,229.54,700,229.62,100,229.63,400,229.91,900,229.92,200
2026-01-16 09:35:43,228.845,228.85,1,228.69,200,229.0,200,229.0,228.69,228.69,200,228.67,200,228.61,100,228.57,100,228.56,100,228.43,800,228.35,100,,,,,,,229.0,200,229.08,200,229.12,100,229.18,400,229.34,300,229.42,100,229.54,700,229.62,100,229.63,400,229.91,900
2026-01-16 09:35:44,228.81,228.81,1,228.69,300,228.93,900,228.93,228.69,228.69,300,228.67,200,228.61,100,228.57,100,228.56,100,228.43,800,228.35,100,,,,,,,228.93,900,228.97,100,229.0,200,229.08,200,229.12,100,229.18,400,229.34,300,229.42,100,229.54,700,229.62,100
2026-01-16 09:35:45,228.81,228.81,1,228.69,300,228.93,1000,228.93,228.69,228.69,300,228.67,200,228.61,100,228.57,100,228.56,100,228.43,800,228.35,100,,,,,,,228.93,1000,228.97,100,229.0,200,229.08,200,229.12,100,229.18,400,229.34,300,229.42,100,229.54,700,229.62,100
2026-01-16 09:35:46,229.08,229.27,33,228.89,200,229.27,500,229.27,228.89,228.89,200,228.73,100,228.69,300,228.67,200,228.61,100,228.57,100,228.56,100,228.43,800,228.35,100,,,229.27,500,229.34,300,229.42,100,229.54,700,229.62,100,229.63,400,229.91,900,229.92,200,229.99,200,230.0,100
2026-01-16 09:35:47,228.805,228.81,1,228.69,300,228.92,100,228.92,228.69,228.69,300,228.67,200,228.61,100,228.57,100,228.56,100,228.43,800,228.35,100,,,,,,,228.92,100,228.94,100,229.16,300,229.17,200,229.27,400,229.34,300,229.42,100,229.54,700,229.62,100,229.63,400
2026-01-16 09:35:48,228.78,228.87,1,228.69,300,228.87,100,228.87,228.69,228.69,300,228.67,200,228.61,100,228.57,100,228.56,100,228.43,800,228.35,100,,,,,,,228.87,100,228.92,100,228.94,100,229.16,300,229.17,200,229.27,400,229.34,300,229.42,100,229.54,700,229.62,100
2026-01-16 09:35:49,228.805,228.79,1,228.69,300,228.92,200,228.92,228.69,228.69,300,228.67,200,228.61,100,228.57,100,228.56,100,228.43,800,228.35,100,,,,,,,228.92,200,228.94,100,229.16,300,229.17,200,229.27,400,229.34,300,229.42,100,229.54,700,229.62,100,229.63,400
2026-01-16 09:35:50,228.805,228.79,1,228.69,300,228.92,200,228.92,228.69,228.69,300,228.67,200,228.61,100,228.57,100,228.56,100,228.43,800,228.35,100,,,,,,,228.92,200,228.94,100,229.16,300,229.17,200,229.27,400,229.34,300,229.42,100,229.54,700,229.62,100,229.63,400
2026-01-16 09:35:51,228.81,228.81,1,228.7,500,228.92,300,228.92,228.7,228.7,500,228.69,300,228.67,200,228.61,100,228.57,100,228.56,100,228.43,800,228.35,100,,,,,228.92,300,228.94,100,229.16,300,229.17,200,229.27,400,229.34,300,229.42,100,229.54,700,229.62,100,229.63,400
2026-01-16 09:35:52,228.9,228.9,1,228.8,500,229.0,500,229.0,228.8,228.8,500,228.71,500,228.7,500,228.69,300,228.67,200,228.61,100,228.57,100,228.56,100,228.43,800,228.35,100,229.0,500,229.16,300,229.17,200,229.27,400,229.34,300,229.42,100,229.54,700,229.62,100,229.63,400,229.91,900
2026-01-16 09:35:53,228.9,228.99,1,228.8,500,229.0,500,229.0,228.8,228.8,500,228.71,500,228.7,500,228.69,300,228.67,200,228.61,100,228.57,100,228.56,100,228.43,800,228.35,100,229.0,500,229.16,300,229.17,200,229.27,400,229.34,300,229.42,100,229.54,700,229.62,100,229.63,400,229.91,900
2026-01-16 09:35:54,228.9,228.99,1,228.8,500,229.0,500,229.0,228.8,228.8,500,228.71,500,228.7,500,228.69,300,228.67,200,228.61,100,228.57,100,228.56,100,228.43,800,228.35,100,229.0,500,229.16,300,229.17,200,229.27,400,229.34,300,229.42,100,229.54,700,229.62,100,229.63,400,229.91,900
2026-01-16 09:35:55,228.9,228.9,1,228.8,500,229.0,500,229.0,228.8,228.8,500,228.71,500,228.7,500,228.69,300,228.67,200,228.61,100,228.57,100,228.56,100,228.43,800,228.35,100,229.0,500,229.16,300,229.17,200,229.27,400,229.34,300,229.42,100,229.54,700,229.62,100,229.63,400,229.91,900
2026-01-16 09:35:56,228.9,228.88,1,228.8,600,229.0,500,229.0,228.8,228.8,600,228.71,500,228.7,500,228.69,300,228.67,200,228.61,100,228.57,100,228.56,100,228.43,800,228.35,100,229.0,500,229.16,300,229.17,200,229.27,400,229.34,300,229.42,100,229.54,700,229.62,100,229.63,400,229.91,900
2026-01-16 09:35:57,228.85,228.85,5,228.72,300,228.98,200,228.98,228.72,228.72,300,228.71,300,228.7,300,228.69,400,228.67,200,228.61,100,228.57,100,228.56,100,228.43,800,228.35,100,228.98,200,229.0,400,229.16,300,229.17,200,229.27,400,229.34,300,229.42,100,229.54,700,229.62,100,229.63,400
2026-01-16 09:35:58,228.835,228.92,3,228.69,400,228.98,500,228.98,228.69,228.69,400,228.67,200,228.61,100,228.57,100,228.56,100,228.43,800,228.35,100,,,,,,,228.98,500,229.0,400,229.16,300,229.17,200,229.27,400,229.34,300,229.42,100,229.54,700,229.62,100,229.63,400
2026-01-16 09:35:59,228.77,228.77,1,228.69,400,228.85,100,228.85,228.69,228.69,400,228.67,200,228.61,100,228.57,100,228.56,100,228.43,800,228.35,100,,,,,,,228.85,100,228.98,500,229.0,400,229.16,300,229.17,200,229.27,400,229.34,300,229.42,100,229.54,700,229.62,100
2026-01-16 09:36:00,228.77,228.77,1,228.69,400,228.85,100,228.85,228.69,228.69,400,228.67,200,228.61,100,228.57,100,228.56,100,228.43,800,228.35,100,,,,,,,228.85,100,228.98,500,229.0,400,229.16,300,229.17,200,229.27,400,229.34,300,229.42,100,229.54,700,229.62,100
2026-01-16 09:36:01,228.8,228.77,1,228.75,400,228.85,200,228.85,228.75,228.75,400,228.74,400,228.73,400,228.72,400,228.7,400,228.69,400,228.67,200,228.61,100,228.57,100,228.56,100,228.85,200,228.98,500,229.0,400,229.16,300,229.17,200,229.27,400,229.34,300,229.42,100,229.54,700,229.62,100
2026-01-16 09:36:02,228.82,228.81,2,228.72,100,228.92,100,228.92,228.72,228.72,100,228.71,100,228.7,200,228.69,300,228.67,200,228.61,100,228.57,100,228.56,100,228.43,800,228.35,100,228.92,100,228.96,100,229.0,400,229.16,300,229.17,200,229.27,400,229.34,300,229.42,100,229.54,700,229.62,100
2026-01-16 09:36:03,228.84,228.87,1,228.69,400,228.99,200,228.99,228.69,228.69,400,228.67,200,228.61,100,228.57,100,228.56,100,228.43,800,228.35,100,,,,,,,228.99,200,229.0,400,229.16,300,229.17,200,229.27,400,229.34,300,229.42,100,229.54,700,229.62,100,229.63,400
2026-01-16 09:36:04,228.845,228.96,1,228.69,400,229.0,400,229.0,228.69,228.69,400,228.67,200,228.61,100,228.57,100,228.56,100,228.43,800,228.35,100,,,,,,,229.0,400,229.16,300,229.17,200,229.27,400,229.34,300,229.42,100,229.54,700,229.62,100,229.63,400,229.91,900
2026-01-16 09:36:05,228.9,228.96,1,228.8,300,229.0,400,229.0,228.8,228.8,300,228.69,400,228.67,200,228.61,100,228.57,100,228.56,100,228.43,800,228.35,100,,,,,229.0,400,229.16,300,229.17,200,229.27,400,229.34,300,229.42,100,229.54,700,229.62,100,229.63,400,229.91,900
2026-01-16 09:36:06,229.02,229.02,1,228.89,200,229.15,300,229.15,228.89,228.89,200,228.85,100,228.8,300,228.69,400,228.67,200,228.61,100,228.57,100,228.56,100,228.43,800,228.35,100,229.15,300,229.17,300,229.27,400,229.34,300,229.42,100,229.54,700,229.62,100,229.63,400,229.91,900,229.92,200
2026-01-16 09:36:07,229.02,229.02,1,228.89,200,229.15,300,229.15,228.89,228.89,200,228.85,100,228.8,300,228.69,400,228.67,200,228.61,100,228.57,100,228.56,100,228.43,800,228.35,100,229.15,300,229.17,300,229.27,400,229.34,300,229.42,100,229.54,700,229.62,100,229.63,400,229.91,900,229.92,200
2026-01-16 09:36:08,229.02,229.14,1,228.89,200,229.15,300,229.15,228.89,228.89,200,228.85,100,228.8,300,228.69,400,228.67,200,228.61,100,228.57,100,228.56,100,228.43,800,228.35,100,229.15,300,229.17,300,229.27,400,229.34,300,229.42,100,229.54,700,229.62,100,229.63,400,229.91,900,229.92,200
2026-01-16 09:36:09,229.02,229.14,1,228.89,200,229.15,300,229.15,228.89,228.89,200,228.85,100,228.8,300,228.69,400,228.67,200,228.61,100,228.57,100,228.56,100,228.43,800,228.35,100,229.15,300,229.17,300,229.27,400,229.34,300,229.42,100,229.54,700,229.62,100,229.63,400,229.91,900,229.92,200
2026-01-16 09:36:10,228.99,228.99,1,228.89,200,229.09,400,229.09,228.89,228.89,200,228.85,100,228.8,300,228.69,400,228.67,200,228.61,100,228.57,100,228.56,100,228.43,800,228.35,100,229.09,400,229.15,600,229.17,300,229.27,400,229.34,300,229.42,100,229.54,700,229.62,100,229.63,400,229.91,900
2026-01-16 09:36:11,229.07,229.07,1,228.99,200,229.15,700,229.15,228.99,228.99,200,228.89,200,228.85,100,228.8,300,228.69,400,228.67,200,228.61,100,228.57,100,228.56,100,228.43,800,229.15,700,229.17,300,229.27,400,229.34,300,229.42,100,229.54,700,229.62,100,229.63,400,229.91,900,229.92,200
2026-01-16 09:36:12,228.97,228.97,1,228.89,300,229.05,300,229.05,228.89,228.89,300,228.85,100,228.8,300,228.69,400,228.67,200,228.61,100,228.57,100,228.56,100,228.43,800,228.35,100,229.05,300,229.15,700,229.17,300,229.27,400,229.34,300,229.42,100,229.54,700,229.62,100,229.63,400,229.91,900
2026-01-16 09:36:13,228.97,228.97,1,228.89,800,229.05,500,229.05,228.89,228.89,800,228.8,400,228.69,400,228.67,200,228.61,100,228.57,100,228.56,100,228.43,800,228.35,100,,,229.05,500,229.15,700,229.17,300,229.27,400,229.34,300,229.42,100,229.54,700,229.62,100,229.63,400,229.91,900
2026-01-16 09:36:14,228.97,228.97,1,228.89,800,229.05,500,229.05,228.89,228.89,800,228.8,400,228.69,400,228.67,200,228.61,100,228.57,100,228.56,100,228.43,800,228.35,100,,,229.05,500,229.15,700,229.17,300,229.27,400,229.34,300,229.42,100,229.54,700,229.62,100,229.63,400,229.91,900
2026-01-16 09:36:15,229.09,229.09,1,228.93,200,229.25,300,229.25,228.93,228.93,200,228.89,800,228.8,400,228.69,400,228.67,200,228.61,100,228.57,100,228.56,100,228.43,800,228.35,100,229.25,300,229.27,400,229.34,300,229.42,100,229.54,700,229.62,100,229.63,400,229.91,900,229.92,200,229.99,200
2026-01-16 09:36:16,229.09,229.24,1,228.93,200,229.25,600,229.25,228.93,228.93,200,228.89,800,228.8,400,228.69,400,228.67,200,228.61,100,228.57,100,228.56,100,228.43,800,228.35,100,229.25,600,229.27,400,229.34,300,229.42,100,229.54,700,229.62,100,229.63,400,229.91,900,229.92,200,229.99,200
2026-01-16 09:36:17,229.15,229.24,1,228.94,300,229.36,300,229.36,228.94,228.94,300,228.93,200,228.89,800,228.8,400,228.69,400,228.67,200,228.61,100,228.57,100,228.56,100,228.43,800,229.36,300,229.42,100,229.54,700,229.62,100,229.63,400,229.91,900,229.92,200,229.99,200,230.0,100,230.01,500
2026-01-16 09:36:18,229.11,229.15,1,228.93,200,229.29,500,229.29,228.93,228.93,200,228.89,800,228.8,400,228.69,400,228.67,200,228.61,100,228.57,100,228.56,100,228.43,800,228.35,100,229.29,500,229.36,300,229.42,100,229.54,700,229.62,100,229.63,400,229.91,900,229.92,200,229.99,200,230.0,100
2026-01-16 09:36:19,229.085,229.19,2,228.93,200,229.24,300,229.24,228.93,228.93,200,228.89,800,228.8,400,228.69,400,228.67,200,228.61,100,228.57,100,228.56,100,228.43,800,228.35,100,229.24,300,229.29,500,229.36,300,229.42,100,229.54,700,229.62,100,229.63,400,229.91,900,229.92,200,229.99,200
2026-01-16 09:36:20,229.11,229.11,1,228.93,200,229.29,600,229.29,228.93,228.93,200,228.89,800,228.8,400,228.69,400,228.67,200,228.61,100,228.57,100,228.56,100,228.43,800,228.35,100,229.29,600,229.36,300,229.42,100,229.54,700,229.62,100,229.63,400,229.91,900,229.92,200,229.99,200,230.0,100
2026-01-16 09:36:21,229.18,229.28,1,229.07,400,229.29,600,229.29,229.07,229.07,400,228.93,200,228.89,800,228.8,400,228.69,400,228.67,200,228.61,100,228.57,100,228.56,100,228.43,800,229.29,600,229.36,300,229.42,100,229.54,700,229.62,100,229.63,400,229.91,900,229.92,200,229.99,200,230.0,100
2026-01-16 09:36:22,229.095,229.24,2,228.93,200,229.26,600,229.26,228.93,228.93,200,228.89,800,228.8,400,228.69,400,228.67,200,228.61,100,228.57,100,228.56,100,228.43,800,228.35,100,229.26,600,229.27,300,229.29,400,229.36,300,229.42,100,229.54,700,229.62,100,229.63,400,229.91,900,229.92,200
2026-01-16 09:36:23,229.065,229.17,1,228.95,800,229.18,300,229.18,228.95,228.95,800,228.93,200,228.89,800,228.8,400,228.69,400,228.67,200,228.61,100,228.57,100,228.56,100,228.43,800,229.18,300,229.25,400,229.26,600,229.27,300,229.29,400,229.36,300,229.42,100,229.54,700,229.62,100,229.63,400
2026-01-16 09:36:25,228.935,228.94,8,228.8,400,229.07,600,229.07,228.8,228.8,400,228.69,400,228.67,200,228.61,100,228.57,100,228.56,100,228.43,800,228.35,100,,,,,229.07,600,229.18,600,229.25,400,229.26,600,229.27,300,229.29,400,229.36,300,229.42,100,229.54,700,229.62,100
2026-01-16 09:36:26,228.935,228.98,1,228.8,400,229.07,600,229.07,228.8,228.8,400,228.69,400,228.67,200,228.61,100,228.57,100,228.56,100,228.43,800,228.35,100,,,,,229.07,600,229.18,600,229.25,400,229.26,600,229.27,300,229.29,400,229.36,300,229.42,100,229.54,700,229.62,100
2026-01-16 09:36:27,228.955,228.98,1,228.84,600,229.07,600,229.07,228.84,228.84,600,228.8,400,228.69,400,228.67,200,228.61,100,228.57,100,228.56,100,228.43,800,228.35,100,,,229.07,600,229.18,600,229.25,400,229.26,600,229.27,300,229.29,400,229.36,300,229.42,100,229.54,700,229.62,100
2026-01-16 09:36:28,228.955,228.98,1,228.84,600,229.07,700,229.07,228.84,228.84,600,228.8,400,228.69,400,228.67,200,228.61,100,228.57,100,228.56,100,228.43,800,228.35,100,,,229.07,700,229.18,600,229.25,400,229.26,600,229.27,300,229.29,400,229.36,300,229.42,100,229.54,700,229.62,100
2026-01-16 09:36:29,228.925,228.93,2,228.84,200,229.01,200,229.01,228.84,228.84,200,228.8,400,228.69,400,228.67,200,228.61,100,228.57,100,228.56,100,228.43,800,228.35,100,,,229.01,200,229.09,100,229.14,100,229.18,900,229.25,400,229.26,600,229.27,300,229.29,400,229.36,300,229.42,100
2026-01-16 09:36:30,228.925,228.93,1,228.84,200,229.01,400,229.01,228.84,228.84,200,228.8,400,228.69,400,228.67,200,228.61,100,228.57,100,228.56,100,228.43,800,228.35,100,,,229.01,400,229.09,100,229.14,100,229.18,900,229.25,400,229.26,600,229.27,300,229.29,400,229.36,300,229.42,100
2026-01-16 09:36:31,228.925,228.93,1,228.84,200,229.01,900,229.01,228.84,228.84,200,228.8,400,228.69,400,228.67,200,228.61,100,228.57,100,228.56,100,228.43,800,228.35,100,,,229.01,900,229.09,100,229.14,100,229.18,900,229.25,400,229.26,600,229.27,300,229.29,400,229.36,300,229.42,100
2026-01-16 09:36:32,228.945,228.93,1,228.88,500,229.01,900,229.01,228.88,228.88,500,228.84,200,228.8,400,228.69,400,228.67,200,228.61,100,228.57,100,228.56,100,228.43,800,228.35,100,229.01,900,229.09,100,229.14,100,229.18,900,229.25,400,229.26,600,229.27,300,229.29,400,229.36,300,229.42,100
2026-01-16 09:36:33,228.945,228.93,1,228.88,500,229.01,900,229.01,228.88,228.88,500,228.84,200,228.8,400,228.69,400,228.67,200,228.61,100,228.57,100,228.56,100,228.43,800,228.35,100,229.01,900,229.09,100,229.14,100,229.18,900,229.25,400,229.26,600,229.27,300,229.29,400,229.36,300,229.42,100
2026-01-16 09:36:34,229.115,229.09,2,229.05,100,229.18,1100,229.18,229.05,229.05,100,229.0,100,228.84,200,228.8,400,228.69,400,228.67,200,228.61,100,228.57,100,228.56,100,228.43,800,229.18,1100,229.25,400,229.26,600,229.27,300,229.29,400,229.36,300,229.42,100,229.54,700,229.62,100,229.63,400
2026-01-16 09:36:35,229.17,229.12,1,229.01,100,229.33,600,229.33,229.01,229.01,100,228.9,100,228.84,200,228.8,400,228.69,400,228.67,200,228.61,100,228.57,100,228.56,100,228.43,800,229.33,600,229.4,800,229.42,100,229.54,700,229.62,100,229.63,400,229.91,900,229.92,200,229.99,200,230.0,100
2026-01-16 09:36:36,229.065,229.07,1,228.9,200,229.23,400,229.23,228.9,228.9,200,228.84,200,228.8,400,228.69,400,228.67,200,228.61,100,228.57,100,228.56,100,228.43,800,228.35,100,229.23,400,229.33,600,229.4,800,229.42,100,229.54,700,229.62,100,229.63,400,229.91,900,229.92,200,229.99,200
2026-01-16 09:36:37,229.035,229.03,1,228.9,200,229.17,200,229.17,228.9,228.9,200,228.84,200,228.8,400,228.69,400,228.67,200,228.61,100,228.57,100,228.56,100,228.43,800,228.35,100,229.17,200,229.19,200,229.23,600,229.33,600,229.4,800,229.42,100,229.54,700,229.62,100,229.63,400,229.91,900
2026-01-16 09:36:38,229.035,229.03,1,228.9,200,229.17,200,229.17,228.9,228.9,200,228.84,200,228.8,400,228.69,400,228.67,200,228.61,100,228.57,100,228.56,100,228.43,800,228.35,100,229.17,200,229.19,200,229.23,600,229.33,600,229.4,800,229.42,100,229.54,700,229.62,100,229.63,400,229.91,900
2026-01-16 09:36:39,229.005,229.03,1,228.9,200,229.11,200,229.11,228.9,228.9,200,228.84,200,228.8,400,228.69,400,228.67,200,228.61,100,228.57,100,228.56,100,228.43,800,228.35,100,229.11,200,229.17,300,229.19,200,229.23,600,229.33,600,229.4,800,229.42,100,229.54,700,229.62,100,229.63,400
2026-01-16 09:36:40,229.005,229.03,1,228.9,200,229.11,200,229.11,228.9,228.9,200,228.84,200,228.8,400,228.69,400,228.67,200,228.61,100,228.57,100,228.56,100,228.43,800,228.35,100,229.11,200,229.17,300,229.19,200,229.23,600,229.33,600,229.4,800,229.42,100,229.54,700,229.62,100,229.63,400
2026-01-16 09:36:41,229.005,229.03,1,228.9,200,229.11,400,229.11,228.9,228.9,200,228.84,200,228.8,400,228.69,400,228.67,200,228.61,100,228.57,100,228.56,100,228.43,800,228.35,100,229.11,400,229.17,300,229.19,200,229.23,600,229.33,600,229.4,800,229.42,100,229.54,700,229.62,100,229.63,400
2026-01-16 09:36:42,229.02,229.03,1,228.93,400,229.11,400,229.11,228.93,228.93,400,228.92,400,228.91,400,228.9,200,228.84,200,228.8,400,228.69,400,228.67,200,228.61,100,228.57,100,229.11,400,229.17,300,229.19,200,229.23,600,229.33,600,229.4,800,229.42,100,229.54,700,229.62,100,229.63,400
2026-01-16 09:36:43,229.02,229.03,1,228.93,400,229.11,400,229.11,228.93,228.93,400,228.92,400,228.91,400,228.9,200,228.84,200,228.8,400,228.69,400,228.67,200,228.61,100,228.57,100,229.11,400,229.17,300,229.19,200,229.23,600,229.33,600,229.4,800,229.42,100,229.54,700,229.62,100,229.63,400
2026-01-16 09:36:44,229.025,229.03,1,228.96,400,229.09,200,229.09,228.96,228.96,400,228.95,100,228.93,400,228.92,400,228.91,400,228.9,200,228.84,200,228.8,400,228.69,400,228.67,200,229.09,200,229.11,600,229.17,300,229.19,200,229.23,600,229.33,600,229.4,800,229.42,100,229.54,700,229.62,100
2026-01-16 09:36:45,228.95,228.95,1,228.9,300,229.0,400,229.0,228.9,228.9,300,228.84,200,228.8,400,228.69,400,228.67,200,228.61,100,228.57,100,228.56,100,228.43,800,228.35,100,229.0,400,229.09,600,229.11,600,229.17,300,229.19,200,229.23,600,229.33,600,229.4,800,229.42,100,229.54,700
2026-01-16 09:36:46,228.995,229.0,1,228.9,300,229.09,600,229.09,228.9,228.9,300,228.84,200,228.8,400,228.69,400,228.67,200,228.61,100,228.57,100,228.56,100,228.43,800,228.35,100,229.09,600,229.11,600,229.17,300,229.19,200,229.23,600,229.33,600,229.4,800,229.42,100,229.54,700,229.62,100
2026-01-16 09:36:47,228.995,229.06,3,228.9,300,229.09,600,229.09,228.9,228.9,300,228.84,200,228.8,400,228.69,400,228.67,200,228.61,100,228.57,100,228.56,100,228.43,800,228.35,100,229.09,600,229.11,600,229.17,300,229.19,200,229.23,600,229.33,600,229.4,800,229.42,100,229.54,700,229.62,100
2026-01-16 09:36:48,229.105,229.16,3,228.99,200,229.22,300,229.22,228.99,228.99,200,228.91,100,228.9,300,228.84,200,228.8,400,228.69,400,228.67,200,228.61,100,228.57,100,228.56,100,229.22,300,229.23,600,229.33,600,229.4,800,229.42,100,229.54,700,229.62,100,229.63,400,229.91,900,229.92,200
2026-01-16 09:36:49,229.065,228.99,1,228.91,100,229.22,500,229.22,228.91,228.91,100,228.9,300,228.84,200,228.8,400,228.69,400,228.67,200,228.61,100,228.57,100,228.56,100,228.43,800,229.22,500,229.23,600,229.33,600,229.4,800,229.42,100,229.54,700,229.62,100,229.63,400,229.91,900,229.92,200
2026-01-16 09:36:50,229.065,228.99,1,228.91,100,229.22,500,229.22,228.91,228.91,100,228.9,300,228.84,200,228.8,400,228.69,400,228.67,200,228.61,100,228.57,100,228.56,100,228.43,800,229.22,500,229.23,600,229.33,600,229.4,800,229.42,100,229.54,700,229.62,100,229.63,400,229.91,900,229.92,200
2026-01-16 09:36:51,229.06,229.0,1,228.92,200,229.2,500,229.2,228.92,228.92,200,228.91,100,228.9,300,228.84,200,228.8,400,228.69,400,228.67,200,228.61,100,228.57,100,228.56,100,229.2,500,229.22,700,229.23,600,229.33,600,229.4,800,229.42,100,229.54,700,229.62,100,229.63,400,229.91,900
2026-01-16 09:36:52,228.995,229.0,4,228.9,300,229.09,900,229.09,228.9,228.9,300,228.84,200,228.8,400,228.69,400,228.67,200,228.61,100,228.57,100,228.56,100,228.43,800,228.35,100,229.09,900,229.16,100,229.2,500,229.22,700,229.23,600,229.33,600,229.4,800,229.42,100,229.54,700,229.62,100
2026-01-16 09:36:53,228.995,229.0,1,228.9,300,229.09,900,229.09,228.9,228.9,300,228.84,200,228.8,400,228.69,400,228.67,200,228.61,100,228.57,100,228.56,100,228.43,800,228.35,100,229.09,900,229.16,100,229.2,500,229.22,700,229.23,600,229.33,600,229.4,800,229.42,100,229.54,700,229.62,100
2026-01-16 09:36:54,228.965,228.9,1,228.9,300,229.03,700,229.03,228.9,228.9,300,228.84,200,228.8,400,228.69,400,228.67,200,228.61,100,228.57,100,228.56,100,228.43,800,228.35,100,229.03,700,229.09,900,229.16,100,229.2,500,229.22,700,229.23,600,229.33,600,229.4,800,229.42,100,229.54,700
2026-01-16 09:36:55,228.785,228.82,8,228.65,100,228.92,200,228.92,228.65,228.65,100,228.61,100,228.57,100,228.56,100,228.43,800,228.35,100,,,,,,,,,228.92,200,228.93,200,229.0,500,229.03,700,229.09,900,229.16,100,229.2,500,229.22,700,229.23,600,229.33,600
2026-01-16 09:36:56,228.76,228.76,1,228.65,100,228.87,300,228.87,228.65,228.65,100,228.61,100,228.57,100,228.56,100,228.43,800,228.35,100,,,,,,,,,228.87,300,228.92,100,228.93,200,229.0,500,229.03,700,229.09,900,229.16,100,229.2,500,229.22,700,229.23,600
2026-01-16 09:36:57,228.76,228.76,1,228.65,100,228.87,200,228.87,228.65,228.65,100,228.61,100,228.57,100,228.56,100,228.43,800,228.35,100,,,,,,,,,228.87,200,228.92,100,228.93,200,229.0,500,229.03,700,229.09,900,229.16,100,229.2,500,229.22,700,229.23,600
2026-01-16 09:36:58,228.685,228.69,1,228.52,100,228.85,100,228.85,228.52,228.52,100,228.5,200,228.43,800,228.35,100,,,,,,,,,,,,,228.85,100,228.87,200,228.92,100,228.93,200,229.0,500,229.03,700,229.09,900,229.16,100,229.2,500,229.22,700
2026-01-16 09:36:59,228.685,228.68,1,228.52,100,228.85,100,228.85,228.52,228.52,100,228.5,200,228.43,800,228.35,100,,,,,,,,,,,,,228.85,100,228.87,200,228.92,100,228.93,200,229.0,500,229.03,700,229.09,900,229.16,100,229.2,500,229.22,700
2026-01-16 09:37:00,228.69,228.76,1,228.53,100,228.85,100,228.85,228.53,228.53,100,228.52,100,228.5,200,228.43,800,228.35,100,,,,,,,,,,,228.85,100,228.87,200,228.92,100,228.93,200,229.0,500,229.03,700,229.09,900,229.16,100,229.2,500,229.22,700
2026-01-16 09:37:01,228.705,228.74,1,228.56,100,228.85,100,228.85,228.56,228.56,100,228.52,100,228.5,200,228.43,800,228.35,100,,,,,,,,,,,228.85,100,228.87,200,228.92,100,228.93,200,229.0,500,229.03,700,229.09,900,229.16,100,229.2,500,229.22,700
2026-01-16 09:37:02,228.66,228.67,4,228.53,100,228.79,400,228.79,228.53,228.53,100,228.5,200,228.43,800,228.35,100,,,,,,,,,,,,,228.79,400,228.85,100,228.87,200,228.92,100,228.93,200,229.0,500,229.03,700,229.09,900,229.16,100,229.2,500
2026-01-16 09:37:03,228.66,228.65,7,228.53,100,228.79,400,228.79,228.53,228.53,100,228.5,200,228.43,800,228.35,100,,,,,,,,,,,,,228.79,400,228.85,100,228.87,200,228.92,100,228.93,200,229.0,500,229.03,700,229.09,900,229.16,100,229.2,500
2026-01-16 09:37:04,228.66,228.65,7,228.53,100,228.79,400,228.79,228.53,228.53,100,228.5,200,228.43,800,228.35,100,,,,,,,,,,,,,228.79,400,228.85,100,228.87,200,228.92,100,228.93,200,229.0,500,229.03,700,229.09,900,229.16,100,229.2,500
2026-01-16 09:37:05,228.655,228.65,7,228.53,200,228.78,200,228.78,228.53,228.53,200,228.5,200,228.43,800,228.35,100,,,,,,,,,,,,,228.78,200,228.79,400,228.85,100,228.87,200,228.92,100,228.93,200,229.0,500,229.03,700,229.09,900,229.16,100
2026-01-16 09:37:06,228.655,228.65,7,228.53,200,228.78,200,228.78,228.53,228.53,200,228.5,200,228.43,800,228.35,100,,,,,,,,,,,,,228.78,200,228.79,400,228.85,100,228.87,200,228.92,100,228.93,200,229.0,500,229.03,700,229.09,900,229.16,100
2026-01-16 09:37:07,228.625,228.53,1,228.53,200,228.72,200,228.72,228.53,228.53,200,228.5,200,228.43,800,228.35,100,,,,,,,,,,,,,228.72,200,228.75,100,228.76,300,228.77,100,228.78,500,228.79,400,228.85,100,228.87,200,228.92,100,228.93,200
2026-01-16 09:37:08,228.59,228.53,1,228.5,300,228.68,400,228.68,228.5,228.5,300,228.43,800,228.35,100,,,,,,,,,,,,,,,228.68,400,228.72,300,228.75,100,228.76,300,228.77,100,228.78,500,228.79,400,228.85,100,228.87,200,228.92,100
2026-01-16 09:37:09,228.49,228.5,1,228.36,100,228.62,600,228.62,228.36,228.36,100,228.35,100,,,,,,,,,,,,,,,,,228.62,600,228.68,400,228.72,300,228.75,100,228.76,300,228.77,100,228.78,500,228.79,400,228.85,100,228.87,200
2026-01-16 09:37:10,228.49,228.49,1,228.36,100,228.62,600,228.62,228.36,228.36,100,228.35,100,,,,,,,,,,,,,,,,,228.62,600,228.68,400,228.72,300,228.75,100,228.76,300,228.77,100,228.78,500,228.79,400,228.85,100,228.87,200
2026-01-16 09:37:11,228.49,228.62,3,228.36,100,228.62,600,228.62,228.36,228.36,100,228.35,100,,,,,,,,,,,,,,,,,228.62,600,228.68,400,228.72,300,228.75,100,228.76,300,228.77,100,228.78,500,228.79,400,228.85,100,228.87,200
2026-01-16 09:37:12,228.485,228.5,3,228.35,100,228.62,600,228.62,228.35,228.35,100,,,,,,,,,,,,,,,,,,,228.62,600,228.68,400,228.72,300,228.75,100,228.76,300,228.77,100,228.78,500,228.79,400,228.85,100,228.87,200
2026-01-16 09:37:13,228.485,228.5,3,228.35,100,228.62,600,228.62,228.35,228.35,100,,,,,,,,,,,,,,,,,,,228.62,600,228.68,400,228.72,300,228.75,100,228.76,300,228.77,100,228.78,500,228.79,400,228.85,100,228.87,200
2026-01-16 09:37:14,228.485,228.51,1,228.35,100,228.62,600,228.62,228.35,228.35,100,,,,,,,,,,,,,,,,,,,228.62,600,228.68,400,228.72,300,228.75,100,228.76,300,228.77,100,228.78,500,228.79,400,228.85,100,228.87,200
2026-01-16 09:37:15,228.475,228.51,1,228.35,200,228.6,300,228.6,228.35,228.35,200,,,,,,,,,,,,,,,,,,,228.6,300,228.62,700,228.68,400,228.72,300,228.75,100,228.76,300,228.77,100,228.78,500,228.79,400,228.85,100
2026-01-16 09:37:16,228.475,228.48,1,228.35,200,228.6,300,228.6,228.35,228.35,200,,,,,,,,,,,,,,,,,,,228.6,300,228.62,700,228.68,400,228.72,300,228.75,100,228.76,300,228.77,100,228.78,500,228.79,400,228.85,100
2026-01-16 09:37:17,228.645,228.58,1,228.51,500,228.78,200,228.78,228.51,228.51,500,228.35,200,,,,,,,,,,,,,,,,,228.78,200,228.79,400,228.85,100,228.87,200,228.92,100,228.93,200,229.0,500,229.03,700,229.09,900,229.16,100
2026-01-16 09:37:18,228.58,228.54,1,228.51,500,228.65,100,228.65,228.51,228.51,500,228.35,200,,,,,,,,,,,,,,,,,228.65,100,228.78,200,228.79,400,228.85,100,228.87,200,228.92,100,228.93,200,229.0,500,229.03,700,229.09,900
2026-01-16 09:37:19,228.58,228.61,1,228.51,500,228.65,100,228.65,228.51,228.51,500,228.35,200,,,,,,,,,,,,,,,,,228.65,100,228.78,200,228.79,400,228.85,100,228.87,200,228.92,100,228.93,200,229.0,500,229.03,700,229.09,900
2026-01-16 09:37:20,228.48,228.49,1,228.35,200,228.61,200,228.61,228.35,228.35,200,,,,,,,,,,,,,,,,,,,228.61,200,228.65,300,228.78,200,228.79,400,228.85,100,228.87,200,228.92,100,228.93,200,229.0,500,229.03,700
2026-01-16 09:37:21,228.48,228.54,1,228.35,200,228.61,200,228.61,228.35,228.35,200,,,,,,,,,,,,,,,,,,,228.61,200,228.65,300,228.78,200,228.79,400,228.85,100,228.87,200,228.92,100,228.93,200,229.0,500,229.03,700
2026-01-16 09:37:22,228.51,228.51,3,228.41,100,228.61,100,228.61,228.41,228.41,100,228.25,400,,,,,,,,,,,,,,,,,228.61,100,228.65,100,228.78,200,228.79,400,228.85,100,228.87,200,228.92,100,228.93,200,229.0,500,229.03,700
2026-01-16 09:37:23,228.43,228.38,1,228.25,400,228.61,100,228.61,228.25,228.25,400,,,,,,,,,,,,,,,,,,,228.61,100,228.64,100,228.65,100,228.78,200,228.79,400,228.85,100,228.87,200,228.92,100,228.93,200,229.0,500
2026-01-16 09:37:24,228.43,228.25,2,228.25,400,228.61,600,228.61,228.25,228.25,400,,,,,,,,,,,,,,,,,,,228.61,600,228.64,100,228.65,100,228.78,200,228.79,400,228.85,100,228.87,200,228.92,100,228.93,200,229.0,500
2026-01-16 09:37:25,228.43,228.25,2,228.25,400,228.61,600,228.61,228.25,228.25,400,,,,,,,,,,,,,,,,,,,228.61,600,228.64,100,228.65,100,228.78,200,228.79,400,228.85,100,228.87,200,228.92,100,228.93,200,229.0,500
2026-01-16 09:37:26,228.43,228.43,1,228.25,500,228.61,600,228.61,228.25,228.25,500,,,,,,,,,,,,,,,,,,,228.61,600,228.64,100,228.65,100,228.78,200,228.79,400,228.85,100,228.87,200,228.92,100,228.93,200,229.0,500
2026-01-16 09:37:27,228.43,228.43,1,228.25,500,228.61,600,228.61,228.25,228.25,500,,,,,,,,,,,,,,,,,,,228.61,600,228.64,100,228.65,100,228.78,200,228.79,400,228.85,100,228.87,200,228.92,100,228.93,200,229.0,500
2026-01-16 09:37:28,228.43,228.39,1,228.25,500,228.61,500,228.61,228.25,228.25,500,,,,,,,,,,,,,,,,,,,228.61,500,228.64,100,228.65,100,228.78,200,228.79,400,228.85,100,228.87,200,228.92,100,228.93,200,229.0,500
2026-01-16 09:37:29,228.39,228.25,1,228.25,400,228.53,200,228.53,228.25,228.25,400,,,,,,,,,,,,,,,,,,,228.53,200,228.61,900,228.64,100,228.65,100,228.78,200,228.79,400,228.85,100,228.87,200,228.92,100,228.93,200
2026-01-16 09:37:30,228.39,228.39,1,228.25,400,228.53,300,228.53,228.25,228.25,400,,,,,,,,,,,,,,,,,,,228.53,300,228.61,900,228.64,100,228.65,100,228.78,200,228.79,400,228.85,100,228.87,200,228.92,100,228.93,200
2026-01-16 09:37:31,228.33,228.39,1,228.25,500,228.41,100,228.41,228.25,228.25,500,,,,,,,,,,,,,,,,,,,228.41,100,228.53,300,228.61,900,228.64,100,228.65,100,228.78,200,228.79,400,228.85,100,228.87,200,228.92,100
