sim_time,mid_price,last_price,last_size,best_bid_price,best_bid_size,best_ask_price,best_ask_size,close_price_buy,close_price_sell,bid1_price,bid1_size,bid2_price,bid2_size,bid3_price,bid3_size,bid4_price,bid4_size,bid5_price,bid5_size,bid6_price,bid6_size,bid7_price,bid7_size,bid8_price,bid8_size,bid9_price,bid9_size,bid10_price,bid10_size,ask1_price,ask1_size,ask2_price,ask2_size,ask3_price,ask3_size,ask4_price,ask4_size,ask5_price,ask5_size,ask6_price,ask6_size,ask7_price,ask7_size,ask8_price,ask8_size,ask9_price,ask9_size,ask10_price,ask10_size
2026-01-16 09:30:36,75.89,75.89,1,75.86,500,75.92,300,75.92,75.86,75.86,500,75.85,700,75.84,100,75.83,100,75.82,1400,75.81,300,75.8,400,75.79,1300,75.76,100,75.74,200,75.92,300,75.93,200,75.94,200,75.95,200,75.96,100,75.98,300,75.99,400,76.0,400,,,,
2026-01-16 09:30:37,75.89,75.89,1,75.86,500,75.92,300,75.92,75.86,75.86,500,75.85,700,75.84,100,75.83,100,75.82,1400,75.81,300,75.8,400,75.79,1300,75.76,100,75.74,200,75.92,300,75.93,200,75.94,200,75.95,200,75.96,100,75.98,300,75.99,400,76.0,400,,,,
2026-01-16 09:30:38,75.89,75.89,1,75.86,500,75.92,300,75.92,75.86,75.86,500,75.85,700,75.84,100,75.83,100,75.82,1400,75.81,300,75.8,400,75.79,1300,75.76,100,75.74,200,75.92,300,75.93,200,75.94,200,75.95,200,75.96,100,75.98,300,75.99,400,76.0,400,,,,
2026-01-16 09:30:38,75.89,75.89,1,75.86,500,75.92,300,75.92,75.86,75.86,500,75.85,700,75.84,100,75.83,100,75.82,1400,75.81,300,75.8,400,75.79,1300,75.76,100,75.74,200,75.92,300,75.93,200,75.94,200,75.95,200,75.96,100,75.98,300,75.99,400,76.0,400,,,,
2026-01-16 09:30:39,75.89,75.89,1,75.86,500,75.92,300,75.92,75.86,75.86,500,75.85,700,75.84,100,75.83,100,75.82,1400,75.81,300,75.8,400,75.79,1300,75.76,100,75.74,200,75.92,300,75.93,200,75.94,200,75.95,200,75.96,100,75.98,300,75.99,400,76.0,400,,,,
2026-01-16 09:30:39,75.885,75.89,1,75.85,700,75.92,300,75.92,75.85,75.85,700,75.84,100,75.83,100,75.82,1400,75.81,300,75.8,400,75.79,1300,75.76,100,75.74,200,75.7,300,75.92,300,75.93,200,75.94,200,75.95,200,75.96,100,75.98,300,75.99,400,76.0,400,,,,
2026-01-16 09:30:41,75.885,75.89,1,75.85,800,75.92,300,75.92,75.85,75.85,800,75.84,100,75.83,100,75.82,1400,75.81,300,75.8,400,75.79,1300,75.76,100,75.74,200,75.7,300,75.92,300,75.93,200,75.94,200,75.95,200,75.96,100,75.98,300,75.99,400,76.0,400,,,,
2026-01-16 09:30:43,75.885,75.89,1,75.85,800,75.92,300,75.92,75.85,75.85,800,75.84,100,75.83,100,75.82,1400,75.81,300,75.8,400,75.79,1300,75.76,100,75.74,200,75.7,300,75.92,300,75.93,200,75.94,200,75.95,200,75.96,100,75.98,300,75.99,400,76.0,400,,,,
2026-01-16 09:30:44,75.875,75.88,1,75.85,100,75.9,200,75.9,75.85,75.85,100,75.84,200,75.83,100,75.82,1400,75.81,300,75.8,400,75.79,1300,75.76,100,75.74,200,75.7,300,75.9,200,75.91,200,75.92,300,75.93,200,75.94,200,75.95,200,75.96,100,75.98,300,75.99,400,76.0,400
2026-01-16 09:30:45,75.87,75.87,1,75.84,300,75.9,200,75.9,75.84,75.84,300,75.83,100,75.82,1400,75.81,300,75.8,400,75.79,1300,75.76,100,75.74,200,75.7,300,75.69,100,75.9,200,75.91,200,75.92,300,75.93,200,75.94,200,75.95,200,75.96,100,75.98,300,75.99,400,76.0,400
2026-01-16 09:30:46,75.87,75.86,3,75.85,400,75.89,200,75.89,75.85,75.85,400,75.84,400,75.83,100,75.82,1400,75.81,300,75.8,400,75.79,1300,75.76,100,75.74,200,75.7,300,75.89,200,75.9,300,75.91,200,75.92,300,75.93,200,75.94,200,75.95,200,75.96,100,75.98,300,75.99,400
2026-01-16 09:30:47,75.855,75.86,3,75.83,300,75.88,100,75.88,75.83,75.83,300,75.82,1400,75.81,300,75.8,400,75.79,1300,75.76,100,75.74,200,75.7,300,75.69,100,75.68,400,75.88,100,75.89,100,75.9,300,75.91,200,75.92,300,75.93,200,75.94,200,75.95,200,75.96,100,75.98,300
2026-01-16 09:30:48,75.88,75.88,10,75.86,200,75.9,300,75.9,75.86,75.86,200,75.85,200,75.84,100,75.83,300,75.82,1400,75.81,300,75.8,400,75.79,1300,75.76,100,75.74,200,75.9,300,75.91,200,75.92,300,75.93,200,75.94,200,75.95,200,75.96,100,75.98,300,75.99,400,76.0,400
2026-01-16 09:30:49,75.875,75.88,10,75.85,300,75.9,300,75.9,75.85,75.85,300,75.84,100,75.83,300,75.82,1400,75.81,300,75.8,400,75.79,1300,75.76,100,75.74,200,75.7,300,75.9,300,75.91,200,75.92,300,75.93,200,75.94,200,75.95,200,75.96,100,75.98,300,75.99,400,76.0,400
2026-01-16 09:30:50,75.885,75.88,10,75.87,100,75.9,300,75.9,75.87,75.87,100,75.86,100,75.85,300,75.84,100,75.83,300,75.82,1400,75.81,300,75.8,400,75.79,1300,75.76,100,75.9,300,75.91,200,75.92,300,75.93,200,75.94,200,75.95,200,75.96,100,75.98,300,75.99,400,76.0,400
2026-01-16 09:30:51,75.86,75.86,1,75.84,200,75.88,100,75.88,75.84,75.84,200,75.83,300,75.82,1400,75.81,300,75.8,400,75.79,1300,75.76,100,75.74,200,75.7,300,75.69,100,75.88,100,75.89,200,75.9,400,75.91,200,75.92,300,75.93,200,75.94,200,75.95,200,75.96,100,75.98,300
2026-01-16 09:30:52,75.86,75.86,1,75.84,200,75.88,100,75.88,75.84,75.84,200,75.83,300,75.82,1400,75.81,300,75.8,400,75.79,1300,75.76,100,75.74,200,75.7,300,75.69,100,75.88,100,75.89,200,75.9,400,75.91,200,75.92,300,75.93,200,75.94,200,75.95,200,75.96,100,75.98,300
2026-01-16 09:30:53,75.885,75.88,1,75.87,100,75.9,400,75.9,75.87,75.87,100,75.86,300,75.84,200,75.83,300,75.82,1400,75.81,300,75.8,400,75.79,1300,75.76,100,75.74,200,75.9,400,75.91,200,75.92,300,75.93,200,75.94,200,75.95,200,75.96,100,75.98,300,75.99,400,76.0,400
2026-01-16 09:30:54,75.885,75.88,1,75.87,100,75.9,400,75.9,75.87,75.87,100,75.86,300,75.84,200,75.83,300,75.82,1400,75.81,300,75.8,400,75.79,1300,75.76,100,75.74,200,75.9,400,75.91,200,75.92,300,75.93,200,75.94,200,75.95,200,75.96,100,75.98,300,75.99,400,76.0,400
2026-01-16 09:30:55,75.89,75.9,1,75.87,200,75.91,300,75.91,75.87,75.87,200,75.86,300,75.84,200,75.83,300,75.82,1400,75.81,300,75.8,400,75.79,1300,75.76,100,75.74,200,75.91,300,75.92,400,75.93,200,75.94,200,75.95,200,75.96,100,75.98,300,75.99,400,76.0,400,,
2026-01-16 09:30:56,75.88,75.9,1,75.86,300,75.9,200,75.9,75.86,75.86,300,75.84,200,75.83,300,75.82,1400,75.81,300,75.8,400,75.79,1300,75.76,100,75.74,200,75.7,300,75.9,200,75.91,200,75.92,400,75.93,200,75.94,200,75.95,200,75.96,100,75.98,300,75.99,400,76.0,400
2026-01-16 09:30:57,75.88,75.9,1,75.86,300,75.9,200,75.9,75.86,75.86,300,75.84,200,75.83,300,75.82,1400,75.81,300,75.8,400,75.79,1300,75.76,100,75.74,200,75.7,300,75.9,200,75.91,200,75.92,400,75.93,200,75.94,200,75.95,200,75.96,100,75.98,300,75.99,400,76.0,400
2026-01-16 09:30:58,75.88,75.9,1,75.86,200,75.9,200,75.9,75.86,75.86,200,75.84,200,75.83,300,75.82,1400,75.81,300,75.8,400,75.79,1300,75.76,100,75.74,200,75.7,300,75.9,200,75.91,200,75.92,400,75.93,200,75.94,200,75.95,200,75.96,100,75.98,300,75.99,400,76.0,400
2026-01-16 09:30:59,75.855,75.86,1,75.84,200,75.87,100,75.87,75.84,75.84,200,75.83,300,75.82,1400,75.81,300,75.8,400,75.79,1300,75.76,100,75.74,200,75.7,300,75.69,100,75.87,100,75.88,100,75.9,200,75.91,200,75.92,400,75.93,200,75.94,200,75.95,200,75.96,100,75.98,300
2026-01-16 09:31:00,75.85,75.86,1,75.83,400,75.87,600,75.87,75.83,75.83,400,75.82,1400,75.81,300,75.8,400,75.79,1300,75.76,100,75.74,200,75.7,300,75.69,100,75.68,400,75.87,600,75.88,100,75.89,100,75.9,200,75.91,200,75.92,400,75.93,200,75.94,200,75.95,200,75.96,100
2026-01-16 09:31:01,75.915,75.92,1,75.9,300,75.93,500,75.93,75.9,75.9,300,75.89,100,75.88,100,75.87,300,75.86,100,75.84,300,75.83,400,75.82,1400,75.81,300,75.8,400,75.93,500,75.94,200,75.95,200,75.96,100,75.98,300,75.99,400,76.0,400,,,,,,
2026-01-16 09:31:02,75.905,75.9,2,75.9,100,75.91,200,75.91,75.9,75.9,100,75.87,100,75.86,100,75.84,300,75.83,400,75.82,1400,75.81,300,75.8,400,75.79,1300,75.76,100,75.91,200,75.92,600,75.93,500,75.94,200,75.95,200,75.96,100,75.98,300,75.99,400,76.0,400,,
2026-01-16 09:31:03,75.9,75.9,2,75.89,200,75.91,200,75.91,75.89,75.89,200,75.87,100,75.86,100,75.84,300,75.83,400,75.82,1400,75.81,300,75.8,400,75.79,1300,75.76,100,75.91,200,75.92,600,75.93,500,75.94,200,75.95,200,75.96,100,75.98,300,75.99,400,76.0,400,,
2026-01-16 09:31:04,75.89,75.89,1,75.88,200,75.9,200,75.9,75.88,75.88,200,75.86,300,75.84,300,75.83,400,75.82,1400,75.81,300,75.8,400,75.79,1300,75.76,100,75.74,200,75.9,200,75.91,400,75.92,600,75.93,500,75.94,200,75.95,200,75.96,100,75.98,300,75.99,400,76.0,400
2026-01-16 09:31:05,75.88,75.88,8,75.86,300,75.9,400,75.9,75.86,75.86,300,75.84,300,75.83,400,75.82,1400,75.81,300,75.8,400,75.79,1300,75.76,100,75.74,200,75.7,300,75.9,400,75.91,400,75.92,600,75.93,500,75.94,200,75.95,200,75.96,100,75.98,300,75.99,400,76.0,400
2026-01-16 09:31:06,75.88,75.88,6,75.86,400,75.9,400,75.9,75.86,75.86,400,75.84,300,75.83,400,75.82,1400,75.81,300,75.8,400,75.79,1300,75.76,100,75.74,200,75.7,300,75.9,400,75.91,400,75.92,600,75.93,500,75.94,200,75.95,200,75.96,100,75.98,300,75.99,400,76.0,400
2026-01-16 09:31:07,75.87,75.86,2,75.85,200,75.89,200,75.89,75.85,75.85,200,75.84,300,75.83,400,75.82,1400,75.81,300,75.8,400,75.79,1300,75.76,100,75.74,200,75.7,300,75.89,200,75.9,400,75.91,400,75.92,600,75.93,500,75.94,200,75.95,200,75.96,100,75.98,300,75.99,400
2026-01-16 09:31:08,75.875,75.88,2,75.85,200,75.9,400,75.9,75.85,75.85,200,75.84,300,75.83,400,75.82,1400,75.81,300,75.8,400,75.79,1300,75.76,100,75.74,200,75.7,300,75.9,400,75.91,400,75.92,600,75.93,500,75.94,200,75.95,200,75.96,100,75.98,300,75.99,400,76.0,400
2026-01-16 09:31:09,75.885,75.88,1,75.86,200,75.91,400,75.91,75.86,75.86,200,75.85,200,75.84,300,75.83,400,75.82,1400,75.81,300,75.8,400,75.79,1300,75.76,100,75.74,200,75.91,400,75.92,600,75.93,500,75.94,200,75.95,200,75.96,100,75.98,300,75.99,400,76.0,400,,
2026-01-16 09:31:10,75.88,75.88,1,75.85,200,75.91,500,75.91,75.85,75.85,200,75.84,300,75.83,400,75.82,1400,75.81,300,75.8,400,75.79,1300,75.76,100,75.74,200,75.7,300,75.91,500,75.92,600,75.93,500,75.94,200,75.95,200,75.96,100,75.98,300,75.99,400,76.0,400,,
2026-01-16 09:31:11,75.88,75.88,1,75.85,200,75.91,500,75.91,75.85,75.85,200,75.84,300,75.83,400,75.82,1400,75.81,300,75.8,400,75.79,1300,75.76,100,75.74,200,75.7,300,75.91,500,75.92,600,75.93,500,75.94,200,75.95,200,75.96,100,75.98,300,75.99,400,76.0,400,,
2026-01-16 09:31:12,75.855,75.86,6,75.83,700,75.88,300,75.88,75.83,75.83,700,75.82,1400,75.81,300,75.8,400,75.79,1300,75.76,100,75.74,200,75.7,300,75.69,100,75.68,400,75.88,300,75.89,400,75.91,500,75.92,600,75.93,500,75.94,200,75.95,200,75.96,100,75.98,300,75.99,400
2026-01-16 09:31:13,75.85,75.86,6,75.83,700,75.87,100,75.87,75.83,75.83,700,75.82,1400,75.81,300,75.8,400,75.79,1300,75.76,100,75.74,200,75.7,300,75.69,100,75.68,400,75.87,100,75.88,300,75.89,400,75.91,500,75.92,600,75.93,500,75.94,200,75.95,200,75.96,100,75.98,300
2026-01-16 09:31:14,75.885,75.86,1,75.87,600,75.9,400,75.9,75.87,75.87,600,75.86,1000,75.85,200,75.84,400,75.83,1900,75.82,1400,75.81,300,75.8,400,75.79,1300,75.76,100,75.9,400,75.91,500,75.92,600,75.93,500,75.94,200,75.95,200,75.96,100,75.98,300,75.99,400,76.0,400
2026-01-16 09:31:15,75.885,75.89,1,75.87,600,75.9,400,75.9,75.87,75.87,600,75.86,1000,75.85,200,75.84,400,75.83,1900,75.82,1400,75.81,300,75.8,400,75.79,1300,75.76,100,75.9,400,75.91,500,75.92,600,75.93,500,75.94,200,75.95,200,75.96,100,75.98,300,75.99,400,76.0,400
2026-01-16 09:31:16,75.885,75.89,1,75.87,600,75.9,300,75.9,75.87,75.87,600,75.86,1000,75.85,200,75.84,400,75.83,1900,75.82,1400,75.81,300,75.8,400,75.79,1300,75.76,100,75.9,300,75.91,500,75.92,600,75.93,500,75.94,200,75.95,200,75.96,100,75.98,300,75.99,400,76.0,400
2026-01-16 09:31:17,75.885,75.89,1,75.87,600,75.9,400,75.9,75.87,75.87,600,75.86,1000,75.85,200,75.84,400,75.83,1900,75.82,1400,75.81,300,75.8,400,75.79,1300,75.76,100,75.9,400,75.91,500,75.92,600,75.93,500,75.94,200,75.95,200,75.96,100,75.98,300,75.99,400,76.0,400
2026-01-16 09:31:18,75.885,75.89,1,75.87,600,75.9,600,75.9,75.87,75.87,600,75.86,1000,75.85,200,75.84,400,75.83,1900,75.82,1400,75.81,300,75.8,400,75.79,1300,75.76,100,75.9,600,75.91,500,75.92,600,75.93,500,75.94,200,75.95,200,75.96,100,75.98,300,75.99,400,76.0,400
2026-01-16 09:31:19,75.885,75.89,1,75.87,600,75.9,600,75.9,75.87,75.87,600,75.86,1000,75.85,200,75.84,400,75.83,1900,75.82,1400,75.81,300,75.8,400,75.79,1300,75.76,100,75.9,600,75.91,500,75.92,600,75.93,500,75.94,200,75.95,200,75.96,100,75.98,300,75.99,400,76.0,400
2026-01-16 09:31:20,75.865,75.86,8,75.84,300,75.89,300,75.89,75.84,75.84,300,75.83,1900,75.82,1400,75.81,300,75.8,400,75.79,1300,75.76,100,75.74,200,75.7,300,75.69,100,75.89,300,75.9,600,75.91,500,75.92,600,75.93,500,75.94,200,75.95,200,75.96,100,75.98,300,75.99,400
2026-01-16 09:31:21,75.865,75.86,8,75.84,300,75.89,300,75.89,75.84,75.84,300,75.83,1900,75.82,1400,75.81,300,75.8,400,75.79,1300,75.76,100,75.74,200,75.7,300,75.69,100,75.89,300,75.9,600,75.91,500,75.92,600,75.93,500,75.94,200,75.95,200,75.96,100,75.98,300,75.99,400
2026-01-16 09:31:22,75.865,75.86,8,75.84,600,75.89,200,75.89,75.84,75.84,600,75.83,1900,75.82,1400,75.81,300,75.8,400,75.79,1300,75.76,100,75.74,200,75.7,300,75.69,100,75.89,200,75.9,600,75.91,500,75.92,600,75.93,500,75.94,200,75.95,200,75.96,100,75.98,300,75.99,400
2026-01-16 09:31:23,75.87,75.86,1,75.84,600,75.9,400,75.9,75.84,75.84,600,75.83,1900,75.82,1400,75.81,300,75.8,400,75.79,1300,75.76,100,75.74,200,75.7,300,75.69,100,75.9,400,75.91,500,75.92,600,75.93,500,75.94,200,75.95,200,75.96,100,75.98,300,75.99,400,76.0,400
2026-01-16 09:31:24,75.88,75.88,1,75.86,400,75.9,300,75.9,75.86,75.86,400,75.85,100,75.84,600,75.83,1900,75.82,1400,75.81,300,75.8,400,75.79,1300,75.76,100,75.74,200,75.9,300,75.91,500,75.92,600,75.93,500,75.94,200,75.95,200,75.96,100,75.98,300,75.99,400,76.0,400
2026-01-16 09:31:25,75.88,75.88,1,75.86,500,75.9,300,75.9,75.86,75.86,500,75.85,100,75.84,600,75.83,1900,75.82,1400,75.81,300,75.8,400,75.79,1300,75.76,100,75.74,200,75.9,300,75.91,500,75.92,600,75.93,500,75.94,200,75.95,200,75.96,100,75.98,300,75.99,400,76.0,400
2026-01-16 09:31:26,75.88,75.88,1,75.86,500,75.9,300,75.9,75.86,75.86,500,75.85,100,75.84,600,75.83,1900,75.82,1400,75.81,300,75.8,400,75.79,1300,75.76,100,75.74,200,75.9,300,75.91,500,75.92,600,75.93,500,75.94,200,75.95,200,75.96,100,75.98,300,75.99,400,76.0,400
2026-01-16 09:31:27,75.88,75.88,1,75.86,400,75.9,400,75.9,75.86,75.86,400,75.85,100,75.84,600,75.83,1900,75.82,1400,75.81,300,75.8,400,75.79,1300,75.76,100,75.74,200,75.9,400,75.91,500,75.92,600,75.93,500,75.94,200,75.95,200,75.96,100,75.98,300,75.99,400,76.0,400
2026-01-16 09:31:28,75.88,75.88,1,75.86,400,75.9,300,75.9,75.86,75.86,400,75.85,100,75.84,600,75.83,1900,75.82,1400,75.81,300,75.8,400,75.79,1300,75.76,100,75.74,200,75.9,300,75.91,500,75.92,600,75.93,500,75.94,200,75.95,200,75.96,100,75.98,300,75.99,400,76.0,400
2026-01-16 09:31:29,75.88,75.88,1,75.86,400,75.9,300,75.9,75.86,75.86,400,75.85,100,75.84,600,75.83,1900,75.82,1400,75.81,300,75.8,400,75.79,1300,75.76,100,75.74,200,75.9,300,75.91,500,75.92,600,75.93,500,75.94,200,75.95,200,75.96,100,75.98,300,75.99,400,76.0,400
2026-01-16 09:31:30,75.88,75.88,1,75.86,500,75.9,300,75.9,75.86,75.86,500,75.85,100,75.84,600,75.83,1900,75.82,1400,75.81,300,75.8,400,75.79,1300,75.76,100,75.74,200,75.9,300,75.91,500,75.92,600,75.93,500,75.94,200,75.95,200,75.96,100,75.98,300,75.99,400,76.0,400
2026-01-16 09:31:31,75.965,75.95,4,75.95,500,75.98,100,75.98,75.95,75.95,500,75.94,300,75.93,100,75.92,300,75.91,700,75.9,700,75.89,100,75.88,100,75.86,500,75.85,100,75.98,100,75.99,300,76.0,400,,,,,,,,,,,,,,
2026-01-16 09:31:32,75.945,75.94,1,75.93,100,75.96,100,75.96,75.93,75.93,100,75.92,200,75.91,700,75.9,700,75.89,100,75.88,100,75.86,500,75.85,100,75.84,600,75.83,1900,75.96,100,75.97,400,75.98,300,75.99,300,76.0,400,,,,,,,,,,
2026-01-16 09:31:33,75.94,75.94,1,75.92,200,75.96,200,75.96,75.92,75.92,200,75.91,700,75.9,700,75.89,100,75.88,100,75.86,500,75.85,100,75.84,600,75.83,1900,75.82,1400,75.96,200,75.97,500,75.98,300,75.99,300,76.0,400,,,,,,,,,,
2026-01-16 09:31:34,75.94,75.92,1,75.92,300,75.96,100,75.96,75.92,75.92,300,75.91,100,75.9,200,75.89,100,75.88,100,75.86,500,75.85,100,75.84,600,75.83,1900,75.82,1400,75.96,100,75.97,500,75.98,300,75.99,300,76.0,400,,,,,,,,,,
2026-01-16 09:31:35,75.925,75.92,1,75.91,100,75.94,100,75.94,75.91,75.91,100,75.9,200,75.89,100,75.88,100,75.86,500,75.85,100,75.84,600,75.83,1900,75.82,1400,75.81,300,75.94,100,75.95,100,75.96,600,75.97,500,75.98,300,75.99,300,76.0,400,,,,,,
2026-01-16 09:31:36,75.905,75.91,1,75.9,300,75.91,100,75.91,75.9,75.9,300,75.89,100,75.88,100,75.86,500,75.85,100,75.84,600,75.83,1900,75.82,1400,75.81,300,75.8,400,75.91,100,75.92,200,75.94,100,75.95,100,75.96,600,75.97,500,75.98,300,75.99,300,76.0,400,,
2026-01-16 09:31:37,75.925,75.92,1,75.91,100,75.94,100,75.94,75.91,75.91,100,75.89,200,75.88,100,75.86,500,75.85,100,75.84,600,75.83,1900,75.82,1400,75.81,300,75.8,400,75.94,100,75.95,200,75.96,600,75.97,500,75.98,300,75.99,300,76.0,400,,,,,,
2026-01-16 09:31:38,75.93,75.92,1,75.91,300,75.95,100,75.95,75.91,75.91,300,75.89,200,75.88,100,75.86,500,75.85,100,75.84,600,75.83,1900,75.82,1400,75.81,300,75.8,400,75.95,100,75.96,700,75.97,500,75.98,300,75.99,300,76.0,400,,,,,,,,
2026-01-16 09:31:39,75.935,75.94,1,75.91,400,75.96,600,75.96,75.91,75.91,400,75.89,200,75.88,100,75.86,500,75.85,100,75.84,600,75.83,1900,75.82,1400,75.81,300,75.8,400,75.96,600,75.97,500,75.98,300,75.99,300,76.0,400,,,,,,,,,,
2026-01-16 09:31:40,75.93,75.94,1,75.91,400,75.95,100,75.95,75.91,75.91,400,75.89,200,75.88,100,75.86,500,75.85,100,75.84,600,75.83,1900,75.82,1400,75.81,300,75.8,400,75.95,100,75.96,600,75.97,500,75.98,300,75.99,300,76.0,400,,,,,,,,
2026-01-16 09:31:41,75.94,75.94,1,75.92,100,75.96,200,75.96,75.92,75.92,100,75.91,500,75.89,200,75.88,100,75.86,500,75.85,100,75.84,600,75.83,1900,75.82,1400,75.81,300,75.96,200,75.97,500,75.98,300,75.99,300,76.0,400,,,,,,,,,,
2026-01-16 09:31:42,75.955,75.94,1,75.93,300,75.98,500,75.98,75.93,75.93,300,75.92,100,75.91,500,75.89,200,75.88,100,75.86,500,75.85,100,75.84,600,75.83,1900,75.82,1400,75.98,500,75.99,300,76.0,400,,,,,,,,,,,,,,
2026-01-16 09:31:43,75.95,75.94,1,75.93,100,75.97,200,75.97,75.93,75.93,100,75.92,100,75.91,500,75.89,200,75.88,100,75.86,500,75.85,100,75.84,600,75.83,1900,75.82,1400,75.97,200,75.98,500,75.99,300,76.0,400,,,,,,,,,,,,
2026-01-16 09:31:44,75.945,75.94,1,75.93,100,75.96,200,75.96,75.93,75.93,100,75.92,100,75.91,500,75.89,200,75.88,100,75.86,500,75.85,100,75.84,600,75.83,1900,75.82,1400,75.96,200,75.97,600,75.98,500,75.99,300,76.0,400,,,,,,,,,,
2026-01-16 09:31:45,75.93,75.92,1,75.91,500,75.95,200,75.95,75.91,75.91,500,75.89,200,75.88,100,75.86,500,75.85,100,75.84,600,75.83,1900,75.82,1400,75.81,300,75.8,400,75.95,200,75.96,200,75.97,600,75.98,500,75.99,300,76.0,400,,,,,,,,
2026-01-16 09:31:46,75.925,75.92,2,75.91,500,75.94,100,75.94,75.91,75.91,500,75.89,200,75.88,100,75.86,500,75.85,100,75.84,600,75.83,1900,75.82,1400,75.81,300,75.8,400,75.94,100,75.95,300,75.96,200,75.97,600,75.98,500,75.99,300,76.0,400,,,,,,
2026-01-16 09:31:47,75.9,75.91,1,75.89,100,75.91,200,75.91,75.89,75.89,100,75.88,200,75.86,500,75.85,100,75.84,600,75.83,1900,75.82,1400,75.81,300,75.8,400,75.79,1300,75.91,200,75.92,600,75.94,100,75.95,300,75.96,200,75.97,600,75.98,500,75.99,300,76.0,400,,
2026-01-16 09:31:48,75.885,75.89,1,75.87,500,75.9,300,75.9,75.87,75.87,500,75.86,800,75.85,100,75.84,600,75.83,1900,75.82,1400,75.81,300,75.8,400,75.79,1300,75.76,100,75.9,300,75.91,200,75.92,600,75.94,100,75.95,300,75.96,200,75.97,600,75.98,500,75.99,300,76.0,400
2026-01-16 09:31:49,75.89,75.89,1,75.87,500,75.91,300,75.91,75.87,75.87,500,75.86,800,75.85,100,75.84,600,75.83,1900,75.82,1400,75.81,300,75.8,400,75.79,1300,75.76,100,75.91,300,75.92,600,75.94,100,75.95,300,75.96,200,75.97,600,75.98,500,75.99,300,76.0,400,,
2026-01-16 09:31:50,75.89,75.89,2,75.87,500,75.91,300,75.91,75.87,75.87,500,75.86,800,75.85,100,75.84,600,75.83,1900,75.82,1400,75.81,300,75.8,400,75.79,1300,75.76,100,75.91,300,75.92,600,75.94,100,75.95,300,75.96,200,75.97,600,75.98,500,75.99,300,76.0,400,,
2026-01-16 09:31:51,75.895,75.9,1,75.88,100,75.91,200,75.91,75.88,75.88,100,75.87,800,75.86,800,75.85,100,75.84,600,75.83,1900,75.82,1400,75.81,300,75.8,400,75.79,1300,75.91,200,75.92,600,75.94,100,75.95,300,75.96,200,75.97,600,75.98,500,75.99,300,76.0,400,,
2026-01-16 09:31:52,75.89,75.9,1,75.87,800,75.91,200,75.91,75.87,75.87,800,75.86,800,75.85,100,75.84,600,75.83,1900,75.82,1400,75.81,300,75.8,400,75.79,1300,75.76,100,75.91,200,75.92,600,75.94,100,75.95,300,75.96,200,75.97,600,75.98,500,75.99,300,76.0,400,,
2026-01-16 09:31:53,75.89,75.89,1,75.87,800,75.91,200,75.91,75.87,75.87,800,75.86,800,75.85,100,75.84,600,75.83,1900,75.82,1400,75.81,300,75.8,400,75.79,1300,75.76,100,75.91,200,75.92,600,75.94,100,75.95,300,75.96,200,75.97,600,75.98,500,75.99,300,76.0,400,,
2026-01-16 09:31:54,75.895,75.89,2,75.88,100,75.91,600,75.91,75.88,75.88,100,75.87,800,75.86,800,75.85,100,75.84,600,75.83,1900,75.82,1400,75.81,300,75.8,400,75.79,1300,75.91,600,75.92,600,75.94,100,75.95,300,75.96,200,75.97,600,75.98,500,75.99,300,76.0,400,,
2026-01-16 09:31:55,75.895,75.89,2,75.88,200,75.91,600,75.91,75.88,75.88,200,75.87,800,75.86,800,75.85,100,75.84,600,75.83,1900,75.82,1400,75.81,300,75.8,400,75.79,1300,75.91,600,75.92,600,75.94,100,75.95,300,75.96,200,75.97,600,75.98,500,75.99,300,76.0,400,,
2026-01-16 09:31:56,75.895,75.89,2,75.88,200,75.91,600,75.91,75.88,75.88,200,75.87,800,75.86,800,75.85,100,75.84,600,75.83,1900,75.82,1400,75.81,300,75.8,400,75.79,1300,75.91,600,75.92,600,75.94,100,75.95,300,75.96,200,75.97,600,75.98,500,75.99,300,76.0,400,,
2026-01-16 09:31:57,75.895,75.89,2,75.88,200,75.91,600,75.91,75.88,75.88,200,75.87,800,75.86,800,75.85,100,75.84,600,75.83,1900,75.82,1400,75.81,300,75.8,400,75.79,1300,75.91,600,75.92,600,75.94,100,75.95,300,75.96,200,75.97,600,75.98,500,75.99,300,76.0,400,,
2026-01-16 09:31:58,75.895,75.89,2,75.88,200,75.91,600,75.91,75.88,75.88,200,75.87,800,75.86,800,75.85,100,75.84,600,75.83,1900,75.82,1400,75.81,300,75.8,400,75.79,1300,75.91,600,75.92,600,75.94,100,75.95,300,75.96,200,75.97,600,75.98,500,75.99,300,76.0,400,,
2026-01-16 09:31:59,75.895,75.89,2,75.88,200,75.91,600,75.91,75.88,75.88,200,75.87,800,75.86,800,75.85,100,75.84,600,75.83,1900,75.82,1400,75.81,300,75.8,400,75.79,1300,75.91,600,75.92,600,75.94,100,75.95,300,75.96,200,75.97,600,75.98,500,75.99,300,76.0,400,,
2026-01-16 09:32:00,75.91,75.91,1,75.9,400,75.92,600,75.92,75.9,75.9,400,75.88,300,75.87,800,75.86,800,75.85,100,75.84,600,75.83,1900,75.82,1400,75.81,300,75.8,400,75.92,600,75.94,100,75.95,300,75.96,200,75.97,600,75.98,500,75.99,300,76.0,400,,,,
2026-01-16 09:32:01,75.885,75.86,1,75.87,100,75.9,200,75.9,75.87,75.87,100,75.86,400,75.85,700,75.84,600,75.83,1900,75.82,1400,75.81,300,75.8,400,75.79,1300,75.76,100,75.9,200,75.91,100,75.92,700,75.94,100,75.95,300,75.96,200,75.97,600,75.98,500,75.99,300,76.0,400
2026-01-16 09:32:02,75.86,75.86,5,75.84,500,75.88,200,75.88,75.84,75.84,500,75.83,1900,75.82,1400,75.81,300,75.8,400,75.79,1300,75.76,100,75.74,200,75.7,300,75.69,100,75.88,200,75.89,500,75.9,200,75.91,100,75.92,700,75.94,100,75.95,300,75.96,200,75.97,600,75.98,500
2026-01-16 09:32:03,75.865,75.87,1,75.85,100,75.88,200,75.88,75.85,75.85,100,75.84,200,75.83,600,75.82,1400,75.81,300,75.8,400,75.79,1300,75.76,100,75.74,200,75.7,300,75.88,200,75.89,300,75.9,200,75.91,100,75.92,700,75.94,100,75.95,300,75.96,200,75.97,600,75.98,500
2026-01-16 09:32:04,75.86,75.86,1,75.85,100,75.87,100,75.87,75.85,75.85,100,75.84,200,75.83,600,75.82,1400,75.81,300,75.8,400,75.79,1300,75.76,100,75.74,200,75.7,300,75.87,100,75.88,200,75.89,300,75.9,200,75.91,100,75.92,700,75.94,100,75.95,300,75.96,200,75.97,600
2026-01-16 09:32:05,75.84,75.84,2,75.83,500,75.85,100,75.85,75.83,75.83,500,75.82,1400,75.81,300,75.8,400,75.79,1300,75.76,100,75.74,200,75.7,300,75.69,100,75.68,400,75.85,100,75.86,600,75.87,300,75.88,200,75.89,300,75.9,200,75.91,100,75.92,700,75.94,100,75.95,300
2026-01-16 09:32:06,75.845,75.84,1,75.83,500,75.86,500,75.86,75.83,75.83,500,75.82,1400,75.81,300,75.8,400,75.79,1300,75.76,100,75.74,200,75.7,300,75.69,100,75.68,400,75.86,500,75.87,300,75.88,200,75.89,300,75.9,200,75.91,100,75.92,700,75.94,100,75.95,300,75.96,200
2026-01-16 09:32:07,75.835,75.84,1,75.83,400,75.84,200,75.84,75.83,75.83,400,75.82,1400,75.81,300,75.8,400,75.79,1300,75.76,100,75.74,200,75.7,300,75.69,100,75.68,400,75.84,200,75.85,100,75.86,500,75.87,300,75.88,200,75.89,300,75.9,200,75.91,100,75.92,700,75.94,100
2026-01-16 09:32:08,75.85,75.85,1,75.84,200,75.86,500,75.86,75.84,75.84,200,75.83,600,75.82,1400,75.81,300,75.8,400,75.79,1300,75.76,100,75.74,200,75.7,300,75.69,100,75.86,500,75.87,300,75.88,200,75.89,300,75.9,200,75.91,100,75.92,700,75.94,100,75.95,300,75.96,200
2026-01-16 09:32:09,75.86,75.85,2,75.85,500,75.87,100,75.87,75.85,75.85,500,75.84,500,75.83,600,75.82,1400,75.81,300,75.8,400,75.79,1300,75.76,100,75.74,200,75.7,300,75.87,100,75.88,400,75.89,300,75.9,200,75.91,100,75.92,700,75.94,100,75.95,300,75.96,200,75.97,600
2026-01-16 09:32:10,75.875,75.85,2,75.87,400,75.88,300,75.88,75.87,75.87,400,75.86,600,75.85,400,75.84,500,75.83,600,75.82,1400,75.81,300,75.8,400,75.79,1300,75.76,100,75.88,300,75.89,300,75.9,200,75.91,100,75.92,700,75.94,100,75.95,300,75.96,200,75.97,600,75.98,500
2026-01-16 09:32:11,75.91,75.9,1,75.9,600,75.92,600,75.92,75.9,75.9,600,75.89,700,75.88,300,75.87,700,75.86,600,75.85,400,75.84,500,75.83,600,75.82,1400,75.81,300,75.92,600,75.94,100,75.95,300,75.96,200,75.97,600,75.98,500,75.99,300,76.0,400,,,,
2026-01-16 09:32:12,75.91,75.9,1,75.9,600,75.92,700,75.92,75.9,75.9,600,75.89,700,75.88,300,75.87,700,75.86,600,75.85,400,75.84,500,75.83,600,75.82,1400,75.81,300,75.92,700,75.94,100,75.95,300,75.96,200,75.97,600,75.98,500,75.99,300,76.0,400,,,,
2026-01-16 09:32:13,75.91,75.9,1,75.9,700,75.92,600,75.92,75.9,75.9,700,75.89,700,75.88,300,75.87,700,75.86,600,75.85,400,75.84,500,75.83,600,75.82,1400,75.81,300,75.92,600,75.94,100,75.95,300,75.96,200,75.97,600,75.98,500,75.99,300,76.0,400,,,,
2026-01-16 09:32:14,75.935,75.93,1,75.92,200,75.95,300,75.95,75.92,75.92,200,75.91,600,75.9,700,75.89,700,75.88,300,75.87,700,75.86,600,75.85,400,75.84,500,75.83,600,75.95,300,75.96,200,75.97,600,75.98,500,75.99,300,76.0,400,,,,,,,,
2026-01-16 09:32:15,75.935,75.93,1,75.92,200,75.95,300,75.95,75.92,75.92,200,75.91,600,75.9,700,75.89,700,75.88,300,75.87,700,75.86,600,75.85,400,75.84,500,75.83,600,75.95,300,75.96,200,75.97,600,75.98,500,75.99,300,76.0,400,,,,,,,,
2026-01-16 09:32:16,75.88,75.89,1,75.87,100,75.89,300,75.89,75.87,75.87,100,75.86,300,75.85,400,75.84,500,75.83,600,75.82,1400,75.81,300,75.8,400,75.79,1300,75.76,100,75.89,300,75.9,8600,75.91,400,75.92,100,75.93,600,75.95,400,75.96,200,75.97,600,75.98,500,75.99,300
2026-01-16 09:32:17,75.88,75.89,1,75.87,100,75.89,200,75.89,75.87,75.87,100,75.86,300,75.85,400,75.84,500,75.83,600,75.82,1400,75.81,300,75.8,400,75.79,1300,75.76,100,75.89,200,75.9,8600,75.91,400,75.92,100,75.93,600,75.95,400,75.96,200,75.97,600,75.98,500,75.99,300
2026-01-16 09:32:18,75.875,75.89,1,75.86,400,75.89,100,75.89,75.86,75.86,400,75.85,400,75.84,500,75.83,600,75.82,1400,75.81,300,75.8,400,75.79,1300,75.76,100,75.74,200,75.89,100,75.9,300,75.91,300,75.93,300,75.95,400,75.96,200,75.97,600,75.98,500,75.99,300,76.0,400
2026-01-16 09:32:19,75.875,75.89,1,75.86,300,75.89,200,75.89,75.86,75.86,300,75.85,400,75.84,500,75.83,600,75.82,1400,75.81,300,75.8,400,75.79,1300,75.76,100,75.74,200,75.89,200,75.9,300,75.91,300,75.93,300,75.95,400,75.96,200,75.97,600,75.98,500,75.99,300,76.0,400
2026-01-16 09:32:20,75.855,75.86,1,75.84,200,75.87,100,75.87,75.84,75.84,200,75.83,600,75.82,1400,75.81,300,75.8,400,75.79,1300,75.76,100,75.74,200,75.7,300,75.69,100,75.87,100,75.88,300,75.89,200,75.9,300,75.91,300,75.93,300,75.95,400,75.96,200,75.97,600,75.98,500
2026-01-16 09:32:21,75.87,75.87,2,75.86,100,75.88,100,75.88,75.86,75.86,100,75.85,200,75.84,200,75.83,600,75.82,1400,75.81,300,75.8,400,75.79,1300,75.76,100,75.74,200,75.88,100,75.89,200,75.9,300,75.91,300,75.93,300,75.95,400,75.96,200,75.97,600,75.98,500,75.99,300
2026-01-16 09:32:22,75.865,75.87,1,75.85,100,75.88,100,75.88,75.85,75.85,100,75.84,200,75.83,600,75.82,1400,75.81,300,75.8,400,75.79,1300,75.76,100,75.74,200,75.7,300,75.88,100,75.89,200,75.9,300,75.91,300,75.93,300,75.95,400,75.96,200,75.97,600,75.98,500,75.99,300
2026-01-16 09:32:24,75.865,75.87,1,75.85,200,75.88,100,75.88,75.85,75.85,200,75.84,200,75.83,600,75.82,1400,75.81,300,75.8,400,75.79,1300,75.76,100,75.74,200,75.7,300,75.88,100,75.89,200,75.9,300,75.91,300,75.93,300,75.95,400,75.96,200,75.97,600,75.98,500,75.99,300
2026-01-16 09:32:25,75.865,75.87,1,75.85,200,75.88,100,75.88,75.85,75.85,200,75.84,200,75.83,600,75.82,1400,75.81,300,75.8,400,75.79,1300,75.76,100,75.74,200,75.7,300,75.88,100,75.89,200,75.9,300,75.91,300,75.93,300,75.95,400,75.96,200,75.97,600,75.98,500,75.99,300
2026-01-16 09:32:26,75.885,75.88,2,75.87,200,75.9,100,75.9,75.87,75.87,200,75.85,200,75.84,200,75.83,600,75.82,1400,75.81,300,75.8,400,75.79,1300,75.76,100,75.74,200,75.9,100,75.91,300,75.93,300,75.95,400,75.96,200,75.97,600,75.98,500,75.99,300,76.0,400,,
2026-01-16 09:32:26,75.885,75.88,2,75.87,300,75.9,100,75.9,75.87,75.87,300,75.85,200,75.84,200,75.83,600,75.82,1400,75.81,300,75.8,400,75.79,1300,75.76,100,75.74,200,75.9,100,75.91,300,75.93,300,75.95,400,75.96,200,75.97,600,75.98,500,75.99,300,76.0,400,,
2026-01-16 09:32:27,75.88,75.88,2,75.86,200,75.9,100,75.9,75.86,75.86,200,75.85,200,75.84,200,75.83,600,75.82,1400,75.81,300,75.8,400,75.79,1300,75.76,100,75.74,200,75.9,100,75.91,300,75.93,300,75.95,400,75.96,200,75.97,600,75.98,500,75.99,300,76.0,400,,
2026-01-16 09:32:29,75.88,75.88,2,75.86,200,75.9,100,75.9,75.86,75.86,200,75.85,200,75.84,200,75.83,600,75.82,1400,75.81,300,75.8,400,75.79,1300,75.76,100,75.74,200,75.9,100,75.91,300,75.93,300,75.95,400,75.96,200,75.97,600,75.98,500,75.99,300,76.0,400,,
2026-01-16 09:32:30,75.88,75.89,1,75.86,200,75.9,100,75.9,75.86,75.86,200,75.85,200,75.84,200,75.83,600,75.82,1400,75.81,300,75.8,400,75.79,1300,75.76,100,75.74,200,75.9,100,75.91,300,75.93,300,75.95,400,75.96,200,75.97,600,75.98,500,75.99,300,76.0,400,,
2026-01-16 09:32:30,75.845,75.84,1,75.83,500,75.86,400,75.86,75.83,75.83,500,75.82,1400,75.81,300,75.8,400,75.79,1300,75.76,100,75.74,200,75.7,300,75.69,100,75.68,400,75.86,400,75.87,300,75.88,100,75.9,300,75.91,300,75.93,300,75.95,400,75.96,200,75.97,600,75.98,500
2026-01-16 09:32:31,75.84,75.84,1,75.83,500,75.85,100,75.85,75.83,75.83,500,75.82,1400,75.81,300,75.8,400,75.79,1300,75.76,100,75.74,200,75.7,300,75.69,100,75.68,400,75.85,100,75.86,400,75.87,300,75.88,100,75.9,300,75.91,300,75.93,300,75.95,400,75.96,200,75.97,600
2026-01-16 09:32:33,75.84,75.84,1,75.83,400,75.85,100,75.85,75.83,75.83,400,75.82,1400,75.81,300,75.8,400,75.79,1300,75.76,100,75.74,200,75.7,300,75.69,100,75.68,400,75.85,100,75.86,400,75.87,300,75.88,100,75.9,300,75.91,300,75.93,300,75.95,400,75.96,200,75.97,600
2026-01-16 09:32:33,75.84,75.84,1,75.83,400,75.85,100,75.85,75.83,75.83,400,75.82,1400,75.81,300,75.8,400,75.79,1300,75.76,100,75.74,200,75.7,300,75.69,100,75.68,400,75.85,100,75.86,400,75.87,300,75.88,100,75.9,300,75.91,300,75.93,300,75.95,400,75.96,200,75.97,600
2026-01-16 09:32:35,75.755,75.76,1,75.74,300,75.77,200,75.77,75.74,75.74,300,75.7,300,75.69,100,75.68,400,75.67,200,75.66,300,75.64,400,75.58,300,75.42,400,,,75.77,200,75.78,400,75.79,200,75.8,200,75.81,400,75.82,300,75.83,600,75.84,100,75.85,500,75.86,400
2026-01-16 09:32:35,75.755,75.76,1,75.74,100,75.77,200,75.77,75.74,75.74,100,75.73,200,75.7,300,75.69,100,75.68,400,75.67,200,75.66,300,75.64,400,75.58,300,75.42,400,75.77,200,75.78,400,75.79,200,75.8,200,75.81,400,75.82,300,75.83,600,75.84,100,75.85,500,75.86,400
2026-01-16 09:32:36,75.72,75.72,1,75.7,700,75.74,400,75.74,75.7,75.7,700,75.69,100,75.68,400,75.67,200,75.66,300,75.64,400,75.58,300,75.42,400,,,,,75.74,400,75.75,300,75.76,400,75.77,200,75.78,400,75.79,200,75.8,200,75.81,400,75.82,300,75.83,600
2026-01-16 09:32:37,75.72,75.72,1,75.7,600,75.74,300,75.74,75.7,75.7,600,75.69,100,75.68,400,75.67,200,75.66,300,75.64,400,75.58,300,75.42,400,,,,,75.74,300,75.75,300,75.76,400,75.77,200,75.78,400,75.79,200,75.8,200,75.81,400,75.82,300,75.83,600
2026-01-16 09:32:39,75.715,75.72,1,75.7,600,75.73,100,75.73,75.7,75.7,600,75.69,100,75.68,400,75.67,200,75.66,300,75.64,400,75.58,300,75.42,400,,,,,75.73,100,75.74,300,75.75,300,75.76,400,75.77,200,75.78,400,75.79,200,75.8,200,75.81,400,75.82,300
2026-01-16 09:32:40,75.715,75.72,1,75.7,500,75.73,600,75.73,75.7,75.7,500,75.69,100,75.68,400,75.67,200,75.66,300,75.64,400,75.58,300,75.42,400,,,,,75.73,600,75.74,300,75.75,300,75.76,400,75.77,200,75.78,400,75.79,200,75.8,200,75.81,400,75.82,300
2026-01-16 09:32:41,75.715,75.72,1,75.7,500,75.73,600,75.73,75.7,75.7,500,75.69,100,75.68,400,75.67,200,75.66,300,75.64,400,75.58,300,75.42,400,,,,,75.73,600,75.74,300,75.75,300,75.76,400,75.77,200,75.78,400,75.79,200,75.8,200,75.81,400,75.82,300
2026-01-16 09:32:42,75.715,75.72,1,75.7,800,75.73,600,75.73,75.7,75.7,800,75.69,100,75.68,400,75.67,200,75.66,300,75.64,400,75.58,300,75.42,400,,,,,75.73,600,75.74,300,75.75,300,75.76,400,75.77,200,75.78,400,75.79,200,75.8,200,75.81,400,75.82,300
2026-01-16 09:32:43,75.715,75.72,1,75.7,800,75.73,600,75.73,75.7,75.7,800,75.69,100,75.68,400,75.67,200,75.66,300,75.64,400,75.58,300,75.42,400,,,,,75.73,600,75.74,300,75.75,300,75.76,400,75.77,200,75.78,400,75.79,200,75.8,200,75.81,400,75.82,300
2026-01-16 09:32:44,75.715,75.72,1,75.7,800,75.73,600,75.73,75.7,75.7,800,75.69,100,75.68,400,75.67,200,75.66,300,75.64,400,75.58,300,75.42,400,,,,,75.73,600,75.74,300,75.75,300,75.76,400,75.77,200,75.78,400,75.79,200,75.8,200,75.81,400,75.82,300
2026-01-16 09:32:45,75.68,75.68,1,75.67,100,75.69,100,75.69,75.67,75.67,100,75.65,200,75.64,400,75.58,300,75.42,400,,,,,,,,,,,75.69,100,75.7,300,75.71,200,75.73,600,75.74,300,75.75,300,75.76,400,75.77,200,75.78,400,75.79,200
2026-01-16 09:32:46,75.68,75.68,1,75.66,400,75.7,500,75.7,75.66,75.66,400,75.65,200,75.64,400,75.58,300,75.42,400,,,,,,,,,,,75.7,500,75.71,200,75.73,600,75.74,300,75.75,300,75.76,400,75.77,200,75.78,400,75.79,200,75.8,200
2026-01-16 09:32:47,75.68,75.68,1,75.66,400,75.7,1000,75.7,75.66,75.66,400,75.65,200,75.64,400,75.58,300,75.42,400,,,,,,,,,,,75.7,1000,75.71,200,75.73,600,75.74,300,75.75,300,75.76,400,75.77,200,75.78,400,75.79,200,75.8,200
2026-01-16 09:32:48,75.68,75.68,1,75.66,400,75.7,1000,75.7,75.66,75.66,400,75.65,200,75.64,400,75.58,300,75.42,400,,,,,,,,,,,75.7,1000,75.71,200,75.73,600,75.74,300,75.75,300,75.76,400,75.77,200,75.78,400,75.79,200,75.8,200
2026-01-16 09:32:48,75.68,75.68,1,75.66,400,75.7,1000,75.7,75.66,75.66,400,75.65,200,75.64,400,75.58,300,75.42,400,,,,,,,,,,,75.7,1000,75.71,200,75.73,600,75.74,300,75.75,300,75.76,400,75.77,200,75.78,400,75.79,200,75.8,200
2026-01-16 09:32:50,75.68,75.68,1,75.66,400,75.7,1000,75.7,75.66,75.66,400,75.65,200,75.64,400,75.58,300,75.42,400,,,,,,,,,,,75.7,1000,75.71,200,75.73,600,75.74,300,75.75,300,75.76,400,75.77,200,75.78,400,75.79,200,75.8,200
2026-01-16 09:32:51,75.645,75.68,1,75.62,600,75.67,600,75.67,75.62,75.62,600,75.58,300,75.42,400,,,,,,,,,,,,,,,75.67,600,75.68,300,75.69,200,75.7,1000,75.71,200,75.73,600,75.74,300,75.75,300,75.76,400,75.77,200
2026-01-16 09:32:52,75.645,75.62,1,75.63,100,75.66,200,75.66,75.63,75.63,100,75.62,300,75.61,200,75.58,300,75.42,400,,,,,,,,,,,75.66,200,75.67,600,75.68,300,75.69,200,75.7,1000,75.71,200,75.73,600,75.74,300,75.75,300,75.76,400
2026-01-16 09:32:52,75.69,75.69,1,75.67,300,75.71,400,75.71,75.67,75.67,300,75.66,200,75.65,200,75.63,100,75.62,300,75.61,200,75.58,300,75.42,400,,,,,75.71,400,75.73,600,75.74,300,75.75,300,75.76,400,75.77,200,75.78,400,75.79,200,75.8,200,75.81,400
2026-01-16 09:32:54,75.74,75.73,1,75.72,200,75.76,300,75.76,75.72,75.72,200,75.71,300,75.69,400,75.68,100,75.67,300,75.66,200,75.65,200,75.63,100,75.62,300,75.61,200,75.76,300,75.77,200,75.78,400,75.79,200,75.8,200,75.81,400,75.82,300,75.83,600,75.84,100,75.85,500
2026-01-16 09:32:55,75.74,75.73,1,75.72,200,75.76,300,75.76,75.72,75.72,200,75.71,300,75.69,400,75.68,100,75.67,300,75.66,200,75.65,200,75.63,100,75.62,300,75.61,200,75.76,300,75.77,200,75.78,400,75.79,200,75.8,200,75.81,400,75.82,300,75.83,600,75.84,100,75.85,500
2026-01-16 09:32:56,75.74,75.73,1,75.72,200,75.76,300,75.76,75.72,75.72,200,75.71,300,75.69,400,75.68,100,75.67,300,75.66,200,75.65,200,75.63,100,75.62,300,75.61,200,75.76,300,75.77,200,75.78,400,75.79,200,75.8,200,75.81,400,75.82,300,75.83,600,75.84,100,75.85,500
2026-01-16 09:32:57,75.745,75.73,1,75.72,200,75.77,200,75.77,75.72,75.72,200,75.71,300,75.69,400,75.68,100,75.67,300,75.66,200,75.65,200,75.63,100,75.62,300,75.61,200,75.77,200,75.78,400,75.79,200,75.8,200,75.81,400,75.82,300,75.83,600,75.84,100,75.85,500,75.86,400
2026-01-16 09:32:58,75.755,75.73,1,75.73,300,75.78,300,75.78,75.73,75.73,300,75.72,200,75.71,300,75.69,400,75.68,100,75.67,300,75.66,200,75.65,200,75.63,100,75.62,300,75.78,300,75.79,200,75.8,200,75.81,400,75.82,300,75.83,600,75.84,100,75.85,500,75.86,400,75.87,300
2026-01-16 09:32:59,75.755,75.73,1,75.73,100,75.78,300,75.78,75.73,75.73,100,75.72,300,75.71,300,75.69,400,75.68,100,75.67,300,75.66,200,75.65,200,75.63,100,75.62,300,75.78,300,75.79,200,75.8,200,75.81,400,75.82,300,75.83,600,75.84,100,75.85,500,75.86,400,75.87,300
2026-01-16 09:33:00,75.71,75.71,1,75.69,300,75.73,100,75.73,75.69,75.69,300,75.68,100,75.67,300,75.66,200,75.65,200,75.63,100,75.62,300,75.61,200,75.58,300,75.42,400,75.73,100,75.74,100,75.75,100,75.76,200,75.77,200,75.78,300,75.79,200,75.8,200,75.81,400,75.82,300
2026-01-16 09:33:01,75.725,75.73,2,75.71,100,75.74,100,75.74,75.71,75.71,100,75.7,200,75.69,400,75.68,100,75.67,300,75.66,200,75.65,200,75.63,100,75.62,300,75.61,200,75.74,100,75.75,200,75.76,200,75.77,200,75.78,300,75.79,200,75.8,200,75.81,400,75.82,300,75.83,600
2026-01-16 09:33:02,75.71,75.7,1,75.69,100,75.73,300,75.73,75.69,75.69,100,75.68,300,75.67,300,75.66,200,75.65,200,75.63,100,75.62,300,75.61,200,75.58,300,75.42,400,75.73,300,75.74,100,75.75,200,75.76,200,75.77,200,75.78,300,75.79,200,75.8,200,75.81,400,75.82,300
2026-01-16 09:33:03,75.71,75.71,3,75.69,100,75.73,200,75.73,75.69,75.69,100,75.68,300,75.67,300,75.66,200,75.65,200,75.63,100,75.62,300,75.61,200,75.58,300,75.42,400,75.73,200,75.74,100,75.75,200,75.76,200,75.77,200,75.78,300,75.79,200,75.8,200,75.81,400,75.82,300
2026-01-16 09:33:04,75.72,75.72,1,75.7,100,75.74,100,75.74,75.7,75.7,100,75.69,100,75.68,300,75.67,300,75.66,200,75.65,200,75.63,100,75.62,300,75.61,200,75.58,300,75.74,100,75.75,200,75.76,200,75.77,200,75.78,300,75.79,200,75.8,200,75.81,400,75.82,300,75.83,600
2026-01-16 09:33:05,75.715,75.72,1,75.69,100,75.74,600,75.74,75.69,75.69,100,75.68,300,75.67,300,75.66,200,75.65,200,75.63,100,75.62,300,75.61,200,75.58,300,75.42,400,75.74,600,75.75,200,75.76,200,75.77,200,75.78,300,75.79,200,75.8,200,75.81,400,75.82,300,75.83,600
2026-01-16 09:33:06,75.72,75.72,1,75.7,300,75.74,500,75.74,75.7,75.7,300,75.69,100,75.68,300,75.67,300,75.66,200,75.65,200,75.63,100,75.62,300,75.61,200,75.58,300,75.74,500,75.75,200,75.76,200,75.77,200,75.78,300,75.79,200,75.8,200,75.81,400,75.82,300,75.83,600
2026-01-16 09:33:07,75.72,75.72,1,75.7,300,75.74,400,75.74,75.7,75.7,300,75.69,100,75.68,300,75.67,300,75.66,200,75.65,200,75.63,100,75.62,300,75.61,200,75.58,300,75.74,400,75.75,200,75.76,200,75.77,200,75.78,300,75.79,200,75.8,200,75.81,400,75.82,300,75.83,600
2026-01-16 09:33:08,75.69,75.69,1,75.67,600,75.71,100,75.71,75.67,75.67,600,75.66,200,75.65,200,75.63,100,75.62,300,75.61,200,75.58,300,75.42,400,,,,,75.71,100,75.72,200,75.73,100,75.74,500,75.75,200,75.76,200,75.77,200,75.78,300,75.79,200,75.8,200
2026-01-16 09:33:09,75.705,75.69,1,75.69,400,75.72,200,75.72,75.69,75.69,400,75.68,100,75.67,500,75.66,500,75.65,100,75.64,200,75.63,300,75.62,300,75.61,200,75.58,300,75.72,200,75.73,300,75.74,500,75.75,200,75.76,200,75.77,200,75.78,300,75.79,200,75.8,200,75.81,400
2026-01-16 09:33:10,75.72,75.69,1,75.7,300,75.74,400,75.74,75.7,75.7,300,75.69,500,75.68,100,75.67,500,75.66,500,75.65,100,75.64,200,75.63,300,75.62,300,75.61,200,75.74,400,75.75,200,75.76,200,75.77,200,75.78,300,75.79,200,75.8,200,75.81,400,75.82,300,75.83,600
2026-01-16 09:33:11,75.72,75.69,1,75.7,300,75.74,400,75.74,75.7,75.7,300,75.69,500,75.68,100,75.67,500,75.66,500,75.65,100,75.64,200,75.63,300,75.62,300,75.61,200,75.74,400,75.75,200,75.76,200,75.77,200,75.78,300,75.79,200,75.8,200,75.81,400,75.82,300,75.83,600
2026-01-16 09:33:12,75.72,75.69,1,75.7,400,75.74,400,75.74,75.7,75.7,400,75.69,500,75.68,100,75.67,500,75.66,500,75.65,100,75.64,200,75.63,300,75.62,300,75.61,200,75.74,400,75.75,200,75.76,200,75.77,200,75.78,300,75.79,200,75.8,200,75.81,400,75.82,300,75.83,600
2026-01-16 09:33:13,75.72,75.69,1,75.7,400,75.74,400,75.74,75.7,75.7,400,75.69,500,75.68,100,75.67,500,75.66,500,75.65,100,75.64,200,75.63,300,75.62,300,75.61,200,75.74,400,75.75,200,75.76,200,75.77,200,75.78,300,75.79,200,75.8,200,75.81,400,75.82,300,75.83,600
2026-01-16 09:33:14,75.72,75.69,1,75.7,400,75.74,600,75.74,75.7,75.7,400,75.69,500,75.68,100,75.67,500,75.66,500,75.65,100,75.64,200,75.63,300,75.62,300,75.61,200,75.74,600,75.75,200,75.76,200,75.77,200,75.78,300,75.79,200,75.8,200,75.81,400,75.82,300,75.83,600
2026-01-16 09:33:15,75.72,75.69,1,75.7,400,75.74,600,75.74,75.7,75.7,400,75.69,500,75.68,100,75.67,500,75.66,500,75.65,100,75.64,200,75.63,300,75.62,300,75.61,200,75.74,600,75.75,200,75.76,200,75.77,200,75.78,300,75.79,200,75.8,200,75.81,400,75.82,300,75.83,600
2026-01-16 09:33:16,75.72,75.69,1,75.7,400,75.74,600,75.74,75.7,75.7,400,75.69,500,75.68,100,75.67,500,75.66,500,75.65,100,75.64,200,75.63,300,75.62,300,75.61,200,75.74,600,75.75,200,75.76,200,75.77,200,75.78,300,75.79,200,75.8,200,75.81,400,75.82,300,75.83,600
2026-01-16 09:33:17,75.72,75.72,1,75.7,400,75.74,600,75.74,75.7,75.7,400,75.69,500,75.68,100,75.67,500,75.66,500,75.65,100,75.64,200,75.63,300,75.62,300,75.61,200,75.74,600,75.75,200,75.76,200,75.77,200,75.78,300,75.79,200,75.8,200,75.81,400,75.82,300,75.83,600
2026-01-16 09:33:18,75.725,75.72,1,75.71,100,75.74,600,75.74,75.71,75.71,100,75.7,400,75.69,500,75.68,100,75.67,500,75.66,500,75.65,100,75.64,200,75.63,300,75.62,300,75.74,600,75.75,200,75.76,200,75.77,200,75.78,300,75.79,200,75.8,200,75.81,400,75.82,300,75.83,600
2026-01-16 09:33:19,75.725,75.72,1,75.71,100,75.74,600,75.74,75.71,75.71,100,75.7,400,75.69,500,75.68,100,75.67,500,75.66,500,75.65,100,75.64,200,75.63,300,75.62,300,75.74,600,75.75,200,75.76,200,75.77,200,75.78,300,75.79,200,75.8,200,75.81,400,75.82,300,75.83,600
2026-01-16 09:33:20,75.725,75.72,1,75.71,100,75.74,600,75.74,75.71,75.71,100,75.7,400,75.69,500,75.68,100,75.67,500,75.66,500,75.65,100,75.64,200,75.63,300,75.62,300,75.74,600,75.75,200,75.76,200,75.77,200,75.78,300,75.79,200,75.8,200,75.81,400,75.82,300,75.83,600
2026-01-16 09:33:21,75.755,75.74,1,75.74,700,75.77,300,75.77,75.74,75.74,700,75.73,300,75.71,200,75.7,400,75.69,500,75.68,100,75.67,500,75.66,500,75.65,100,75.64,200,75.77,300,75.78,300,75.79,200,75.8,200,75.81,400,75.82,300,75.83,600,75.84,100,75.85,500,75.86,400
2026-01-16 09:33:22,75.755,75.74,1,75.74,700,75.77,500,75.77,75.74,75.74,700,75.73,300,75.71,200,75.7,400,75.69,500,75.68,100,75.67,500,75.66,500,75.65,100,75.64,200,75.77,500,75.78,300,75.79,200,75.8,200,75.81,400,75.82,300,75.83,600,75.84,100,75.85,500,75.86,400
2026-01-16 09:33:23,75.755,75.74,1,75.74,700,75.77,500,75.77,75.74,75.74,700,75.73,300,75.71,200,75.7,400,75.69,500,75.68,100,75.67,500,75.66,500,75.65,100,75.64,200,75.77,500,75.78,300,75.79,200,75.8,200,75.81,400,75.82,300,75.83,600,75.84,100,75.85,500,75.86,400
2026-01-16 09:33:24,75.765,75.75,1,75.75,200,75.78,100,75.78,75.75,75.75,200,75.74,300,75.73,300,75.71,200,75.7,400,75.69,500,75.68,100,75.67,500,75.66,500,75.65,100,75.78,100,75.79,200,75.8,200,75.81,400,75.82,300,75.83,600,75.84,100,75.85,500,75.86,400,75.87,300
2026-01-16 09:33:25,75.735,75.73,1,75.72,300,75.75,100,75.75,75.72,75.72,300,75.71,400,75.7,400,75.69,500,75.68,100,75.67,500,75.66,500,75.65,100,75.64,200,75.63,300,75.75,100,75.76,600,75.77,200,75.78,100,75.79,200,75.8,200,75.81,400,75.82,300,75.83,600,75.84,100
2026-01-16 09:33:26,75.74,75.73,1,75.73,100,75.75,100,75.75,75.73,75.73,100,75.72,300,75.71,400,75.7,400,75.69,500,75.68,100,75.67,500,75.66,500,75.65,100,75.64,200,75.75,100,75.76,600,75.77,200,75.78,100,75.79,200,75.8,200,75.81,400,75.82,300,75.83,600,75.84,100
2026-01-16 09:33:27,75.74,75.73,1,75.73,100,75.75,100,75.75,75.73,75.73,100,75.72,300,75.71,400,75.7,400,75.69,500,75.68,100,75.67,500,75.66,500,75.65,100,75.64,200,75.75,100,75.76,600,75.77,200,75.78,100,75.79,200,75.8,200,75.81,400,75.82,300,75.83,600,75.84,100
2026-01-16 09:33:28,75.775,75.78,1,75.75,300,75.8,300,75.8,75.75,75.75,300,75.74,200,75.73,300,75.72,300,75.71,400,75.7,400,75.69,500,75.68,100,75.67,500,75.66,500,75.8,300,75.81,400,75.82,300,75.83,600,75.84,100,75.85,500,75.86,400,75.87,300,75.88,100,75.9,300
2026-01-16 09:33:29,75.745,75.77,1,75.73,300,75.76,100,75.76,75.73,75.73,300,75.72,300,75.71,400,75.7,400,75.69,500,75.68,100,75.67,500,75.66,500,75.65,100,75.64,200,75.76,100,75.77,100,75.78,200,75.79,200,75.8,300,75.81,400,75.82,300,75.83,600,75.84,100,75.85,500
2026-01-16 09:33:30,75.77,75.77,2,75.74,200,75.8,500,75.8,75.74,75.74,200,75.73,400,75.72,300,75.71,400,75.7,400,75.69,500,75.68,100,75.67,500,75.66,500,75.65,100,75.8,500,75.81,400,75.82,300,75.83,600,75.84,100,75.85,500,75.86,400,75.87,300,75.88,100,75.9,300
2026-01-16 09:33:31,75.76,75.75,4,75.74,300,75.78,500,75.78,75.74,75.74,300,75.73,400,75.72,300,75.71,400,75.7,400,75.69,500,75.68,100,75.67,500,75.66,500,75.65,100,75.78,500,75.79,100,75.8,400,75.81,400,75.82,300,75.83,600,75.84,100,75.85,500,75.86,400,75.87,300
2026-01-16 09:33:32,75.76,75.75,4,75.74,300,75.78,500,75.78,75.74,75.74,300,75.73,400,75.72,300,75.71,400,75.7,400,75.69,500,75.68,100,75.67,500,75.66,500,75.65,100,75.78,500,75.79,100,75.8,400,75.81,400,75.82,300,75.83,600,75.84,100,75.85,500,75.86,400,75.87,300
2026-01-16 09:33:33,75.765,75.75,4,75.75,100,75.78,500,75.78,75.75,75.75,100,75.74,600,75.73,400,75.72,300,75.71,400,75.7,400,75.69,500,75.68,100,75.67,500,75.66,500,75.78,500,75.79,100,75.8,400,75.81,400,75.82,300,75.83,600,75.84,100,75.85,500,75.86,400,75.87,300
2026-01-16 09:33:34,75.765,75.77,1,75.75,100,75.78,500,75.78,75.75,75.75,100,75.74,600,75.73,400,75.72,300,75.71,400,75.7,400,75.69,500,75.68,100,75.67,500,75.66,500,75.78,500,75.79,100,75.8,400,75.81,400,75.82,300,75.83,600,75.84,100,75.85,500,75.86,400,75.87,300
2026-01-16 09:33:35,75.765,75.77,1,75.75,100,75.78,800,75.78,75.75,75.75,100,75.74,600,75.73,400,75.72,300,75.71,400,75.7,400,75.69,500,75.68,100,75.67,500,75.66,500,75.78,800,75.79,100,75.8,400,75.81,400,75.82,300,75.83,600,75.84,100,75.85,500,75.86,400,75.87,300
2026-01-16 09:33:36,75.755,75.77,1,75.74,600,75.77,100,75.77,75.74,75.74,600,75.73,400,75.72,300,75.71,400,75.7,400,75.69,500,75.68,100,75.67,500,75.66,500,75.65,100,75.77,100,75.78,800,75.79,100,75.8,400,75.81,400,75.82,300,75.83,600,75.84,100,75.85,500,75.86,400
2026-01-16 09:33:37,75.755,75.77,1,75.74,600,75.77,100,75.77,75.74,75.74,600,75.73,400,75.72,300,75.71,400,75.7,400,75.69,500,75.68,100,75.67,500,75.66,500,75.65,100,75.77,100,75.78,800,75.79,100,75.8,400,75.81,400,75.82,300,75.83,600,75.84,100,75.85,500,75.86,400
2026-01-16 09:33:38,75.755,75.77,1,75.74,600,75.77,100,75.77,75.74,75.74,600,75.73,400,75.72,300,75.71,400,75.7,400,75.69,500,75.68,100,75.67,500,75.66,500,75.65,100,75.77,100,75.78,800,75.79,100,75.8,400,75.81,400,75.82,300,75.83,600,75.84,100,75.85,500,75.86,400
2026-01-16 09:33:39,75.76,75.77,1,75.75,200,75.77,100,75.77,75.75,75.75,200,75.74,600,75.73,400,75.72,300,75.71,400,75.7,400,75.69,500,75.68,100,75.67,500,75.66,500,75.77,100,75.78,800,75.79,100,75.8,400,75.81,400,75.82,300,75.83,600,75.84,100,75.85,500,75.86,400
2026-01-16 09:33:40,75.765,75.77,1,75.75,600,75.78,800,75.78,75.75,75.75,600,75.74,600,75.73,400,75.72,300,75.71,400,75.7,400,75.69,500,75.68,100,75.67,500,75.66,500,75.78,800,75.79,100,75.8,400,75.81,400,75.82,300,75.83,600,75.84,100,75.85,500,75.86,400,75.87,300
2026-01-16 09:33:41,75.765,75.77,1,75.75,600,75.78,800,75.78,75.75,75.75,600,75.74,600,75.73,400,75.72,300,75.71,400,75.7,400,75.69,500,75.68,100,75.67,500,75.66,500,75.78,800,75.79,100,75.8,400,75.81,400,75.82,300,75.83,600,75.84,100,75.85,500,75.86,400,75.87,300
2026-01-16 09:33:42,75.785,75.79,1,75.77,500,75.8,200,75.8,75.77,75.77,500,75.76,100,75.75,700,75.74,600,75.73,400,75.72,300,75.71,400,75.7,400,75.69,500,75.68,100,75.8,200,75.81,400,75.82,300,75.83,600,75.84,100,75.85,500,75.86,400,75.87,300,75.88,100,75.9,300
2026-01-16 09:33:43,75.79,75.79,2,75.77,500,75.81,100,75.81,75.77,75.77,500,75.76,100,75.75,700,75.74,600,75.73,400,75.72,300,75.71,400,75.7,400,75.69,500,75.68,100,75.81,100,75.82,300,75.83,600,75.84,100,75.85,500,75.86,400,75.87,300,75.88,100,75.9,300,75.91,300
2026-01-16 09:33:44,75.795,75.79,2,75.78,400,75.81,100,75.81,75.78,75.78,400,75.77,500,75.76,100,75.75,700,75.74,600,75.73,400,75.72,300,75.71,400,75.7,400,75.69,500,75.81,100,75.82,300,75.83,600,75.84,100,75.85,500,75.86,400,75.87,300,75.88,100,75.9,300,75.91,300
2026-01-16 09:33:45,75.795,75.79,2,75.78,400,75.81,100,75.81,75.78,75.78,400,75.77,500,75.76,100,75.75,700,75.74,600,75.73,400,75.72,300,75.71,400,75.7,400,75.69,500,75.81,100,75.82,300,75.83,600,75.84,100,75.85,500,75.86,400,75.87,300,75.88,100,75.9,300,75.91,300
2026-01-16 09:33:46,75.795,75.79,2,75.78,400,75.81,100,75.81,75.78,75.78,400,75.77,500,75.76,100,75.75,700,75.74,600,75.73,400,75.72,300,75.71,400,75.7,400,75.69,500,75.81,100,75.82,300,75.83,600,75.84,100,75.85,500,75.86,400,75.87,300,75.88,100,75.9,300,75.91,300
2026-01-16 09:33:47,75.81,75.81,1,75.79,200,75.83,200,75.83,75.79,75.79,200,75.78,400,75.77,500,75.76,100,75.75,700,75.74,600,75.73,400,75.72,300,75.71,400,75.7,400,75.83,200,75.84,100,75.85,500,75.86,400,75.87,300,75.88,100,75.9,300,75.91,300,75.93,300,75.95,400
2026-01-16 09:33:48,75.81,75.81,1,75.79,200,75.83,200,75.83,75.79,75.79,200,75.78,400,75.77,500,75.76,100,75.75,700,75.74,600,75.73,400,75.72,300,75.71,400,75.7,400,75.83,200,75.84,100,75.85,500,75.86,400,75.87,300,75.88,100,75.9,300,75.91,300,75.93,300,75.95,400
2026-01-16 09:33:49,75.81,75.81,1,75.79,200,75.83,300,75.83,75.79,75.79,200,75.78,400,75.77,500,75.76,100,75.75,700,75.74,600,75.73,400,75.72,300,75.71,400,75.7,400,75.83,300,75.84,100,75.85,500,75.86,400,75.87,300,75.88,100,75.9,300,75.91,300,75.93,300,75.95,400
2026-01-16 09:33:50,75.815,75.82,1,75.8,300,75.83,200,75.83,75.8,75.8,300,75.79,200,75.78,400,75.77,500,75.76,100,75.75,700,75.74,600,75.73,400,75.72,300,75.71,400,75.83,200,75.84,100,75.85,500,75.86,400,75.87,300,75.88,100,75.9,300,75.91,300,75.93,300,75.95,400
2026-01-16 09:33:51,75.815,75.82,1,75.8,300,75.83,200,75.83,75.8,75.8,300,75.79,200,75.78,400,75.77,500,75.76,100,75.75,700,75.74,600,75.73,400,75.72,300,75.71,400,75.83,200,75.84,100,75.85,500,75.86,400,75.87,300,75.88,100,75.9,300,75.91,300,75.93,300,75.95,400
2026-01-16 09:33:52,75.815,75.82,1,75.8,300,75.83,200,75.83,75.8,75.8,300,75.79,200,75.78,400,75.77,500,75.76,100,75.75,700,75.74,600,75.73,400,75.72,300,75.71,400,75.83,200,75.84,100,75.85,500,75.86,400,75.87,300,75.88,100,75.9,300,75.91,300,75.93,300,75.95,400
2026-01-16 09:33:53,75.845,75.83,1,75.83,100,75.86,100,75.86,75.83,75.83,100,75.82,200,75.81,200,75.8,300,75.79,200,75.78,400,75.77,500,75.76,100,75.75,700,75.74,600,75.86,100,75.87,300,75.88,100,75.9,300,75.91,300,75.93,300,75.95,400,75.96,200,75.97,600,75.98,500
2026-01-16 09:33:54,75.845,75.85,1,75.83,200,75.86,500,75.86,75.83,75.83,200,75.82,200,75.81,200,75.8,300,75.79,200,75.78,400,75.77,500,75.76,100,75.75,700,75.74,600,75.86,500,75.87,300,75.88,100,75.9,300,75.91,300,75.93,300,75.95,400,75.96,200,75.97,600,75.98,500
2026-01-16 09:33:55,75.845,75.85,1,75.83,200,75.86,500,75.86,75.83,75.83,200,75.82,200,75.81,200,75.8,300,75.79,200,75.78,400,75.77,500,75.76,100,75.75,700,75.74,600,75.86,500,75.87,300,75.88,100,75.9,300,75.91,300,75.93,300,75.95,400,75.96,200,75.97,600,75.98,500
2026-01-16 09:33:56,75.845,75.85,1,75.83,200,75.86,500,75.86,75.83,75.83,200,75.82,200,75.81,200,75.8,300,75.79,200,75.78,400,75.77,500,75.76,100,75.75,700,75.74,600,75.86,500,75.87,300,75.88,100,75.9,300,75.91,300,75.93,300,75.95,400,75.96,200,75.97,600,75.98,500
2026-01-16 09:33:57,75.845,75.85,1,75.83,200,75.86,500,75.86,75.83,75.83,200,75.82,200,75.81,200,75.8,300,75.79,200,75.78,400,75.77,500,75.76,100,75.75,700,75.74,600,75.86,500,75.87,300,75.88,100,75.9,300,75.91,300,75.93,300,75.95,400,75.96,200,75.97,600,75.98,500
2026-01-16 09:33:58,75.845,75.85,1,75.83,300,75.86,500,75.86,75.83,75.83,300,75.82,200,75.81,200,75.8,300,75.79,200,75.78,400,75.77,500,75.76,100,75.75,700,75.74,600,75.86,500,75.87,300,75.88,100,75.9,300,75.91,300,75.93,300,75.95,400,75.96,200,75.97,600,75.98,500
2026-01-16 09:33:59,75.89,75.88,1,75.88,100,75.9,200,75.9,75.88,75.88,100,75.87,300,75.86,200,75.85,300,75.84,400,75.83,400,75.82,200,75.81,200,75.8,300,75.79,200,75.9,200,75.91,900,75.93,300,75.95,400,75.96,200,75.97,600,75.98,500,75.99,300,76.0,400,,
2026-01-16 09:34:00,75.89,75.88,1,75.88,300,75.9,200,75.9,75.88,75.88,300,75.87,300,75.86,200,75.85,300,75.84,400,75.83,400,75.82,200,75.81,200,75.8,300,75.79,200,75.9,200,75.91,900,75.93,300,75.95,400,75.96,200,75.97,600,75.98,500,75.99,300,76.0,400,,
2026-01-16 09:34:01,75.89,75.88,1,75.88,300,75.9,200,75.9,75.88,75.88,300,75.87,300,75.86,200,75.85,300,75.84,400,75.83,400,75.82,200,75.81,200,75.8,300,75.79,200,75.9,200,75.91,900,75.93,300,75.95,400,75.96,200,75.97,600,75.98,500,75.99,300,76.0,400,,
2026-01-16 09:34:02,75.905,75.91,1,75.89,300,75.92,100,75.92,75.89,75.89,300,75.88,400,75.87,300,75.86,200,75.85,300,75.84,400,75.83,400,75.82,200,75.81,200,75.8,300,75.92,100,75.93,100,75.94,200,75.95,400,75.96,200,75.97,600,75.98,500,75.99,300,76.0,400,,
2026-01-16 09:34:03,75.905,75.9,2,75.89,300,75.92,100,75.92,75.89,75.89,300,75.88,400,75.87,300,75.86,200,75.85,300,75.84,400,75.83,400,75.82,200,75.81,200,75.8,300,75.92,100,75.93,100,75.94,200,75.95,400,75.96,200,75.97,600,75.98,500,75.99,300,76.0,400,,
2026-01-16 09:34:04,75.905,75.91,1,75.89,500,75.92,300,75.92,75.89,75.89,500,75.88,400,75.87,300,75.86,200,75.85,300,75.84,400,75.83,400,75.82,200,75.81,200,75.8,300,75.92,300,75.93,400,75.94,700,75.95,300,75.96,500,75.97,600,75.98,500,75.99,300,76.0,400,,
2026-01-16 09:34:05,75.915,75.94,7,75.9,900,75.93,300,75.93,75.9,75.9,900,75.89,100,75.88,600,75.87,300,75.86,200,75.85,300,75.84,400,75.83,400,75.82,200,75.81,200,75.93,300,75.94,500,75.95,200,75.96,500,75.97,600,75.98,500,75.99,300,76.0,400,,,,
2026-01-16 09:34:06,75.895,75.88,1,75.89,300,75.9,400,75.9,75.89,75.89,300,75.88,600,75.87,300,75.86,200,75.85,300,75.84,400,75.83,400,75.82,200,75.81,200,75.8,300,75.9,400,75.91,1000,75.92,100,75.93,300,75.94,500,75.95,200,75.96,500,75.97,600,75.98,500,75.99,300
2026-01-16 09:34:07,75.895,75.89,2,75.88,400,75.91,500,75.91,75.88,75.88,400,75.87,900,75.86,200,75.85,300,75.84,400,75.83,400,75.82,200,75.81,200,75.8,300,75.79,200,75.91,500,75.92,100,75.93,300,75.94,500,75.95,200,75.96,500,75.97,600,75.98,500,75.99,300,76.0,400
2026-01-16 09:34:08,75.91,75.89,3,75.88,1300,75.94,400,75.94,75.88,75.88,1300,75.87,1100,75.86,200,75.85,300,75.84,400,75.83,400,75.82,200,75.81,200,75.8,300,75.79,200,75.94,400,75.95,200,75.96,500,75.97,600,75.98,500,75.99,300,76.0,400,,,,,,
2026-01-16 09:34:09,75.915,75.92,2,75.89,800,75.94,600,75.94,75.89,75.89,800,75.88,1300,75.87,1100,75.86,200,75.85,300,75.84,400,75.83,400,75.82,200,75.81,200,75.8,300,75.94,600,75.95,200,75.96,500,75.97,600,75.98,500,75.99,300,76.0,400,,,,,,
2026-01-16 09:34:10,75.91,75.92,2,75.89,800,75.93,400,75.93,75.89,75.89,800,75.88,1300,75.87,1100,75.86,200,75.85,300,75.84,400,75.83,400,75.82,200,75.81,200,75.8,300,75.93,400,75.94,500,75.95,200,75.96,500,75.97,600,75.98,500,75.99,300,76.0,400,,,,
2026-01-16 09:34:11,75.845,75.84,1,75.84,200,75.85,300,75.85,75.84,75.84,200,75.83,300,75.82,200,75.81,200,75.8,300,75.79,200,75.78,400,75.77,500,75.76,100,75.75,700,75.85,300,75.86,600,75.87,100,75.88,100,75.89,400,75.9,300,75.93,400,75.94,500,75.95,200,75.96,500
2026-01-16 09:34:12,75.85,75.84,1,75.84,100,75.86,500,75.86,75.84,75.84,100,75.83,400,75.82,200,75.81,200,75.8,300,75.79,200,75.78,400,75.77,500,75.76,100,75.75,700,75.86,500,75.87,100,75.88,100,75.89,400,75.9,300,75.93,400,75.94,500,75.95,200,75.96,500,75.97,600
2026-01-16 09:34:13,75.855,75.84,1,75.84,200,75.87,400,75.87,75.84,75.84,200,75.83,400,75.82,200,75.81,200,75.8,300,75.79,200,75.78,400,75.77,500,75.76,100,75.75,700,75.87,400,75.88,100,75.89,400,75.9,300,75.93,400,75.94,500,75.95,200,75.96,500,75.97,600,75.98,500
2026-01-16 09:34:14,75.855,75.84,1,75.84,200,75.87,400,75.87,75.84,75.84,200,75.83,400,75.82,200,75.81,200,75.8,300,75.79,200,75.78,400,75.77,500,75.76,100,75.75,700,75.87,400,75.88,100,75.89,400,75.9,300,75.93,400,75.94,500,75.95,200,75.96,500,75.97,600,75.98,500
2026-01-16 09:34:15,75.855,75.84,1,75.84,200,75.87,400,75.87,75.84,75.84,200,75.83,400,75.82,200,75.81,200,75.8,300,75.79,200,75.78,400,75.77,500,75.76,100,75.75,700,75.87,400,75.88,100,75.89,400,75.9,300,75.93,400,75.94,500,75.95,200,75.96,500,75.97,600,75.98,500
2026-01-16 09:34:16,75.855,75.84,1,75.84,200,75.87,400,75.87,75.84,75.84,200,75.83,400,75.82,200,75.81,200,75.8,300,75.79,200,75.78,400,75.77,500,75.76,100,75.75,700,75.87,400,75.88,100,75.89,400,75.9,300,75.93,400,75.94,500,75.95,200,75.96,500,75.97,600,75.98,500
2026-01-16 09:34:17,75.835,75.84,1,75.82,700,75.85,500,75.85,75.82,75.82,700,75.81,200,75.8,300,75.79,200,75.78,400,75.77,500,75.76,100,75.75,700,75.74,600,75.73,400,75.85,500,75.86,800,75.87,400,75.88,100,75.89,400,75.9,300,75.93,400,75.94,500,75.95,200,75.96,500
2026-01-16 09:34:18,75.825,75.84,1,75.81,600,75.84,400,75.84,75.81,75.81,600,75.8,300,75.79,200,75.78,400,75.77,500,75.76,100,75.75,700,75.74,600,75.73,400,75.72,300,75.84,400,75.85,500,75.86,800,75.87,400,75.88,100,75.89,400,75.9,300,75.93,400,75.94,500,75.95,200
2026-01-16 09:34:19,75.84,75.84,1,75.82,300,75.86,800,75.86,75.82,75.82,300,75.81,600,75.8,300,75.79,200,75.78,400,75.77,500,75.76,100,75.75,700,75.74,600,75.73,400,75.86,800,75.87,400,75.88,100,75.89,400,75.9,300,75.93,400,75.94,500,75.95,200,75.96,500,75.97,600
2026-01-16 09:34:20,75.82,75.82,3,75.8,700,75.84,400,75.84,75.8,75.8,700,75.79,200,75.78,400,75.77,500,75.76,100,75.75,700,75.74,600,75.73,400,75.72,300,75.71,400,75.84,400,75.85,100,75.86,800,75.87,400,75.88,100,75.89,400,75.9,300,75.93,400,75.94,500,75.95,200
2026-01-16 09:34:21,75.825,75.83,1,75.81,500,75.84,400,75.84,75.81,75.81,500,75.8,500,75.79,200,75.78,400,75.77,500,75.76,100,75.75,700,75.74,600,75.73,400,75.72,300,75.84,400,75.85,200,75.86,600,75.87,400,75.88,100,75.89,400,75.9,300,75.93,400,75.94,500,75.95,200
2026-01-16 09:34:22,75.82,75.81,1,75.8,700,75.84,400,75.84,75.8,75.8,700,75.79,200,75.78,400,75.77,500,75.76,100,75.75,700,75.74,600,75.73,400,75.72,300,75.71,400,75.84,400,75.85,500,75.86,600,75.87,400,75.88,100,75.89,400,75.9,300,75.93,400,75.94,500,75.95,200
2026-01-16 09:34:23,75.825,75.81,1,75.81,800,75.84,800,75.84,75.81,75.81,800,75.8,200,75.79,600,75.78,300,75.77,400,75.76,400,75.75,700,75.74,600,75.73,400,75.72,300,75.84,800,75.85,500,75.86,600,75.87,400,75.88,100,75.89,400,75.9,300,75.93,400,75.94,500,75.95,200
2026-01-16 09:34:24,75.825,75.83,1,75.81,800,75.84,800,75.84,75.81,75.81,800,75.8,200,75.79,600,75.78,300,75.77,400,75.76,400,75.75,700,75.74,600,75.73,400,75.72,300,75.84,800,75.85,500,75.86,600,75.87,400,75.88,100,75.89,400,75.9,300,75.93,400,75.94,500,75.95,200
2026-01-16 09:34:25,75.795,75.79,1,75.79,500,75.8,100,75.8,75.79,75.79,500,75.78,300,75.77,400,75.76,400,75.75,700,75.74,600,75.73,400,75.72,300,75.71,400,75.7,400,75.8,100,75.81,100,75.82,400,75.83,200,75.84,700,75.85,500,75.86,600,75.87,400,75.88,100,75.89,400
2026-01-16 09:34:26,75.795,75.8,1,75.78,800,75.81,900,75.81,75.78,75.78,800,75.77,600,75.76,400,75.75,700,75.74,600,75.73,400,75.72,300,75.71,400,75.7,400,75.69,500,75.81,900,75.82,400,75.83,200,75.84,700,75.85,500,75.86,600,75.87,400,75.88,100,75.89,400,75.9,300
2026-01-16 09:34:27,75.795,75.8,1,75.78,800,75.81,900,75.81,75.78,75.78,800,75.77,600,75.76,400,75.75,700,75.74,600,75.73,400,75.72,300,75.71,400,75.7,400,75.69,500,75.81,900,75.82,400,75.83,200,75.84,700,75.85,500,75.86,600,75.87,400,75.88,100,75.89,400,75.9,300
2026-01-16 09:34:28,75.765,75.77,1,75.75,900,75.78,300,75.78,75.75,75.75,900,75.74,600,75.73,400,75.72,300,75.71,400,75.7,400,75.69,500,75.68,100,75.67,500,75.66,500,75.78,300,75.8,500,75.81,900,75.82,400,75.83,200,75.84,700,75.85,500,75.86,600,75.87,400,75.88,100
2026-01-16 09:34:29,75.765,75.77,1,75.75,900,75.78,300,75.78,75.75,75.75,900,75.74,600,75.73,400,75.72,300,75.71,400,75.7,400,75.69,500,75.68,100,75.67,500,75.66,500,75.78,300,75.79,500,75.8,500,75.81,900,75.82,400,75.83,200,75.84,700,75.85,500,75.86,600,75.87,400
2026-01-16 09:34:30,75.765,75.77,1,75.75,1000,75.78,300,75.78,75.75,75.75,1000,75.74,600,75.73,400,75.72,300,75.71,400,75.7,400,75.69,500,75.68,100,75.67,500,75.66,500,75.78,300,75.79,500,75.8,500,75.81,900,75.82,400,75.83,200,75.84,700,75.85,500,75.86,600,75.87,400
2026-01-16 09:34:31,75.75,75.75,1,75.74,1100,75.76,500,75.76,75.74,75.74,1100,75.73,400,75.72,300,75.71,400,75.7,400,75.69,500,75.68,100,75.67,500,75.66,500,75.65,100,75.76,500,75.77,200,75.78,300,75.79,500,75.8,500,75.81,900,75.82,400,75.83,200,75.84,700,75.85,500
2026-01-16 09:34:32,75.775,75.77,1,75.76,200,75.79,300,75.79,75.76,75.76,200,75.75,900,75.74,1000,75.73,400,75.72,300,75.71,400,75.7,400,75.69,500,75.68,100,75.67,500,75.79,300,75.8,500,75.81,900,75.82,400,75.83,200,75.84,700,75.85,500,75.86,600,75.87,400,75.88,100
2026-01-16 09:34:33,75.775,75.77,1,75.76,100,75.79,300,75.79,75.76,75.76,100,75.75,900,75.74,1000,75.73,400,75.72,300,75.71,400,75.7,400,75.69,500,75.68,100,75.67,500,75.79,300,75.8,500,75.81,900,75.82,400,75.83,200,75.84,700,75.85,500,75.86,600,75.87,400,75.88,100
2026-01-16 09:34:34,75.78,75.77,1,75.77,100,75.79,700,75.79,75.77,75.77,100,75.76,100,75.75,900,75.74,1000,75.73,400,75.72,300,75.71,400,75.7,400,75.69,500,75.68,100,75.79,700,75.8,500,75.81,900,75.82,400,75.83,200,75.84,700,75.85,500,75.86,600,75.87,400,75.88,100
2026-01-16 09:34:35,75.775,75.77,1,75.76,100,75.79,700,75.79,75.76,75.76,100,75.75,500,75.74,1000,75.73,400,75.72,300,75.71,400,75.7,400,75.69,500,75.68,100,75.67,500,75.79,700,75.8,500,75.81,900,75.82,400,75.83,200,75.84,700,75.85,500,75.86,600,75.87,400,75.88,100
2026-01-16 09:34:36,75.775,75.78,2,75.76,400,75.79,700,75.79,75.76,75.76,400,75.75,500,75.74,1000,75.73,400,75.72,300,75.71,400,75.7,400,75.69,500,75.68,100,75.67,500,75.79,700,75.8,500,75.81,900,75.82,400,75.83,200,75.84,700,75.85,500,75.86,600,75.87,400,75.88,100
2026-01-16 09:34:37,75.775,75.78,2,75.76,400,75.79,700,75.79,75.76,75.76,400,75.75,500,75.74,1000,75.73,400,75.72,300,75.71,400,75.7,400,75.69,500,75.68,100,75.67,500,75.79,700,75.8,500,75.81,900,75.82,400,75.83,200,75.84,700,75.85,500,75.86,600,75.87,400,75.88,100
2026-01-16 09:34:38,75.775,75.78,2,75.76,400,75.79,700,75.79,75.76,75.76,400,75.75,500,75.74,1000,75.73,400,75.72,300,75.71,400,75.7,400,75.69,500,75.68,100,75.67,500,75.79,700,75.8,500,75.81,900,75.82,400,75.83,200,75.84,700,75.85,500,75.86,600,75.87,400,75.88,100
2026-01-16 09:34:39,75.775,75.78,2,75.76,400,75.79,700,75.79,75.76,75.76,400,75.75,500,75.74,1000,75.73,400,75.72,300,75.71,400,75.7,400,75.69,500,75.68,100,75.67,500,75.79,700,75.8,500,75.81,900,75.82,400,75.83,200,75.84,700,75.85,500,75.86,600,75.87,400,75.88,100
2026-01-16 09:34:40,75.765,75.76,1,75.74,900,75.79,800,75.79,75.74,75.74,900,75.73,400,75.72,300,75.71,400,75.7,400,75.69,500,75.68,100,75.67,500,75.66,500,75.65,100,75.79,800,75.8,500,75.81,900,75.82,400,75.83,200,75.84,700,75.85,500,75.86,600,75.87,400,75.88,100
2026-01-16 09:34:41,75.765,75.76,1,75.74,900,75.79,700,75.79,75.74,75.74,900,75.73,400,75.72,300,75.71,400,75.7,400,75.69,500,75.68,100,75.67,500,75.66,500,75.65,100,75.79,700,75.8,500,75.81,900,75.82,400,75.83,200,75.84,700,75.85,500,75.86,600,75.87,400,75.88,100
2026-01-16 09:34:42,75.765,75.76,1,75.74,900,75.79,800,75.79,75.74,75.74,900,75.73,400,75.72,300,75.71,400,75.7,400,75.69,500,75.68,100,75.67,500,75.66,500,75.65,100,75.79,800,75.8,500,75.81,900,75.82,400,75.83,200,75.84,700,75.85,500,75.86,600,75.87,400,75.88,100
2026-01-16 09:34:43,75.765,75.76,1,75.74,900,75.79,800,75.79,75.74,75.74,900,75.73,400,75.72,300,75.71,400,75.7,400,75.69,500,75.68,100,75.67,500,75.66,500,75.65,100,75.79,800,75.8,500,75.81,900,75.82,400,75.83,200,75.84,700,75.85,500,75.86,600,75.87,400,75.88,100
2026-01-16 09:34:44,75.765,75.76,1,75.74,900,75.79,800,75.79,75.74,75.74,900,75.73,400,75.72,300,75.71,400,75.7,400,75.69,500,75.68,100,75.67,500,75.66,500,75.65,100,75.79,800,75.8,500,75.81,900,75.82,400,75.83,200,75.84,700,75.85,500,75.86,600,75.87,400,75.88,100
2026-01-16 09:34:45,75.75,75.74,1,75.73,800,75.77,400,75.77,75.73,75.73,800,75.72,300,75.71,400,75.7,400,75.69,500,75.68,100,75.67,500,75.66,500,75.65,100,75.64,200,75.77,400,75.78,100,75.79,800,75.8,500,75.81,900,75.82,400,75.83,200,75.84,700,75.85,500,75.86,600
2026-01-16 09:34:46,75.75,75.75,1,75.73,800,75.77,300,75.77,75.73,75.73,800,75.72,300,75.71,400,75.7,400,75.69,500,75.68,100,75.67,500,75.66,500,75.65,100,75.64,200,75.77,300,75.78,100,75.79,800,75.8,500,75.81,900,75.82,400,75.83,200,75.84,700,75.85,500,75.86,600
2026-01-16 09:34:47,75.745,75.73,1,75.73,1000,75.76,200,75.76,75.73,75.73,1000,75.72,300,75.71,400,75.7,400,75.69,500,75.68,100,75.67,500,75.66,500,75.65,100,75.64,200,75.76,200,75.77,400,75.78,100,75.79,800,75.8,500,75.81,900,75.82,400,75.83,200,75.84,700,75.85,500
2026-01-16 09:34:48,75.75,75.73,1,75.73,1000,75.77,500,75.77,75.73,75.73,1000,75.72,300,75.71,400,75.7,400,75.69,500,75.68,100,75.67,500,75.66,500,75.65,100,75.64,200,75.77,500,75.78,100,75.79,800,75.8,500,75.81,900,75.82,400,75.83,200,75.84,700,75.85,500,75.86,600
2026-01-16 09:34:49,75.76,75.75,1,75.75,400,75.77,800,75.77,75.75,75.75,400,75.73,1000,75.72,300,75.71,400,75.7,400,75.69,500,75.68,100,75.67,500,75.66,500,75.65,100,75.77,800,75.78,100,75.79,800,75.8,500,75.81,900,75.82,400,75.83,200,75.84,700,75.85,500,75.86,600
2026-01-16 09:34:50,75.78,75.78,1,75.77,100,75.79,600,75.79,75.77,75.77,100,75.76,800,75.75,300,75.73,1000,75.72,300,75.71,400,75.7,400,75.69,500,75.68,100,75.67,500,75.79,600,75.8,500,75.81,900,75.82,400,75.83,200,75.84,700,75.85,500,75.86,600,75.87,400,75.88,100
2026-01-16 09:34:51,75.78,75.78,1,75.77,100,75.79,600,75.79,75.77,75.77,100,75.76,800,75.75,300,75.73,1000,75.72,300,75.71,400,75.7,400,75.69,500,75.68,100,75.67,500,75.79,600,75.8,500,75.81,900,75.82,400,75.83,200,75.84,700,75.85,500,75.86,600,75.87,400,75.88,100
2026-01-16 09:34:52,75.78,75.79,1,75.77,600,75.79,400,75.79,75.77,75.77,600,75.76,800,75.75,900,75.73,1000,75.72,300,75.71,400,75.7,400,75.69,500,75.68,100,75.67,500,75.79,400,75.8,500,75.81,900,75.82,400,75.83,200,75.84,700,75.85,500,75.86,600,75.87,400,75.88,100
2026-01-16 09:34:53,75.775,75.79,1,75.76,800,75.79,400,75.79,75.76,75.76,800,75.75,900,75.73,1000,75.72,300,75.71,400,75.7,400,75.69,500,75.68,100,75.67,500,75.66,500,75.79,400,75.8,500,75.81,900,75.82,400,75.83,200,75.84,700,75.85,500,75.86,600,75.87,400,75.88,100
2026-01-16 09:34:54,75.775,75.79,1,75.76,800,75.79,600,75.79,75.76,75.76,800,75.75,900,75.73,1000,75.72,300,75.71,400,75.7,400,75.69,500,75.68,100,75.67,500,75.66,500,75.79,600,75.8,500,75.81,900,75.82,400,75.83,200,75.84,700,75.85,500,75.86,600,75.87,400,75.88,100
2026-01-16 09:34:55,75.78,75.78,1,75.77,800,75.79,500,75.79,75.77,75.77,800,75.76,900,75.75,900,75.73,1000,75.72,300,75.71,400,75.7,400,75.69,500,75.68,100,75.67,500,75.79,500,75.8,500,75.81,900,75.82,400,75.83,200,75.84,700,75.85,500,75.86,600,75.87,400,75.88,100
2026-01-16 09:34:56,75.78,75.78,1,75.77,800,75.79,500,75.79,75.77,75.77,800,75.76,900,75.75,900,75.73,1000,75.72,300,75.71,400,75.7,400,75.69,500,75.68,100,75.67,500,75.79,500,75.8,500,75.81,900,75.82,400,75.83,200,75.84,700,75.85,500,75.86,600,75.87,400,75.88,100
2026-01-16 09:34:57,75.785,75.78,1,75.77,800,75.8,500,75.8,75.77,75.77,800,75.76,800,75.75,900,75.73,1000,75.72,300,75.71,400,75.7,400,75.69,500,75.68,100,75.67,500,75.8,500,75.81,900,75.82,400,75.83,200,75.84,700,75.85,500,75.86,600,75.87,400,75.88,100,75.89,400
2026-01-16 09:34:58,75.755,75.75,1,75.74,400,75.77,400,75.77,75.74,75.74,400,75.73,1000,75.72,300,75.71,400,75.7,400,75.69,500,75.68,100,75.67,500,75.66,500,75.65,100,75.77,400,75.78,500,75.79,500,75.8,500,75.81,900,75.82,400,75.83,200,75.84,700,75.85,500,75.86,600
2026-01-16 09:34:59,75.75,75.76,1,75.74,300,75.76,400,75.76,75.74,75.74,300,75.73,900,75.72,300,75.71,400,75.7,400,75.69,500,75.68,100,75.67,500,75.66,500,75.65,100,75.76,400,75.77,400,75.78,500,75.79,500,75.8,500,75.81,900,75.82,400,75.83,200,75.84,700,75.85,500
2026-01-16 09:35:00,75.75,75.76,1,75.73,900,75.77,400,75.77,75.73,75.73,900,75.72,300,75.71,400,75.7,400,75.69,500,75.68,100,75.67,500,75.66,500,75.65,100,75.64,200,75.77,400,75.78,500,75.79,500,75.8,500,75.81,900,75.82,400,75.83,200,75.84,700,75.85,500,75.86,600
2026-01-16 09:35:01,75.72,75.73,1,75.7,500,75.74,600,75.74,75.7,75.7,500,75.69,500,75.68,100,75.67,500,75.66,500,75.65,100,75.64,200,75.63,300,75.62,300,75.61,200,75.74,600,75.75,300,75.76,100,75.77,400,75.78,500,75.79,500,75.8,500,75.81,900,75.82,400,75.83,200
2026-01-16 09:35:02,75.725,75.72,1,75.71,100,75.74,500,75.74,75.71,75.71,100,75.7,400,75.69,800,75.68,100,75.67,500,75.66,500,75.65,100,75.64,200,75.63,300,75.62,300,75.74,500,75.75,300,75.76,100,75.77,400,75.78,500,75.79,500,75.8,500,75.81,900,75.82,400,75.83,200
2026-01-16 09:35:03,75.735,75.72,1,75.72,700,75.75,400,75.75,75.72,75.72,700,75.71,400,75.7,400,75.69,800,75.68,100,75.67,500,75.66,500,75.65,100,75.64,200,75.63,300,75.75,400,75.76,100,75.77,400,75.78,500,75.79,500,75.8,500,75.81,900,75.82,400,75.83,200,75.84,700
2026-01-16 09:35:04,75.735,75.72,1,75.72,600,75.75,900,75.75,75.72,75.72,600,75.71,400,75.7,400,75.69,800,75.68,100,75.67,500,75.66,500,75.65,100,75.64,200,75.63,300,75.75,900,75.76,100,75.77,400,75.78,500,75.79,500,75.8,500,75.81,900,75.82,400,75.83,200,75.84,700
2026-01-16 09:35:05,75.7,75.7,1,75.69,400,75.71,400,75.71,75.69,75.69,400,75.68,100,75.67,500,75.66,500,75.65,100,75.64,200,75.63,300,75.62,300,75.61,200,75.58,300,75.71,400,75.72,300,75.73,500,75.75,800,75.76,100,75.77,400,75.78,500,75.79,500,75.8,500,75.81,900
2026-01-16 09:35:06,75.705,75.69,1,75.69,300,75.72,300,75.72,75.69,75.69,300,75.68,900,75.67,500,75.66,500,75.65,100,75.64,200,75.63,300,75.62,300,75.61,200,75.58,300,75.72,300,75.73,500,75.75,800,75.76,100,75.77,400,75.78,500,75.79,500,75.8,500,75.81,900,75.82,400
2026-01-16 09:35:07,75.715,75.7,1,75.7,600,75.73,300,75.73,75.7,75.7,600,75.69,500,75.68,900,75.67,500,75.66,500,75.65,100,75.64,200,75.63,300,75.62,300,75.61,200,75.73,300,75.75,800,75.76,100,75.77,400,75.78,500,75.79,500,75.8,500,75.81,900,75.82,400,75.83,200
2026-01-16 09:35:08,75.715,75.72,5,75.7,500,75.73,300,75.73,75.7,75.7,500,75.69,500,75.68,900,75.67,500,75.66,500,75.65,100,75.64,200,75.63,300,75.62,300,75.61,200,75.73,300,75.75,800,75.76,100,75.77,400,75.78,500,75.79,500,75.8,500,75.81,900,75.82,400,75.83,200
2026-01-16 09:35:09,75.72,75.72,5,75.7,600,75.74,400,75.74,75.7,75.7,600,75.69,500,75.68,900,75.67,500,75.66,500,75.65,100,75.64,200,75.63,300,75.62,300,75.61,200,75.74,400,75.75,800,75.76,100,75.77,400,75.78,500,75.79,500,75.8,500,75.81,900,75.82,400,75.83,200
2026-01-16 09:35:10,75.725,75.72,5,75.71,400,75.74,700,75.74,75.71,75.71,400,75.7,900,75.69,500,75.68,900,75.67,500,75.66,500,75.65,100,75.64,200,75.63,300,75.62,300,75.74,700,75.75,800,75.76,100,75.77,400,75.78,500,75.79,500,75.8,500,75.81,900,75.82,400,75.83,200
2026-01-16 09:35:11,75.74,75.75,1,75.73,800,75.75,300,75.75,75.73,75.73,800,75.72,200,75.71,400,75.7,900,75.69,500,75.68,900,75.67,500,75.66,500,75.65,100,75.64,200,75.75,300,75.76,300,75.77,700,75.78,500,75.79,500,75.8,500,75.81,900,75.82,400,75.83,200,75.84,700
2026-01-16 09:35:12,75.74,75.75,1,75.73,600,75.75,300,75.75,75.73,75.73,600,75.72,200,75.71,400,75.7,900,75.69,500,75.68,900,75.67,500,75.66,500,75.65,100,75.64,200,75.75,300,75.76,300,75.77,700,75.78,500,75.79,500,75.8,500,75.81,900,75.82,400,75.83,200,75.84,700
2026-01-16 09:35:13,75.74,75.75,1,75.73,500,75.75,700,75.75,75.73,75.73,500,75.72,200,75.71,400,75.7,900,75.69,500,75.68,900,75.67,500,75.66,500,75.65,100,75.64,200,75.75,700,75.76,300,75.77,700,75.78,500,75.79,500,75.8,500,75.81,900,75.82,400,75.83,200,75.84,700
2026-01-16 09:35:14,75.74,75.75,7,75.73,400,75.75,1100,75.75,75.73,75.73,400,75.72,100,75.71,800,75.7,900,75.69,500,75.68,900,75.67,500,75.66,500,75.65,100,75.64,200,75.75,1100,75.76,300,75.77,700,75.78,500,75.79,500,75.8,500,75.81,900,75.82,400,75.83,200,75.84,700
2026-01-16 09:35:15,75.74,75.75,7,75.73,400,75.75,1100,75.75,75.73,75.73,400,75.72,100,75.71,800,75.7,900,75.69,500,75.68,900,75.67,500,75.66,500,75.65,100,75.64,200,75.75,1100,75.76,300,75.77,700,75.78,500,75.79,500,75.8,500,75.81,900,75.82,400,75.83,200,75.84,700
2026-01-16 09:35:16,75.74,75.75,7,75.73,400,75.75,1100,75.75,75.73,75.73,400,75.72,100,75.71,800,75.7,900,75.69,500,75.68,900,75.67,500,75.66,500,75.65,100,75.64,200,75.75,1100,75.76,300,75.77,700,75.78,500,75.79,500,75.8,500,75.81,900,75.82,400,75.83,200,75.84,700
2026-01-16 09:35:17,75.74,75.75,7,75.73,300,75.75,1100,75.75,75.73,75.73,300,75.72,100,75.71,800,75.7,900,75.69,500,75.68,900,75.67,500,75.66,500,75.65,100,75.64,200,75.75,1100,75.76,300,75.77,700,75.78,500,75.79,500,75.8,500,75.81,900,75.82,400,75.83,200,75.84,700
2026-01-16 09:35:18,75.735,75.73,1,75.73,200,75.74,300,75.74,75.73,75.73,200,75.72,100,75.71,800,75.7,900,75.69,500,75.68,900,75.67,500,75.66,500,75.65,100,75.64,200,75.74,300,75.75,1100,75.76,300,75.77,700,75.78,500,75.79,500,75.8,500,75.81,900,75.82,400,75.83,200
2026-01-16 09:35:19,75.735,75.73,1,75.73,200,75.74,300,75.74,75.73,75.73,200,75.72,100,75.71,800,75.7,900,75.69,500,75.68,900,75.67,500,75.66,500,75.65,100,75.64,200,75.74,300,75.75,1100,75.76,300,75.77,700,75.78,500,75.79,500,75.8,500,75.81,900,75.82,400,75.83,200
2026-01-16 09:35:20,75.74,75.74,1,75.73,400,75.75,1000,75.75,75.73,75.73,400,75.72,100,75.71,800,75.7,900,75.69,500,75.68,900,75.67,500,75.66,500,75.65,100,75.64,200,75.75,1000,75.76,300,75.77,700,75.78,500,75.79,500,75.8,500,75.81,900,75.82,400,75.83,200,75.84,700
2026-01-16 09:35:21,75.74,75.74,1,75.73,400,75.75,1000,75.75,75.73,75.73,400,75.72,100,75.71,800,75.7,900,75.69,500,75.68,900,75.67,500,75.66,500,75.65,100,75.64,200,75.75,1000,75.76,300,75.77,700,75.78,500,75.79,500,75.8,500,75.81,900,75.82,400,75.83,200,75.84,700
2026-01-16 09:35:22,75.765,75.75,3,75.75,500,75.78,600,75.78,75.75,75.75,500,75.74,500,75.73,400,75.72,100,75.71,800,75.7,900,75.69,500,75.68,900,75.67,500,75.66,500,75.78,600,75.79,500,75.8,500,75.81,900,75.82,400,75.83,200,75.84,700,75.85,500,75.86,600,75.87,400
2026-01-16 09:35:23,75.76,75.75,3,75.75,500,75.77,400,75.77,75.75,75.75,500,75.74,500,75.73,400,75.72,100,75.71,800,75.7,900,75.69,500,75.68,900,75.67,500,75.66,500,75.77,400,75.78,600,75.79,500,75.8,500,75.81,900,75.82,400,75.83,200,75.84,700,75.85,500,75.86,600
2026-01-16 09:35:24,75.765,75.77,1,75.75,600,75.78,600,75.78,75.75,75.75,600,75.74,500,75.73,400,75.72,100,75.71,800,75.7,900,75.69,500,75.68,900,75.67,500,75.66,500,75.78,600,75.79,500,75.8,500,75.81,900,75.82,400,75.83,200,75.84,700,75.85,500,75.86,600,75.87,400
2026-01-16 09:35:25,75.745,75.75,2,75.73,300,75.76,300,75.76,75.73,75.73,300,75.72,100,75.71,800,75.7,900,75.69,500,75.68,900,75.67,500,75.66,500,75.65,100,75.64,200,75.76,300,75.77,500,75.78,700,75.79,500,75.8,500,75.81,900,75.82,400,75.83,200,75.84,700,75.85,500
2026-01-16 09:35:26,75.75,75.76,1,75.74,800,75.76,300,75.76,75.74,75.74,800,75.73,800,75.72,300,75.71,600,75.7,900,75.69,500,75.68,900,75.67,500,75.66,500,75.65,100,75.76,300,75.77,700,75.78,700,75.79,500,75.8,500,75.81,900,75.82,400,75.83,200,75.84,700,75.85,500
2026-01-16 09:35:27,75.76,75.76,1,75.75,600,75.77,500,75.77,75.75,75.75,600,75.74,800,75.73,800,75.72,300,75.71,600,75.7,900,75.69,500,75.68,900,75.67,500,75.66,500,75.77,500,75.78,700,75.79,500,75.8,500,75.81,900,75.82,400,75.83,200,75.84,700,75.85,500,75.86,600
2026-01-16 09:35:28,75.765,75.76,1,75.75,600,75.78,600,75.78,75.75,75.75,600,75.74,800,75.73,800,75.72,300,75.71,600,75.7,900,75.69,500,75.68,900,75.67,500,75.66,500,75.78,600,75.79,500,75.8,500,75.81,900,75.82,400,75.83,200,75.84,700,75.85,500,75.86,600,75.87,400
2026-01-16 09:35:29,75.75,75.75,1,75.74,100,75.76,500,75.76,75.74,75.74,100,75.73,1000,75.72,300,75.71,600,75.7,900,75.69,500,75.68,900,75.67,500,75.66,500,75.65,100,75.76,500,75.77,300,75.78,600,75.79,500,75.8,500,75.81,900,75.82,400,75.83,200,75.84,700,75.85,500
2026-01-16 09:35:30,75.75,75.75,1,75.74,100,75.76,500,75.76,75.74,75.74,100,75.73,1100,75.72,300,75.71,600,75.7,900,75.69,500,75.68,900,75.67,500,75.66,500,75.65,100,75.76,500,75.77,300,75.78,600,75.79,500,75.8,500,75.81,900,75.82,400,75.83,200,75.84,700,75.85,500
2026-01-16 09:35:31,75.755,75.75,1,75.74,500,75.77,300,75.77,75.74,75.74,500,75.73,1000,75.72,300,75.71,600,75.7,900,75.69,500,75.68,900,75.67,500,75.66,500,75.65,100,75.77,300,75.78,600,75.79,500,75.8,500,75.81,900,75.82,400,75.83,200,75.84,700,75.85,500,75.86,600
2026-01-16 09:35:32,75.755,75.75,1,75.74,500,75.77,300,75.77,75.74,75.74,500,75.73,1000,75.72,300,75.71,600,75.7,900,75.69,500,75.68,900,75.67,500,75.66,500,75.65,100,75.77,300,75.78,600,75.79,500,75.8,500,75.81,900,75.82,400,75.83,200,75.84,700,75.85,500,75.86,600
2026-01-16 09:35:33,75.73,75.72,1,75.72,800,75.74,300,75.74,75.72,75.72,800,75.71,600,75.7,900,75.69,500,75.68,900,75.67,500,75.66,500,75.65,100,75.64,200,75.63,300,75.74,300,75.75,1000,75.76,200,75.77,300,75.78,600,75.79,500,75.8,500,75.81,900,75.82,400,75.83,200
2026-01-16 09:35:34,75.735,75.72,1,75.72,800,75.75,1000,75.75,75.72,75.72,800,75.71,600,75.7,900,75.69,500,75.68,900,75.67,500,75.66,500,75.65,100,75.64,200,75.63,300,75.75,1000,75.76,200,75.77,300,75.78,600,75.79,500,75.8,500,75.81,900,75.82,400,75.83,200,75.84,700
2026-01-16 09:35:35,75.735,75.74,1,75.72,1000,75.75,1000,75.75,75.72,75.72,1000,75.71,600,75.7,900,75.69,500,75.68,900,75.67,500,75.66,500,75.65,100,75.64,200,75.63,300,75.75,1000,75.76,200,75.77,300,75.78,600,75.79,500,75.8,500,75.81,900,75.82,400,75.83,200,75.84,700
2026-01-16 09:35:36,75.735,75.75,1,75.72,1000,75.75,1000,75.75,75.72,75.72,1000,75.71,600,75.7,900,75.69,500,75.68,900,75.67,500,75.66,500,75.65,100,75.64,200,75.63,300,75.75,1000,75.76,200,75.77,300,75.78,600,75.79,500,75.8,500,75.81,900,75.82,400,75.83,200,75.84,700
2026-01-16 09:35:37,75.725,75.75,1,75.72,600,75.73,200,75.73,75.72,75.72,600,75.71,600,75.7,900,75.69,500,75.68,900,75.67,500,75.66,500,75.65,100,75.64,200,75.63,300,75.73,200,75.74,300,75.75,1000,75.76,200,75.77,300,75.78,600,75.79,500,75.8,500,75.81,900,75.82,400
2026-01-16 09:35:38,75.705,75.71,1,75.7,1100,75.71,100,75.71,75.7,75.7,1100,75.69,500,75.68,900,75.67,500,75.66,500,75.65,100,75.64,200,75.63,300,75.62,300,75.61,200,75.71,100,75.72,500,75.73,400,75.74,300,75.75,1000,75.76,200,75.77,300,75.78,600,75.79,500,75.8,500
2026-01-16 09:35:39,75.695,75.7,1,75.69,200,75.7,200,75.7,75.69,75.69,200,75.68,700,75.67,500,75.66,500,75.65,100,75.64,200,75.63,300,75.62,300,75.61,200,75.58,300,75.7,200,75.71,500,75.72,500,75.73,400,75.74,300,75.75,1000,75.76,200,75.77,300,75.78,600,75.79,500
2026-01-16 09:35:40,75.695,75.7,1,75.69,100,75.7,400,75.7,75.69,75.69,100,75.68,700,75.67,500,75.66,500,75.65,100,75.64,200,75.63,300,75.62,300,75.61,200,75.58,300,75.7,400,75.71,500,75.72,500,75.73,400,75.74,300,75.75,1000,75.76,200,75.77,300,75.78,600,75.79,500
2026-01-16 09:35:41,75.665,75.67,1,75.65,1000,75.68,500,75.68,75.65,75.65,1000,75.64,200,75.63,300,75.62,300,75.61,200,75.58,300,75.42,400,,,,,,,75.68,500,75.69,500,75.7,400,75.71,500,75.72,500,75.73,400,75.74,300,75.75,1000,75.76,200,75.77,300
2026-01-16 09:35:42,75.67,75.68,1,75.66,800,75.68,300,75.68,75.66,75.66,800,75.65,900,75.64,200,75.63,300,75.62,300,75.61,200,75.58,300,75.42,400,,,,,75.68,300,75.69,500,75.7,400,75.71,500,75.72,500,75.73,400,75.74,300,75.75,1000,75.76,200,75.77,300
2026-01-16 09:35:43,75.67,75.68,1,75.66,800,75.68,300,75.68,75.66,75.66,800,75.65,900,75.64,200,75.63,300,75.62,300,75.61,200,75.58,300,75.42,400,,,,,75.68,300,75.69,500,75.7,400,75.71,500,75.72,500,75.73,400,75.74,300,75.75,1000,75.76,200,75.77,300
2026-01-16 09:35:44,75.665,75.67,1,75.66,800,75.67,100,75.67,75.66,75.66,800,75.65,900,75.64,200,75.63,300,75.62,300,75.61,200,75.58,300,75.42,400,,,,,75.67,100,75.68,500,75.69,500,75.7,400,75.71,500,75.72,500,75.73,400,75.74,300,75.75,1000,75.76,200
2026-01-16 09:35:45,75.66,75.66,1,75.65,500,75.67,400,75.67,75.65,75.65,500,75.64,400,75.63,300,75.62,300,75.61,200,75.58,300,75.42,400,,,,,,,75.67,400,75.68,400,75.69,500,75.7,400,75.71,500,75.72,500,75.73,400,75.74,300,75.75,1000,75.76,200
2026-01-16 09:35:46,75.665,75.66,1,75.65,900,75.68,300,75.68,75.65,75.65,900,75.64,400,75.63,300,75.62,300,75.61,200,75.58,300,75.42,400,,,,,,,75.68,300,75.69,500,75.7,400,75.71,500,75.72,500,75.73,400,75.74,300,75.75,1000,75.76,200,75.77,300
2026-01-16 09:35:47,75.665,75.66,1,75.65,900,75.68,300,75.68,75.65,75.65,900,75.64,400,75.63,300,75.62,300,75.61,200,75.58,300,75.42,400,,,,,,,75.68,300,75.69,500,75.7,400,75.71,500,75.72,500,75.73,400,75.74,300,75.75,1000,75.76,200,75.77,300
2026-01-16 09:35:48,75.69,75.68,1,75.67,500,75.71,700,75.71,75.67,75.67,500,75.66,600,75.65,1000,75.64,400,75.63,300,75.62,300,75.61,200,75.58,300,75.42,400,,,75.71,700,75.72,500,75.73,400,75.74,300,75.75,1000,75.76,200,75.77,300,75.78,600,75.79,500,75.8,500
2026-01-16 09:35:49,75.7,75.68,1,75.69,600,75.71,600,75.71,75.69,75.69,600,75.68,200,75.67,600,75.66,600,75.65,1000,75.64,400,75.63,300,75.62,300,75.61,200,75.58,300,75.71,600,75.72,500,75.73,400,75.74,300,75.75,1000,75.76,200,75.77,300,75.78,600,75.79,500,75.8,500
2026-01-16 09:35:50,75.7,75.68,1,75.69,600,75.71,600,75.71,75.69,75.69,600,75.68,200,75.67,600,75.66,600,75.65,1000,75.64,400,75.63,300,75.62,300,75.61,200,75.58,300,75.71,600,75.72,500,75.73,400,75.74,300,75.75,1000,75.76,200,75.77,300,75.78,600,75.79,500,75.8,500
2026-01-16 09:35:51,75.685,75.7,1,75.67,700,75.7,700,75.7,75.67,75.67,700,75.66,600,75.65,1000,75.64,400,75.63,300,75.62,300,75.61,200,75.58,300,75.42,400,,,75.7,700,75.71,600,75.72,500,75.73,400,75.74,300,75.75,1000,75.76,200,75.77,300,75.78,600,75.79,500
2026-01-16 09:35:52,75.69,75.69,1,75.68,100,75.7,700,75.7,75.68,75.68,100,75.67,700,75.66,600,75.65,1000,75.64,400,75.63,300,75.62,300,75.61,200,75.58,300,75.42,400,75.7,700,75.71,600,75.72,500,75.73,400,75.74,300,75.75,1000,75.76,200,75.77,300,75.78,600,75.79,500
2026-01-16 09:35:53,75.69,75.69,1,75.68,200,75.7,700,75.7,75.68,75.68,200,75.67,700,75.66,600,75.65,1000,75.64,400,75.63,300,75.62,300,75.61,200,75.58,300,75.42,400,75.7,700,75.71,600,75.72,500,75.73,400,75.74,300,75.75,1000,75.76,200,75.77,300,75.78,600,75.79,500
2026-01-16 09:35:54,75.685,75.68,1,75.67,800,75.7,800,75.7,75.67,75.67,800,75.66,600,75.65,1000,75.64,400,75.63,300,75.62,300,75.61,200,75.58,300,75.42,400,,,75.7,800,75.71,600,75.72,500,75.73,400,75.74,300,75.75,1000,75.76,200,75.77,300,75.78,600,75.79,500
2026-01-16 09:35:55,75.66,75.66,1,75.65,300,75.67,400,75.67,75.65,75.65,300,75.64,500,75.63,300,75.62,300,75.61,200,75.58,300,75.42,400,,,,,,,75.67,400,75.68,400,75.7,800,75.71,600,75.72,500,75.73,400,75.74,300,75.75,1000,75.76,200,75.77,300
2026-01-16 09:35:56,75.645,75.65,6,75.63,100,75.66,400,75.66,75.63,75.63,100,75.62,700,75.61,200,75.58,300,75.42,400,,,,,,,,,,,75.66,400,75.67,500,75.68,400,75.7,800,75.71,600,75.72,500,75.73,400,75.74,300,75.75,1000,75.76,200
2026-01-16 09:35:57,75.64,75.65,6,75.63,600,75.65,300,75.65,75.63,75.63,600,75.62,700,75.61,200,75.58,300,75.42,400,,,,,,,,,,,75.65,300,75.67,500,75.68,400,75.7,800,75.71,600,75.72,500,75.73,400,75.74,300,75.75,1000,75.76,200
2026-01-16 09:35:58,75.645,75.64,1,75.63,500,75.66,400,75.66,75.63,75.63,500,75.62,700,75.61,200,75.58,300,75.42,400,,,,,,,,,,,75.66,400,75.67,500,75.68,400,75.7,800,75.71,600,75.72,500,75.73,400,75.74,300,75.75,1000,75.76,200
2026-01-16 09:35:59,75.645,75.64,1,75.63,500,75.66,400,75.66,75.63,75.63,500,75.62,700,75.61,200,75.58,300,75.42,400,,,,,,,,,,,75.66,400,75.67,500,75.68,400,75.7,800,75.71,600,75.72,500,75.73,400,75.74,300,75.75,1000,75.76,200
2026-01-16 09:36:00,75.645,75.64,1,75.63,400,75.66,400,75.66,75.63,75.63,400,75.62,700,75.61,200,75.58,300,75.42,400,,,,,,,,,,,75.66,400,75.67,500,75.68,400,75.7,800,75.71,600,75.72,500,75.73,400,75.74,300,75.75,1000,75.76,200
2026-01-16 09:36:01,75.645,75.64,1,75.63,600,75.66,300,75.66,75.63,75.63,600,75.62,700,75.61,200,75.58,300,75.42,400,,,,,,,,,,,75.66,300,75.67,500,75.68,400,75.7,800,75.71,600,75.72,500,75.73,400,75.74,300,75.75,1000,75.76,200
2026-01-16 09:36:02,75.63,75.63,1,75.62,600,75.64,1000,75.64,75.62,75.62,600,75.61,400,75.58,300,75.42,400,,,,,,,,,,,,,75.64,1000,75.66,500,75.67,500,75.68,400,75.7,800,75.71,600,75.72,500,75.73,400,75.74,300,75.75,1000
2026-01-16 09:36:03,75.645,75.64,4,75.63,600,75.66,400,75.66,75.63,75.63,600,75.62,500,75.61,400,75.58,300,75.42,400,,,,,,,,,,,75.66,400,75.67,500,75.68,400,75.7,800,75.71,600,75.72,500,75.73,400,75.74,300,75.75,1000,75.76,200
2026-01-16 09:36:04,75.66,75.66,1,75.65,600,75.67,600,75.67,75.65,75.65,600,75.64,800,75.63,600,75.62,500,75.61,400,75.58,300,75.42,400,,,,,,,75.67,600,75.68,400,75.7,800,75.71,600,75.72,500,75.73,400,75.74,300,75.75,1000,75.76,200,75.77,300
2026-01-16 09:36:05,75.685,75.68,1,75.67,500,75.7,500,75.7,75.67,75.67,500,75.66,500,75.65,600,75.64,800,75.63,600,75.62,500,75.61,400,75.58,300,75.42,400,,,75.7,500,75.71,600,75.72,500,75.73,400,75.74,300,75.75,1000,75.76,200,75.77,300,75.78,600,75.79,500
2026-01-16 09:36:06,75.675,75.67,5,75.66,400,75.69,300,75.69,75.66,75.66,400,75.65,600,75.64,800,75.63,600,75.62,500,75.61,400,75.58,300,75.42,400,,,,,75.69,300,75.71,700,75.72,500,75.73,400,75.74,300,75.75,1000,75.76,200,75.77,300,75.78,600,75.79,500
2026-01-16 09:36:07,75.675,75.67,5,75.66,300,75.69,300,75.69,75.66,75.66,300,75.65,600,75.64,800,75.63,600,75.62,500,75.61,400,75.58,300,75.42,400,,,,,75.69,300,75.71,700,75.72,500,75.73,400,75.74,300,75.75,1000,75.76,200,75.77,300,75.78,600,75.79,500
2026-01-16 09:36:08,75.675,75.67,5,75.66,300,75.69,300,75.69,75.66,75.66,300,75.65,600,75.64,800,75.63,600,75.62,500,75.61,400,75.58,300,75.42,400,,,,,75.69,300,75.71,700,75.72,500,75.73,400,75.74,300,75.75,1000,75.76,200,75.77,300,75.78,600,75.79,500
2026-01-16 09:36:09,75.695,75.69,1,75.68,500,75.71,600,75.71,75.68,75.68,500,75.67,600,75.66,300,75.65,600,75.64,800,75.63,600,75.62,500,75.61,400,75.58,300,75.42,400,75.71,600,75.72,500,75.73,400,75.74,300,75.75,1000,75.76,200,75.77,300,75.78,600,75.79,500,75.8,500
2026-01-16 09:36:10,75.685,75.68,1,75.68,600,75.69,300,75.69,75.68,75.68,600,75.67,600,75.66,300,75.65,600,75.64,800,75.63,600,75.62,500,75.61,400,75.58,300,75.42,400,75.69,300,75.7,400,75.71,300,75.72,1000,75.73,400,75.74,300,75.75,1000,75.76,200,75.77,300,75.78,600
2026-01-16 09:36:11,75.685,75.68,1,75.67,400,75.7,400,75.7,75.67,75.67,400,75.66,500,75.65,600,75.64,800,75.63,600,75.62,500,75.61,400,75.58,300,75.42,400,,,75.7,400,75.71,300,75.72,1000,75.73,400,75.74,300,75.75,1000,75.76,200,75.77,300,75.78,600,75.79,500
2026-01-16 09:36:12,75.69,75.68,1,75.68,300,75.7,300,75.7,75.68,75.68,300,75.67,300,75.66,500,75.65,600,75.64,800,75.63,600,75.62,500,75.61,400,75.58,300,75.42,400,75.7,300,75.71,300,75.72,1000,75.73,400,75.74,300,75.75,1000,75.76,200,75.77,300,75.78,600,75.79,500
2026-01-16 09:36:13,75.69,75.68,1,75.68,300,75.7,300,75.7,75.68,75.68,300,75.67,300,75.66,500,75.65,600,75.64,800,75.63,600,75.62,500,75.61,400,75.58,300,75.42,400,75.7,300,75.71,300,75.72,1000,75.73,400,75.74,300,75.75,1000,75.76,200,75.77,300,75.78,600,75.79,500
2026-01-16 09:36:14,75.69,75.68,1,75.68,300,75.7,300,75.7,75.68,75.68,300,75.67,300,75.66,500,75.65,600,75.64,800,75.63,600,75.62,500,75.61,400,75.58,300,75.42,400,75.7,300,75.71,300,75.72,1000,75.73,400,75.74,300,75.75,1000,75.76,200,75.77,300,75.78,600,75.79,500
2026-01-16 09:36:15,75.71,75.71,1,75.7,400,75.72,500,75.72,75.7,75.7,400,75.69,500,75.67,400,75.66,500,75.65,600,75.64,800,75.63,600,75.62,500,75.61,400,75.58,300,75.72,500,75.73,400,75.74,300,75.75,1000,75.76,200,75.77,300,75.78,600,75.79,500,75.8,500,75.81,900
2026-01-16 09:36:16,75.72,75.72,1,75.71,400,75.73,200,75.73,75.71,75.71,400,75.69,900,75.67,400,75.66,500,75.65,600,75.64,800,75.63,600,75.62,500,75.61,400,75.58,300,75.73,200,75.74,300,75.75,1000,75.76,200,75.77,300,75.78,600,75.79,500,75.8,500,75.81,900,75.82,400
2026-01-16 09:36:17,75.75,75.75,1,75.74,500,75.76,400,75.76,75.74,75.74,500,75.72,400,75.71,300,75.69,900,75.67,400,75.66,500,75.65,600,75.64,800,75.63,600,75.62,500,75.76,400,75.77,300,75.78,600,75.79,500,75.8,500,75.81,900,75.82,400,75.83,200,75.84,700,75.85,500
2026-01-16 09:36:18,75.77,75.75,1,75.76,100,75.78,900,75.78,75.76,75.76,100,75.75,400,75.74,500,75.72,400,75.71,300,75.69,900,75.67,400,75.66,500,75.65,600,75.64,800,75.78,900,75.79,500,75.8,500,75.81,900,75.82,400,75.83,200,75.84,700,75.85,500,75.86,600,75.87,400
2026-01-16 09:36:19,75.77,75.75,1,75.76,100,75.78,900,75.78,75.76,75.76,100,75.75,400,75.74,500,75.72,400,75.71,300,75.69,900,75.67,400,75.66,500,75.65,600,75.64,800,75.78,900,75.79,500,75.8,500,75.81,900,75.82,400,75.83,200,75.84,700,75.85,500,75.86,600,75.87,400
2026-01-16 09:36:20,75.77,75.75,1,75.76,300,75.78,900,75.78,75.76,75.76,300,75.75,400,75.74,500,75.72,400,75.71,300,75.69,900,75.67,400,75.66,500,75.65,600,75.64,800,75.78,900,75.79,500,75.8,500,75.81,900,75.82,400,75.83,200,75.84,700,75.85,500,75.86,600,75.87,400
2026-01-16 09:36:21,75.77,75.75,1,75.76,300,75.78,900,75.78,75.76,75.76,300,75.75,400,75.74,500,75.72,400,75.71,300,75.69,900,75.67,400,75.66,500,75.65,600,75.64,800,75.78,900,75.79,500,75.8,500,75.81,900,75.82,400,75.83,200,75.84,700,75.85,500,75.86,600,75.87,400
2026-01-16 09:36:22,75.77,75.75,1,75.76,300,75.78,900,75.78,75.76,75.76,300,75.75,400,75.74,500,75.72,400,75.71,300,75.69,900,75.67,400,75.66,500,75.65,600,75.64,800,75.78,900,75.79,500,75.8,500,75.81,900,75.82,400,75.83,200,75.84,700,75.85,500,75.86,600,75.87,400
2026-01-16 09:36:23,75.76,75.76,1,75.75,100,75.77,500,75.77,75.75,75.75,100,75.74,500,75.72,400,75.71,300,75.69,900,75.67,400,75.66,500,75.65,600,75.64,800,75.63,600,75.77,500,75.78,900,75.79,500,75.8,500,75.81,900,75.82,400,75.83,200,75.84,700,75.85,500,75.86,600
2026-01-16 09:36:25,75.76,75.77,1,75.75,800,75.77,500,75.77,75.75,75.75,800,75.74,500,75.72,400,75.71,300,75.69,900,75.67,400,75.66,500,75.65,600,75.64,800,75.63,600,75.77,500,75.78,800,75.79,500,75.8,500,75.81,900,75.82,400,75.83,200,75.84,700,75.85,500,75.86,600
2026-01-16 09:36:26,75.76,75.76,1,75.75,700,75.77,300,75.77,75.75,75.75,700,75.74,500,75.72,400,75.71,300,75.69,900,75.67,400,75.66,500,75.65,600,75.64,800,75.63,600,75.77,300,75.78,800,75.79,500,75.8,500,75.81,900,75.82,400,75.83,200,75.84,700,75.85,500,75.86,600
2026-01-16 09:36:27,75.745,75.75,1,75.74,400,75.75,200,75.75,75.74,75.74,400,75.72,400,75.71,300,75.69,900,75.67,400,75.66,500,75.65,600,75.64,800,75.63,600,75.62,500,75.75,200,75.76,700,75.77,500,75.78,800,75.79,500,75.8,500,75.81,900,75.82,400,75.83,200,75.84,700
2026-01-16 09:36:28,75.73,75.75,1,75.72,700,75.74,300,75.74,75.72,75.72,700,75.71,300,75.69,900,75.67,400,75.66,500,75.65,600,75.64,800,75.63,600,75.62,500,75.61,400,75.74,300,75.75,400,75.76,700,75.77,500,75.78,800,75.79,500,75.8,500,75.81,900,75.82,400,75.83,200
2026-01-16 09:36:29,75.725,75.73,1,75.72,500,75.73,300,75.73,75.72,75.72,500,75.71,300,75.69,900,75.67,400,75.66,500,75.65,600,75.64,800,75.63,600,75.62,500,75.61,400,75.73,300,75.74,300,75.75,400,75.76,700,75.77,500,75.78,800,75.79,500,75.8,500,75.81,900,75.82,400
2026-01-16 09:36:30,75.725,75.73,1,75.72,500,75.73,300,75.73,75.72,75.72,500,75.71,300,75.69,900,75.67,400,75.66,500,75.65,600,75.64,800,75.63,600,75.62,500,75.61,400,75.73,300,75.74,300,75.75,400,75.76,700,75.77,500,75.78,800,75.79,500,75.8,500,75.81,900,75.82,400
2026-01-16 09:36:31,75.725,75.73,1,75.72,600,75.73,300,75.73,75.72,75.72,600,75.71,300,75.69,900,75.67,400,75.66,500,75.65,600,75.64,800,75.63,600,75.62,500,75.61,400,75.73,300,75.74,400,75.75,200,75.76,300,75.77,500,75.78,800,75.79,500,75.8,500,75.81,900,75.82,400
2026-01-16 09:36:32,75.72,75.72,1,75.71,500,75.73,700,75.73,75.71,75.71,500,75.69,900,75.67,400,75.66,500,75.65,600,75.64,800,75.63,600,75.62,500,75.61,400,75.58,300,75.73,700,75.74,400,75.75,200,75.76,300,75.77,500,75.78,800,75.79,500,75.8,500,75.81,900,75.82,400
2026-01-16 09:36:33,75.72,75.72,1,75.71,500,75.73,700,75.73,75.71,75.71,500,75.69,900,75.67,400,75.66,500,75.65,600,75.64,800,75.63,600,75.62,500,75.61,400,75.58,300,75.73,700,75.74,400,75.75,200,75.76,300,75.77,500,75.78,800,75.79,500,75.8,500,75.81,900,75.82,400
2026-01-16 09:36:34,75.72,75.72,1,75.71,600,75.73,700,75.73,75.71,75.71,600,75.69,900,75.67,400,75.66,500,75.65,600,75.64,800,75.63,600,75.62,500,75.61,400,75.58,300,75.73,700,75.74,400,75.75,200,75.76,300,75.77,500,75.78,800,75.79,500,75.8,500,75.81,900,75.82,400
2026-01-16 09:36:35,75.73,75.73,1,75.71,800,75.75,1000,75.75,75.71,75.71,800,75.69,900,75.67,400,75.66,500,75.65,600,75.64,800,75.63,600,75.62,500,75.61,400,75.58,300,75.75,1000,75.76,300,75.77,500,75.78,800,75.79,500,75.8,500,75.81,900,75.82,400,75.83,200,75.84,700
2026-01-16 09:36:36,75.715,75.72,2,75.7,300,75.73,500,75.73,75.7,75.7,300,75.69,900,75.67,400,75.66,500,75.65,600,75.64,800,75.63,600,75.62,500,75.61,400,75.58,300,75.73,500,75.74,200,75.75,1000,75.76,300,75.77,500,75.78,800,75.79,500,75.8,500,75.81,900,75.82,400
2026-01-16 09:36:37,75.705,75.7,1,75.69,1000,75.72,400,75.72,75.69,75.69,1000,75.67,400,75.66,500,75.65,600,75.64,800,75.63,600,75.62,500,75.61,400,75.58,300,75.42,400,75.72,400,75.73,400,75.74,200,75.75,1000,75.76,300,75.77,500,75.78,800,75.79,500,75.8,500,75.81,900
2026-01-16 09:36:38,75.705,75.7,1,75.69,1000,75.72,400,75.72,75.69,75.69,1000,75.67,400,75.66,500,75.65,600,75.64,800,75.63,600,75.62,500,75.61,400,75.58,300,75.42,400,75.72,400,75.73,400,75.74,200,75.75,1000,75.76,300,75.77,500,75.78,800,75.79,500,75.8,500,75.81,900
2026-01-16 09:36:39,75.72,75.72,2,75.71,500,75.73,300,75.73,75.71,75.71,500,75.7,600,75.69,1000,75.67,400,75.66,500,75.65,600,75.64,800,75.63,600,75.62,500,75.61,400,75.73,300,75.74,200,75.75,1000,75.76,300,75.77,500,75.78,800,75.79,500,75.8,500,75.81,900,75.82,400
2026-01-16 09:36:40,75.72,75.72,2,75.71,500,75.73,300,75.73,75.71,75.71,500,75.7,600,75.69,1000,75.67,400,75.66,500,75.65,600,75.64,800,75.63,600,75.62,500,75.61,400,75.73,300,75.74,200,75.75,1000,75.76,300,75.77,500,75.78,800,75.79,500,75.8,500,75.81,900,75.82,400
2026-01-16 09:36:41,75.72,75.72,2,75.71,500,75.73,300,75.73,75.71,75.71,500,75.7,600,75.69,1000,75.67,400,75.66,500,75.65,600,75.64,800,75.63,600,75.62,500,75.61,400,75.73,300,75.74,200,75.75,1000,75.76,300,75.77,500,75.78,800,75.79,500,75.8,500,75.81,900,75.82,400
2026-01-16 09:36:42,75.72,75.72,2,75.71,500,75.73,300,75.73,75.71,75.71,500,75.7,600,75.69,1000,75.67,400,75.66,500,75.65,600,75.64,800,75.63,600,75.62,500,75.61,400,75.73,300,75.74,200,75.75,1000,75.76,300,75.77,500,75.78,800,75.79,500,75.8,500,75.81,900,75.82,400
2026-01-16 09:36:43,75.72,75.72,2,75.71,500,75.73,700,75.73,75.71,75.71,500,75.7,600,75.69,1000,75.67,400,75.66,500,75.65,600,75.64,800,75.63,600,75.62,500,75.61,400,75.73,700,75.74,200,75.75,1000,75.76,300,75.77,500,75.78,800,75.79,500,75.8,500,75.81,900,75.82,400
2026-01-16 09:36:44,75.715,75.71,1,75.7,200,75.73,800,75.73,75.7,75.7,200,75.69,1000,75.67,400,75.66,500,75.65,600,75.64,800,75.63,600,75.62,500,75.61,400,75.58,300,75.73,800,75.74,200,75.75,1000,75.76,300,75.77,500,75.78,800,75.79,500,75.8,500,75.81,900,75.82,400
2026-01-16 09:36:45,75.715,75.71,1,75.7,200,75.73,800,75.73,75.7,75.7,200,75.69,1000,75.67,400,75.66,500,75.65,600,75.64,800,75.63,600,75.62,500,75.61,400,75.58,300,75.73,800,75.74,200,75.75,1000,75.76,300,75.77,500,75.78,800,75.79,500,75.8,500,75.81,900,75.82,400
2026-01-16 09:36:46,75.715,75.7,2,75.7,200,75.73,800,75.73,75.7,75.7,200,75.69,1000,75.67,400,75.66,500,75.65,600,75.64,800,75.63,600,75.62,500,75.61,400,75.58,300,75.73,800,75.74,200,75.75,1000,75.76,300,75.77,500,75.78,800,75.79,500,75.8,500,75.81,900,75.82,400
2026-01-16 09:36:47,75.71,75.7,2,75.7,400,75.72,300,75.72,75.7,75.7,400,75.69,1000,75.67,400,75.66,500,75.65,600,75.64,800,75.63,600,75.62,500,75.61,400,75.58,300,75.72,300,75.73,700,75.74,200,75.75,1000,75.76,300,75.77,500,75.78,800,75.79,500,75.8,500,75.81,900
2026-01-16 09:36:48,75.735,75.73,1,75.72,700,75.75,1000,75.75,75.72,75.72,700,75.71,200,75.7,400,75.69,1000,75.67,400,75.66,500,75.65,600,75.64,800,75.63,600,75.62,500,75.75,1000,75.76,300,75.77,500,75.78,800,75.79,500,75.8,500,75.81,900,75.82,400,75.83,200,75.84,700
2026-01-16 09:36:49,75.735,75.72,1,75.72,500,75.75,900,75.75,75.72,75.72,500,75.71,200,75.7,400,75.69,1000,75.67,400,75.66,500,75.65,600,75.64,800,75.63,600,75.62,500,75.75,900,75.76,300,75.77,500,75.78,800,75.79,500,75.8,500,75.81,900,75.82,400,75.83,200,75.84,700
2026-01-16 09:36:50,75.735,75.72,1,75.72,500,75.75,800,75.75,75.72,75.72,500,75.71,200,75.7,400,75.69,1000,75.67,400,75.66,500,75.65,600,75.64,800,75.63,600,75.62,500,75.75,800,75.76,300,75.77,500,75.78,800,75.79,500,75.8,500,75.81,900,75.82,400,75.83,200,75.84,700
2026-01-16 09:36:51,75.74,75.72,1,75.73,400,75.75,700,75.75,75.73,75.73,400,75.72,600,75.71,200,75.7,400,75.69,1000,75.67,400,75.66,500,75.65,600,75.64,800,75.63,600,75.75,700,75.76,300,75.77,500,75.78,800,75.79,500,75.8,500,75.81,900,75.82,400,75.83,200,75.84,700
2026-01-16 09:36:52,75.74,75.72,1,75.73,400,75.75,700,75.75,75.73,75.73,400,75.72,600,75.71,200,75.7,400,75.69,1000,75.67,400,75.66,500,75.65,600,75.64,800,75.63,600,75.75,700,75.76,300,75.77,500,75.78,800,75.79,500,75.8,500,75.81,900,75.82,400,75.83,200,75.84,700
2026-01-16 09:36:53,75.74,75.72,1,75.73,400,75.75,700,75.75,75.73,75.73,400,75.72,600,75.71,200,75.7,400,75.69,1000,75.67,400,75.66,500,75.65,600,75.64,800,75.63,600,75.75,700,75.76,300,75.77,500,75.78,800,75.79,500,75.8,500,75.81,900,75.82,400,75.83,200,75.84,700
2026-01-16 09:36:54,75.74,75.72,1,75.73,400,75.75,700,75.75,75.73,75.73,400,75.72,600,75.71,200,75.7,400,75.69,1000,75.67,400,75.66,500,75.65,600,75.64,800,75.63,600,75.75,700,75.76,300,75.77,500,75.78,800,75.79,500,75.8,500,75.81,900,75.82,400,75.83,200,75.84,700
2026-01-16 09:36:55,75.74,75.72,1,75.73,400,75.75,700,75.75,75.73,75.73,400,75.72,600,75.71,200,75.7,400,75.69,1000,75.67,400,75.66,500,75.65,600,75.64,800,75.63,600,75.75,700,75.76,300,75.77,500,75.78,800,75.79,500,75.8,500,75.81,900,75.82,400,75.83,200,75.84,700
2026-01-16 09:36:56,75.74,75.74,1,75.73,300,75.75,700,75.75,75.73,75.73,300,75.72,600,75.71,200,75.7,400,75.69,1000,75.67,400,75.66,500,75.65,600,75.64,800,75.63,600,75.75,700,75.76,300,75.77,500,75.78,800,75.79,500,75.8,500,75.81,900,75.82,400,75.83,200,75.84,700
2026-01-16 09:36:57,75.74,75.74,1,75.73,300,75.75,700,75.75,75.73,75.73,300,75.72,600,75.71,200,75.7,400,75.69,1000,75.67,400,75.66,500,75.65,600,75.64,800,75.63,600,75.75,700,75.76,300,75.77,500,75.78,800,75.79,500,75.8,500,75.81,900,75.82,400,75.83,200,75.84,700
2026-01-16 09:36:58,75.74,75.74,1,75.73,300,75.75,700,75.75,75.73,75.73,300,75.72,600,75.71,200,75.7,400,75.69,1000,75.67,400,75.66,500,75.65,600,75.64,800,75.63,600,75.75,700,75.76,300,75.77,500,75.78,800,75.79,500,75.8,500,75.81,900,75.82,400,75.83,200,75.84,700
2026-01-16 09:36:59,75.74,75.74,1,75.73,300,75.75,700,75.75,75.73,75.73,300,75.72,600,75.71,200,75.7,400,75.69,1000,75.67,400,75.66,500,75.65,600,75.64,800,75.63,600,75.75,700,75.76,300,75.77,500,75.78,800,75.79,500,75.8,500,75.81,900,75.82,400,75.83,200,75.84,700
