sim_time,mid_price,last_price,last_size,best_bid_price,best_bid_size,best_ask_price,best_ask_size,close_price_buy,close_price_sell,bid1_price,bid1_size,bid2_price,bid2_size,bid3_price,bid3_size,bid4_price,bid4_size,bid5_price,bid5_size,bid6_price,bid6_size,bid7_price,bid7_size,bid8_price,bid8_size,bid9_price,bid9_size,bid10_price,bid10_size,ask1_price,ask1_size,ask2_price,ask2_size,ask3_price,ask3_size,ask4_price,ask4_size,ask5_price,ask5_size,ask6_price,ask6_size,ask7_price,ask7_size,ask8_price,ask8_size,ask9_price,ask9_size,ask10_price,ask10_size
2026-01-16 09:30:36,165.985,165.99,5,165.81,500,166.16,1000,166.16,165.81,165.81,500,,,,,,,,,,,,,,,,,,,166.16,1000,166.19,100,166.2,400,166.24,300,166.75,800,,,,,,,,,,
2026-01-16 09:30:37,166.01,166.16,1,165.86,200,166.16,900,166.16,165.86,165.86,200,165.81,500,,,,,,,,,,,,,,,,,166.16,900,166.19,100,166.2,400,166.24,300,166.75,800,,,,,,,,,,
2026-01-16 09:30:38,166.01,166.01,2,165.86,200,166.16,900,166.16,165.86,165.86,200,165.81,500,,,,,,,,,,,,,,,,,166.16,900,166.19,100,166.2,400,166.24,300,166.75,800,,,,,,,,,,
2026-01-16 09:30:38,166.01,166.01,2,165.86,200,166.16,900,166.16,165.86,165.86,200,165.81,500,,,,,,,,,,,,,,,,,166.16,900,166.19,100,166.2,400,166.24,300,166.75,800,,,,,,,,,,
2026-01-16 09:30:39,166.01,166.01,2,165.86,200,166.16,900,166.16,165.86,165.86,200,165.81,500,,,,,,,,,,,,,,,,,166.16,900,166.19,100,166.2,400,166.24,300,166.75,800,,,,,,,,,,
2026-01-16 09:30:39,166.01,166.01,2,165.86,200,166.16,900,166.16,165.86,165.86,200,165.81,500,,,,,,,,,,,,,,,,,166.16,900,166.19,100,166.2,400,166.24,300,166.75,800,,,,,,,,,,
2026-01-16 09:30:41,166.01,166.01,1,165.86,300,166.16,800,166.16,165.86,165.86,300,165.81,500,,,,,,,,,,,,,,,,,166.16,800,166.19,100,166.2,400,166.24,300,166.75,800,,,,,,,,,,
2026-01-16 09:30:43,165.99,166.01,1,165.86,400,166.12,200,166.12,165.86,165.86,400,165.81,500,,,,,,,,,,,,,,,,,166.12,200,166.16,800,166.19,100,166.2,400,166.24,300,166.75,800,,,,,,,,
2026-01-16 09:30:44,165.99,166.01,1,165.86,400,166.12,200,166.12,165.86,165.86,400,165.81,500,,,,,,,,,,,,,,,,,166.12,200,166.16,800,166.19,100,166.2,400,166.24,300,166.75,800,,,,,,,,
2026-01-16 09:30:45,165.99,166.01,1,165.86,400,166.12,200,166.12,165.86,165.86,400,165.81,500,,,,,,,,,,,,,,,,,166.12,200,166.16,800,166.19,100,166.2,400,166.24,300,166.75,800,,,,,,,,
2026-01-16 09:30:46,165.99,166.01,1,165.86,400,166.12,200,166.12,165.86,165.86,400,165.81,500,,,,,,,,,,,,,,,,,166.12,200,166.16,800,166.19,100,166.2,400,166.24,300,166.75,800,,,,,,,,
2026-01-16 09:30:47,165.99,166.01,1,165.86,400,166.12,400,166.12,165.86,165.86,400,165.81,500,,,,,,,,,,,,,,,,,166.12,400,166.16,800,166.19,100,166.2,400,166.24,300,166.75,800,,,,,,,,
2026-01-16 09:30:48,165.99,166.01,1,165.86,400,166.12,400,166.12,165.86,165.86,400,165.81,500,,,,,,,,,,,,,,,,,166.12,400,166.16,800,166.19,100,166.2,400,166.24,300,166.75,800,,,,,,,,
2026-01-16 09:30:49,165.99,166.01,1,165.86,400,166.12,400,166.12,165.86,165.86,400,165.81,500,,,,,,,,,,,,,,,,,166.12,400,166.16,800,166.19,100,166.2,400,166.24,300,166.75,800,,,,,,,,
2026-01-16 09:30:50,165.99,166.01,1,165.86,400,166.12,400,166.12,165.86,165.86,400,165.81,500,,,,,,,,,,,,,,,,,166.12,400,166.16,800,166.19,100,166.2,400,166.24,300,166.75,800,,,,,,,,
2026-01-16 09:30:51,165.99,166.01,1,165.86,400,166.12,400,166.12,165.86,165.86,400,165.81,500,,,,,,,,,,,,,,,,,166.12,400,166.16,800,166.19,100,166.2,400,166.24,300,166.75,800,,,,,,,,
2026-01-16 09:30:52,165.99,166.01,1,165.86,400,166.12,400,166.12,165.86,165.86,400,165.81,500,,,,,,,,,,,,,,,,,166.12,400,166.16,800,166.19,100,166.2,400,166.24,300,166.75,800,,,,,,,,
2026-01-16 09:30:53,165.99,166.01,1,165.86,400,166.12,400,166.12,165.86,165.86,400,165.81,500,,,,,,,,,,,,,,,,,166.12,400,166.16,800,166.19,100,166.2,400,166.24,300,166.75,800,,,,,,,,
2026-01-16 09:30:54,165.905,165.9,1,165.81,600,166.0,400,166.0,165.81,165.81,600,,,,,,,,,,,,,,,,,,,166.0,400,166.12,400,166.16,800,166.19,100,166.2,400,166.24,300,166.75,800,,,,,,
2026-01-16 09:30:55,165.905,165.9,1,165.81,600,166.0,400,166.0,165.81,165.81,600,,,,,,,,,,,,,,,,,,,166.0,400,166.12,400,166.16,800,166.19,100,166.2,400,166.24,300,166.75,800,,,,,,
2026-01-16 09:30:56,165.905,165.9,1,165.81,600,166.0,400,166.0,165.81,165.81,600,,,,,,,,,,,,,,,,,,,166.0,400,166.12,400,166.16,800,166.19,100,166.2,400,166.24,300,166.75,800,,,,,,
2026-01-16 09:30:57,165.905,165.9,1,165.81,600,166.0,400,166.0,165.81,165.81,600,,,,,,,,,,,,,,,,,,,166.0,400,166.12,400,166.16,800,166.19,100,166.2,400,166.24,300,166.75,800,,,,,,
2026-01-16 09:30:58,165.905,165.9,1,165.81,600,166.0,400,166.0,165.81,165.81,600,,,,,,,,,,,,,,,,,,,166.0,400,166.12,400,166.16,800,166.19,100,166.2,400,166.24,300,166.75,800,,,,,,
2026-01-16 09:30:59,165.905,165.9,1,165.81,600,166.0,400,166.0,165.81,165.81,600,,,,,,,,,,,,,,,,,,,166.0,400,166.12,400,166.16,800,166.19,100,166.2,400,166.24,300,166.75,800,,,,,,
2026-01-16 09:31:00,165.895,165.9,1,165.81,600,165.98,100,165.98,165.81,165.81,600,,,,,,,,,,,,,,,,,,,165.98,100,166.0,600,166.12,400,166.16,800,166.19,100,166.2,400,166.24,300,166.75,800,,,,
2026-01-16 09:31:01,165.895,165.81,1,165.81,600,165.98,100,165.98,165.81,165.81,600,,,,,,,,,,,,,,,,,,,165.98,100,166.0,600,166.12,400,166.16,800,166.19,100,166.2,400,166.24,300,166.75,800,,,,
2026-01-16 09:31:02,165.895,165.81,1,165.81,600,165.98,100,165.98,165.81,165.81,600,,,,,,,,,,,,,,,,,,,165.98,100,166.0,600,166.12,400,166.16,800,166.19,100,166.2,400,166.24,300,166.75,800,,,,
2026-01-16 09:31:03,165.895,165.81,1,165.81,600,165.98,100,165.98,165.81,165.81,600,,,,,,,,,,,,,,,,,,,165.98,100,166.0,600,166.12,400,166.16,800,166.19,100,166.2,400,166.24,300,166.75,800,,,,
2026-01-16 09:31:04,165.895,165.81,1,165.81,600,165.98,100,165.98,165.81,165.81,600,,,,,,,,,,,,,,,,,,,165.98,100,166.0,600,166.12,400,166.16,800,166.19,100,166.2,400,166.24,300,166.75,800,,,,
2026-01-16 09:31:05,165.915,165.85,1,165.83,100,166.0,600,166.0,165.83,165.83,100,165.82,100,165.81,600,,,,,,,,,,,,,,,166.0,600,166.12,400,166.16,800,166.19,100,166.2,400,166.24,300,166.75,800,,,,,,
2026-01-16 09:31:06,165.905,165.85,1,165.83,200,165.98,100,165.98,165.83,165.83,200,165.82,100,165.81,600,,,,,,,,,,,,,,,165.98,100,166.0,700,166.12,400,166.16,800,166.19,100,166.2,400,166.24,300,166.75,800,,,,
2026-01-16 09:31:07,165.895,165.85,1,165.83,200,165.96,100,165.96,165.83,165.83,200,165.82,100,165.81,600,,,,,,,,,,,,,,,165.96,100,165.97,100,165.98,100,166.0,600,166.12,400,166.16,800,166.19,100,166.2,400,166.24,300,166.75,800
2026-01-16 09:31:08,165.935,165.85,1,165.89,100,165.98,200,165.98,165.89,165.89,100,165.85,200,165.83,200,165.82,100,165.81,600,,,,,,,,,,,165.98,200,166.0,600,166.12,400,166.16,800,166.19,100,166.2,400,166.24,300,166.75,800,,,,
2026-01-16 09:31:09,165.925,165.89,1,165.87,100,165.98,200,165.98,165.87,165.87,100,165.85,100,165.83,300,165.82,100,165.81,600,,,,,,,,,,,165.98,200,166.0,600,166.12,400,166.16,800,166.19,100,166.2,400,166.24,300,166.75,800,,,,
2026-01-16 09:31:10,165.925,165.93,1,165.87,100,165.98,200,165.98,165.87,165.87,100,165.85,100,165.83,300,165.82,100,165.81,600,,,,,,,,,,,165.98,200,166.0,600,166.12,400,166.16,800,166.19,100,166.2,400,166.24,300,166.75,800,,,,
2026-01-16 09:31:11,165.935,165.9,1,165.89,100,165.98,200,165.98,165.89,165.89,100,165.88,100,165.87,100,165.85,100,165.83,300,165.82,100,165.81,600,,,,,,,165.98,200,166.0,600,166.12,400,166.16,800,166.19,100,166.2,400,166.24,300,166.75,800,,,,
2026-01-16 09:31:12,165.935,165.9,1,165.89,100,165.98,200,165.98,165.89,165.89,100,165.88,100,165.87,100,165.85,100,165.83,300,165.82,100,165.81,600,,,,,,,165.98,200,166.0,600,166.12,400,166.16,800,166.19,100,166.2,400,166.24,300,166.75,800,,,,
2026-01-16 09:31:13,165.9,165.84,1,165.82,100,165.98,400,165.98,165.82,165.82,100,165.8,100,165.79,100,165.78,200,165.77,200,165.76,100,165.75,700,,,,,,,165.98,400,166.0,600,166.12,400,166.16,800,166.19,100,166.2,400,166.24,300,166.75,800,,,,
2026-01-16 09:31:14,165.93,165.98,1,165.86,100,166.0,600,166.0,165.86,165.86,100,165.85,100,165.84,200,165.83,100,165.82,200,165.8,100,165.79,100,165.78,200,165.77,200,165.76,100,166.0,600,166.12,400,166.16,800,166.19,100,166.2,400,166.24,300,166.75,800,,,,,,
2026-01-16 09:31:15,166.075,166.05,1,165.98,300,166.17,200,166.17,165.98,165.98,300,165.95,400,165.86,100,165.84,200,165.83,100,165.82,200,165.8,100,165.79,100,165.78,200,165.77,200,166.17,200,166.19,100,166.2,400,166.24,300,166.75,800,,,,,,,,,,
2026-01-16 09:31:16,166.09,165.97,1,165.98,400,166.2,300,166.2,165.98,165.98,400,165.95,400,165.86,100,165.84,200,165.83,100,165.82,200,165.8,100,165.79,100,165.78,200,165.77,200,166.2,300,166.24,300,166.75,800,,,,,,,,,,,,,,
2026-01-16 09:31:17,166.1,166.13,1,166.0,100,166.2,300,166.2,166.0,166.0,100,165.99,100,165.98,400,165.95,400,165.86,100,165.84,200,165.83,100,165.82,200,165.8,100,165.79,100,166.2,300,166.24,300,166.75,800,,,,,,,,,,,,,,
2026-01-16 09:31:18,166.1,166.13,1,166.0,100,166.2,300,166.2,166.0,166.0,100,165.99,100,165.98,400,165.95,400,165.86,100,165.84,200,165.83,100,165.82,200,165.8,100,165.79,100,166.2,300,166.24,300,166.75,800,,,,,,,,,,,,,,
2026-01-16 09:31:19,166.1,166.13,1,166.0,100,166.2,300,166.2,166.0,166.0,100,165.99,100,165.98,400,165.95,400,165.86,100,165.84,200,165.83,100,165.82,200,165.8,100,165.79,100,166.2,300,166.24,300,166.75,800,,,,,,,,,,,,,,
2026-01-16 09:31:20,166.095,166.11,2,165.99,200,166.2,400,166.2,165.99,165.99,200,165.98,500,165.95,400,165.86,100,165.84,200,165.83,100,165.82,200,165.8,100,165.79,100,165.78,200,166.2,400,166.24,300,166.75,800,,,,,,,,,,,,,,
2026-01-16 09:31:21,166.085,166.11,2,165.97,200,166.2,400,166.2,165.97,165.97,200,165.96,200,165.95,400,165.86,100,165.84,200,165.83,100,165.82,200,165.8,100,165.79,100,165.78,200,166.2,400,166.24,300,166.75,800,,,,,,,,,,,,,,
2026-01-16 09:31:22,166.085,166.11,2,165.97,200,166.2,400,166.2,165.97,165.97,200,165.96,200,165.95,400,165.86,100,165.84,200,165.83,100,165.82,200,165.8,100,165.79,100,165.78,200,166.2,400,166.24,300,166.75,800,,,,,,,,,,,,,,
2026-01-16 09:31:23,166.1,166.11,2,166.0,200,166.2,400,166.2,166.0,166.0,200,165.99,200,165.98,100,165.97,200,165.96,200,165.95,400,165.86,100,165.84,200,165.83,100,165.82,200,166.2,400,166.24,300,166.75,800,,,,,,,,,,,,,,
2026-01-16 09:31:24,166.1,166.11,2,166.0,200,166.2,400,166.2,166.0,166.0,200,165.99,200,165.98,100,165.97,200,165.96,200,165.95,400,165.86,100,165.84,200,165.83,100,165.82,200,166.2,400,166.24,300,166.75,800,,,,,,,,,,,,,,
2026-01-16 09:31:25,166.1,166.11,2,166.0,200,166.2,400,166.2,166.0,166.0,200,165.99,200,165.98,100,165.97,200,165.96,200,165.95,400,165.86,100,165.84,200,165.83,100,165.82,200,166.2,400,166.24,300,166.75,800,,,,,,,,,,,,,,
2026-01-16 09:31:26,166.1,166.11,2,166.0,200,166.2,400,166.2,166.0,166.0,200,165.99,200,165.98,100,165.97,200,165.96,200,165.95,400,165.86,100,165.84,200,165.83,100,165.82,200,166.2,400,166.24,300,166.75,800,,,,,,,,,,,,,,
2026-01-16 09:31:27,166.1,166.1,1,166.0,400,166.2,500,166.2,166.0,166.0,400,165.99,200,165.98,100,165.97,200,165.96,200,165.95,400,165.86,100,165.84,200,165.83,100,165.82,200,166.2,500,166.24,300,166.75,800,,,,,,,,,,,,,,
2026-01-16 09:31:28,166.1,166.2,2,166.0,400,166.2,500,166.2,166.0,166.0,400,165.99,200,165.98,100,165.97,200,165.96,200,165.95,400,165.86,100,165.84,200,165.83,100,165.82,200,166.2,500,166.24,300,166.75,800,,,,,,,,,,,,,,
2026-01-16 09:31:29,166.1,166.2,2,166.0,500,166.2,500,166.2,166.0,166.0,500,165.99,200,165.98,100,165.97,200,165.96,200,165.95,400,165.86,100,165.84,200,165.83,100,165.82,200,166.2,500,166.24,300,166.75,800,,,,,,,,,,,,,,
2026-01-16 09:31:30,166.1,166.2,2,166.0,500,166.2,500,166.2,166.0,166.0,500,165.99,200,165.98,100,165.97,200,165.96,200,165.95,400,165.86,100,165.84,200,165.83,100,165.82,200,166.2,500,166.24,300,166.75,800,,,,,,,,,,,,,,
2026-01-16 09:31:31,166.1,166.2,2,166.0,500,166.2,500,166.2,166.0,166.0,500,165.99,200,165.98,100,165.97,200,165.96,200,165.95,400,165.86,100,165.84,200,165.83,100,165.82,200,166.2,500,166.24,300,166.75,800,,,,,,,,,,,,,,
2026-01-16 09:31:32,166.1,166.1,1,166.0,500,166.2,500,166.2,166.0,166.0,500,165.99,200,165.98,100,165.97,200,165.96,200,165.95,400,165.86,100,165.84,200,165.83,100,165.82,200,166.2,500,166.24,300,166.75,800,,,,,,,,,,,,,,
2026-01-16 09:31:33,166.1,166.08,4,166.0,500,166.2,700,166.2,166.0,166.0,500,165.99,200,165.98,100,165.97,200,165.96,200,165.95,400,165.86,100,165.84,200,165.83,100,165.82,200,166.2,700,166.24,300,166.75,800,,,,,,,,,,,,,,
2026-01-16 09:31:34,166.1,166.1,9,166.0,600,166.2,700,166.2,166.0,166.0,600,165.99,200,165.98,100,165.97,200,165.96,200,165.95,400,165.86,100,165.84,200,165.83,100,165.82,200,166.2,700,166.24,300,166.75,800,,,,,,,,,,,,,,
2026-01-16 09:31:35,166.1,166.1,9,166.0,500,166.2,700,166.2,166.0,166.0,500,165.99,200,165.98,100,165.97,200,165.96,200,165.95,400,165.86,100,165.84,200,165.83,100,165.82,200,166.2,700,166.24,300,166.75,800,,,,,,,,,,,,,,
2026-01-16 09:31:36,166.115,166.17,1,166.03,600,166.2,200,166.2,166.03,166.03,600,166.02,100,166.01,200,166.0,500,165.99,200,165.98,100,165.97,200,165.96,200,165.95,400,165.86,100,166.2,200,166.21,200,166.24,300,166.75,800,,,,,,,,,,,,
2026-01-16 09:31:37,166.115,166.17,1,166.03,600,166.2,200,166.2,166.03,166.03,600,166.02,100,166.01,200,166.0,500,165.99,200,165.98,100,165.97,200,165.96,200,165.95,400,165.86,100,166.2,200,166.21,200,166.24,300,166.75,800,,,,,,,,,,,,
2026-01-16 09:31:38,166.115,166.17,1,166.03,600,166.2,200,166.2,166.03,166.03,600,166.02,100,166.01,200,166.0,500,165.99,200,165.98,100,165.97,200,165.96,200,165.95,400,165.86,100,166.2,200,166.21,200,166.24,300,166.75,800,,,,,,,,,,,,
2026-01-16 09:31:39,166.115,166.17,1,166.03,700,166.2,200,166.2,166.03,166.03,700,166.02,100,166.01,200,166.0,500,165.99,200,165.98,100,165.97,200,165.96,200,165.95,400,165.86,100,166.2,200,166.21,200,166.24,300,166.75,800,,,,,,,,,,,,
2026-01-16 09:31:40,166.115,166.19,1,166.03,700,166.2,200,166.2,166.03,166.03,700,166.02,100,166.01,200,166.0,500,165.99,200,165.98,100,165.97,200,165.96,200,165.95,400,165.86,100,166.2,200,166.21,200,166.24,300,166.75,800,,,,,,,,,,,,
2026-01-16 09:31:41,166.04,166.04,2,166.03,600,166.05,300,166.05,166.03,166.03,600,166.02,100,166.01,200,166.0,500,165.99,200,165.98,100,165.97,200,165.96,200,165.95,400,165.86,100,166.05,300,166.13,100,166.17,100,166.2,200,166.21,200,166.24,300,166.75,800,,,,,,
2026-01-16 09:31:42,166.02,166.04,1,165.99,300,166.05,400,166.05,165.99,165.99,300,165.98,300,165.97,200,165.96,200,165.95,400,165.86,100,165.84,200,165.83,100,165.82,200,165.8,100,166.05,400,166.13,100,166.17,100,166.2,200,166.21,200,166.24,300,166.75,800,,,,,,
2026-01-16 09:31:43,166.025,166.03,4,166.0,100,166.05,400,166.05,166.0,166.0,100,165.99,300,165.98,300,165.97,200,165.96,200,165.95,400,165.86,100,165.84,200,165.83,100,165.82,200,166.05,400,166.13,100,166.17,100,166.2,200,166.21,200,166.24,300,166.75,800,,,,,,
2026-01-16 09:31:44,166.0,166.0,1,165.95,400,166.05,400,166.05,165.95,165.95,400,165.86,100,165.84,200,165.83,100,165.82,200,165.8,100,165.79,100,165.78,200,165.77,200,165.76,100,166.05,400,166.13,100,166.17,100,166.2,200,166.21,200,166.24,300,166.75,800,,,,,,
2026-01-16 09:31:45,166.0,166.0,1,165.95,500,166.05,400,166.05,165.95,165.95,500,165.86,100,165.84,200,165.83,100,165.82,200,165.8,100,165.79,100,165.78,200,165.77,200,165.76,100,166.05,400,166.13,100,166.17,100,166.2,200,166.21,200,166.24,300,166.75,800,,,,,,
2026-01-16 09:31:46,166.0,166.0,1,165.95,500,166.05,400,166.05,165.95,165.95,500,165.86,100,165.84,200,165.83,100,165.82,200,165.8,100,165.79,100,165.78,200,165.77,200,165.76,100,166.05,400,166.13,100,166.17,100,166.2,200,166.21,200,166.24,300,166.75,800,,,,,,
2026-01-16 09:31:47,166.0,166.0,1,165.95,600,166.05,400,166.05,165.95,165.95,600,165.86,100,165.84,200,165.83,100,165.82,200,165.8,100,165.79,100,165.78,200,165.77,200,165.76,100,166.05,400,166.13,100,166.17,100,166.2,200,166.21,200,166.24,300,166.75,800,,,,,,
2026-01-16 09:31:48,166.0,166.0,1,165.95,600,166.05,400,166.05,165.95,165.95,600,165.86,100,165.84,200,165.83,100,165.82,200,165.8,100,165.79,100,165.78,200,165.77,200,165.76,100,166.05,400,166.13,100,166.17,100,166.2,200,166.21,200,166.24,300,166.75,800,,,,,,
2026-01-16 09:31:49,166.0,166.0,5,165.95,600,166.05,400,166.05,165.95,165.95,600,165.86,100,165.84,200,165.83,100,165.82,200,165.8,100,165.79,100,165.78,200,165.77,200,165.76,100,166.05,400,166.13,100,166.17,100,166.2,200,166.21,200,166.24,300,166.75,800,,,,,,
2026-01-16 09:31:50,166.0,165.95,10,165.95,600,166.05,400,166.05,165.95,165.95,600,165.86,100,165.84,200,165.83,100,165.82,200,165.8,100,165.79,100,165.78,200,165.77,200,165.76,100,166.05,400,166.13,100,166.17,100,166.2,200,166.21,200,166.24,300,166.75,800,,,,,,
2026-01-16 09:31:51,165.95,165.95,1,165.85,100,166.05,400,166.05,165.85,165.85,100,165.84,200,165.83,100,165.82,200,165.8,100,165.79,100,165.78,200,165.77,200,165.76,100,165.75,700,166.05,400,166.13,100,166.17,100,166.2,200,166.21,200,166.24,300,166.75,800,,,,,,
2026-01-16 09:31:52,165.95,165.95,1,165.85,300,166.05,400,166.05,165.85,165.85,300,165.84,200,165.83,100,165.82,200,165.8,100,165.79,100,165.78,200,165.77,200,165.76,100,165.75,700,166.05,400,166.13,100,166.17,100,166.2,200,166.21,200,166.24,300,166.75,800,,,,,,
2026-01-16 09:31:53,165.94,165.94,1,165.85,400,166.03,200,166.03,165.85,165.85,400,165.84,200,165.83,100,165.82,200,165.8,100,165.79,100,165.78,200,165.77,200,165.76,100,165.75,700,166.03,200,166.05,400,166.13,100,166.17,100,166.2,200,166.21,200,166.24,300,166.75,800,,,,
2026-01-16 09:31:54,165.94,165.85,3,165.85,400,166.03,400,166.03,165.85,165.85,400,165.84,200,165.83,100,165.82,200,165.8,100,165.79,100,165.78,200,165.77,200,165.76,100,165.75,700,166.03,400,166.05,400,166.13,100,166.17,100,166.2,200,166.21,200,166.24,300,166.75,800,,,,
2026-01-16 09:31:55,165.925,165.85,3,165.85,400,166.0,400,166.0,165.85,165.85,400,165.84,200,165.83,100,165.82,200,165.8,100,165.79,100,165.78,200,165.77,200,165.76,100,165.75,700,166.0,400,166.02,200,166.03,700,166.05,400,166.13,100,166.17,100,166.2,200,166.21,200,166.24,300,166.75,800
2026-01-16 09:31:56,165.925,165.89,1,165.85,400,166.0,500,166.0,165.85,165.85,400,165.84,200,165.83,100,165.82,200,165.8,100,165.79,100,165.78,200,165.77,200,165.76,100,165.75,700,166.0,500,166.02,200,166.03,700,166.05,400,166.13,100,166.17,100,166.2,200,166.21,200,166.24,300,166.75,800
2026-01-16 09:31:57,165.925,165.89,1,165.85,600,166.0,700,166.0,165.85,165.85,600,165.84,200,165.83,100,165.82,200,165.8,100,165.79,100,165.78,200,165.77,200,165.76,100,165.75,700,166.0,700,166.02,200,166.03,700,166.05,400,166.13,100,166.17,100,166.2,200,166.21,200,166.24,300,166.75,800
2026-01-16 09:31:58,165.925,165.89,1,165.85,700,166.0,600,166.0,165.85,165.85,700,165.84,200,165.83,100,165.82,200,165.8,100,165.79,100,165.78,200,165.77,200,165.76,100,165.75,700,166.0,600,166.02,200,166.03,700,166.05,400,166.13,100,166.17,100,166.2,200,166.21,200,166.24,300,166.75,800
2026-01-16 09:31:59,165.925,165.89,1,165.85,700,166.0,600,166.0,165.85,165.85,700,165.84,200,165.83,100,165.82,200,165.8,100,165.79,100,165.78,200,165.77,200,165.76,100,165.75,700,166.0,600,166.02,200,166.03,700,166.05,400,166.13,100,166.17,100,166.2,200,166.21,200,166.24,300,166.75,800
2026-01-16 09:32:00,165.985,166.03,1,165.92,300,166.05,400,166.05,165.92,165.92,300,165.85,600,165.84,200,165.83,100,165.82,200,165.8,100,165.79,100,165.78,200,165.77,200,165.76,100,166.05,400,166.13,100,166.17,100,166.2,200,166.21,200,166.24,300,166.75,800,,,,,,
2026-01-16 09:32:01,165.985,166.03,1,165.92,300,166.05,400,166.05,165.92,165.92,300,165.85,600,165.84,200,165.83,100,165.82,200,165.8,100,165.79,100,165.78,200,165.77,200,165.76,100,166.05,400,166.13,100,166.17,100,166.2,200,166.21,200,166.24,300,166.75,800,,,,,,
2026-01-16 09:32:02,165.985,166.05,2,165.92,600,166.05,400,166.05,165.92,165.92,600,165.85,600,165.84,200,165.83,100,165.82,200,165.8,100,165.79,100,165.78,200,165.77,200,165.76,100,166.05,400,166.13,100,166.17,100,166.2,200,166.21,200,166.24,300,166.75,800,,,,,,
2026-01-16 09:32:03,165.995,166.05,1,165.94,300,166.05,200,166.05,165.94,165.94,300,165.92,500,165.85,600,165.84,200,165.83,100,165.82,200,165.8,100,165.79,100,165.78,200,165.77,200,166.05,200,166.06,200,166.13,100,166.17,100,166.2,200,166.21,200,166.24,300,166.75,800,,,,
2026-01-16 09:32:04,165.995,166.05,1,165.94,300,166.05,200,166.05,165.94,165.94,300,165.92,500,165.85,600,165.84,200,165.83,100,165.82,200,165.8,100,165.79,100,165.78,200,165.77,200,166.05,200,166.06,200,166.13,100,166.17,100,166.2,200,166.21,200,166.24,300,166.75,800,,,,
2026-01-16 09:32:05,165.985,166.05,1,165.92,400,166.05,200,166.05,165.92,165.92,400,165.85,600,165.84,200,165.83,100,165.82,200,165.8,100,165.79,100,165.78,200,165.77,200,165.76,100,166.05,200,166.06,200,166.13,100,166.17,100,166.2,200,166.21,200,166.24,300,166.75,800,,,,
2026-01-16 09:32:06,165.985,166.05,1,165.92,500,166.05,300,166.05,165.92,165.92,500,165.85,600,165.84,200,165.83,100,165.82,200,165.8,100,165.79,100,165.78,200,165.77,200,165.76,100,166.05,300,166.06,200,166.13,100,166.17,100,166.2,200,166.21,200,166.24,300,166.75,800,,,,
2026-01-16 09:32:07,165.995,166.05,1,165.94,100,166.05,300,166.05,165.94,165.94,100,165.92,500,165.85,600,165.84,200,165.83,100,165.82,200,165.8,100,165.79,100,165.78,200,165.77,200,166.05,300,166.06,200,166.13,100,166.17,100,166.2,200,166.21,200,166.24,300,166.75,800,,,,
2026-01-16 09:32:08,165.995,166.01,1,165.94,100,166.05,400,166.05,165.94,165.94,100,165.92,500,165.85,600,165.84,200,165.83,100,165.82,200,165.8,100,165.79,100,165.78,200,165.77,200,166.05,400,166.06,200,166.13,100,166.17,100,166.2,200,166.21,200,166.24,300,166.75,800,,,,
2026-01-16 09:32:09,165.995,166.01,1,165.94,100,166.05,400,166.05,165.94,165.94,100,165.92,500,165.85,600,165.84,200,165.83,100,165.82,200,165.8,100,165.79,100,165.78,200,165.77,200,166.05,400,166.06,200,166.13,100,166.17,100,166.2,200,166.21,200,166.24,300,166.75,800,,,,
2026-01-16 09:32:10,165.935,165.9,1,165.85,700,166.02,100,166.02,165.85,165.85,700,165.84,200,165.83,100,165.82,200,165.8,100,165.79,100,165.78,200,165.77,200,165.76,100,165.75,700,166.02,100,166.03,100,166.05,500,166.06,200,166.13,100,166.17,100,166.2,200,166.21,200,166.24,300,166.75,800
2026-01-16 09:32:11,165.95,165.95,6,165.85,700,166.05,500,166.05,165.85,165.85,700,165.84,200,165.83,100,165.82,200,165.8,100,165.79,100,165.78,200,165.77,200,165.76,100,165.75,700,166.05,500,166.06,200,166.13,100,166.17,100,166.2,200,166.21,200,166.24,300,166.75,800,,,,
2026-01-16 09:32:12,165.955,165.95,6,165.86,300,166.05,700,166.05,165.86,165.86,300,165.85,800,165.84,200,165.83,100,165.82,200,165.8,100,165.79,100,165.78,200,165.77,200,165.76,100,166.05,700,166.06,200,166.13,100,166.17,100,166.2,200,166.21,200,166.24,300,166.75,800,,,,
2026-01-16 09:32:13,165.955,165.95,6,165.86,300,166.05,700,166.05,165.86,165.86,300,165.85,800,165.84,200,165.83,100,165.82,200,165.8,100,165.79,100,165.78,200,165.77,200,165.76,100,166.05,700,166.06,200,166.13,100,166.17,100,166.2,200,166.21,200,166.24,300,166.75,800,,,,
2026-01-16 09:32:14,165.955,165.95,6,165.86,200,166.05,900,166.05,165.86,165.86,200,165.85,800,165.84,200,165.83,100,165.82,200,165.8,100,165.79,100,165.78,200,165.77,200,165.76,100,166.05,900,166.06,200,166.13,100,166.17,100,166.2,200,166.21,200,166.24,300,166.75,800,,,,
2026-01-16 09:32:15,165.915,165.92,1,165.85,100,165.98,500,165.98,165.85,165.85,100,165.84,100,165.83,100,165.82,100,165.81,100,165.79,100,165.78,100,165.77,200,165.76,100,165.75,700,165.98,500,165.99,100,166.0,100,166.04,100,166.05,1000,166.06,200,166.13,100,166.17,100,166.2,200,166.21,200
2026-01-16 09:32:16,166.12,166.06,1,166.04,100,166.2,400,166.2,166.04,166.04,100,166.01,300,165.97,200,165.93,100,165.85,200,165.84,100,165.83,100,165.82,100,165.81,100,165.79,100,166.2,400,166.21,200,166.24,300,166.75,800,,,,,,,,,,,,
2026-01-16 09:32:17,166.12,166.12,5,166.04,100,166.2,400,166.2,166.04,166.04,100,166.01,300,165.97,200,165.93,100,165.85,200,165.84,100,165.83,100,165.82,100,165.81,100,165.79,100,166.2,400,166.21,200,166.24,300,166.75,800,,,,,,,,,,,,
2026-01-16 09:32:18,166.12,166.12,5,166.04,100,166.2,400,166.2,166.04,166.04,100,166.01,300,165.97,200,165.93,100,165.85,200,165.84,100,165.83,100,165.82,100,165.81,100,165.79,100,166.2,400,166.21,200,166.24,300,166.75,800,,,,,,,,,,,,
2026-01-16 09:32:19,166.12,166.12,5,166.04,200,166.2,600,166.2,166.04,166.04,200,166.01,300,165.97,200,165.93,100,165.85,200,165.84,100,165.83,100,165.82,100,165.81,100,165.79,100,166.2,600,166.21,200,166.24,300,166.75,800,,,,,,,,,,,,
2026-01-16 09:32:20,166.12,166.12,5,166.04,200,166.2,600,166.2,166.04,166.04,200,166.01,300,165.97,200,165.93,100,165.85,200,165.84,100,165.83,100,165.82,100,165.81,100,165.79,100,166.2,600,166.21,200,166.24,300,166.75,800,,,,,,,,,,,,
2026-01-16 09:32:21,166.12,166.19,1,166.04,200,166.2,600,166.2,166.04,166.04,200,166.01,300,165.97,200,165.93,100,165.85,200,165.84,100,165.83,100,165.82,100,165.81,100,165.79,100,166.2,600,166.21,200,166.24,300,166.75,800,,,,,,,,,,,,
2026-01-16 09:32:22,166.095,166.19,1,166.04,200,166.15,100,166.15,166.04,166.04,200,166.01,300,165.97,200,165.93,100,165.85,200,165.84,100,165.83,100,165.82,100,165.81,100,165.79,100,166.15,100,166.2,600,166.21,200,166.24,300,166.75,800,,,,,,,,,,
2026-01-16 09:32:24,166.095,166.04,1,166.04,200,166.15,100,166.15,166.04,166.04,200,166.01,300,165.97,200,165.93,100,165.85,200,165.84,100,165.83,100,165.82,100,165.81,100,165.79,100,166.15,100,166.2,600,166.21,200,166.24,300,166.75,800,,,,,,,,,,
2026-01-16 09:32:25,166.095,166.04,1,166.04,200,166.15,100,166.15,166.04,166.04,200,166.01,300,165.97,200,165.93,100,165.85,200,165.84,100,165.83,100,165.82,100,165.81,100,165.79,100,166.15,100,166.2,600,166.21,200,166.24,300,166.75,800,,,,,,,,,,
2026-01-16 09:32:26,166.095,166.04,1,166.04,400,166.15,300,166.15,166.04,166.04,400,166.01,300,165.97,200,165.93,100,165.85,200,165.84,100,165.83,100,165.82,100,165.81,100,165.79,100,166.15,300,166.2,600,166.21,200,166.24,300,166.75,800,,,,,,,,,,
2026-01-16 09:32:26,166.095,166.04,1,166.04,400,166.15,300,166.15,166.04,166.04,400,166.01,300,165.97,200,165.93,100,165.85,200,165.84,100,165.83,100,165.82,100,165.81,100,165.79,100,166.15,300,166.2,600,166.21,200,166.24,300,166.75,800,,,,,,,,,,
2026-01-16 09:32:27,166.095,166.04,1,166.04,400,166.15,300,166.15,166.04,166.04,400,166.01,300,165.97,200,165.93,100,165.85,200,165.84,100,165.83,100,165.82,100,165.81,100,165.79,100,166.15,300,166.2,600,166.21,200,166.24,300,166.75,800,,,,,,,,,,
2026-01-16 09:32:29,165.93,165.93,1,165.85,200,166.01,900,166.01,165.85,165.85,200,165.83,100,165.76,200,165.75,700,,,,,,,,,,,,,166.01,900,166.02,100,166.05,200,166.07,100,166.09,400,166.15,400,166.2,600,166.21,200,166.24,300,166.75,800
2026-01-16 09:32:30,165.93,165.93,1,165.85,200,166.01,900,166.01,165.85,165.85,200,165.83,100,165.76,200,165.75,700,,,,,,,,,,,,,166.01,900,166.02,100,166.05,200,166.07,100,166.09,400,166.15,400,166.2,600,166.21,200,166.24,300,166.75,800
2026-01-16 09:32:30,165.93,165.93,1,165.85,200,166.01,900,166.01,165.85,165.85,200,165.83,100,165.76,200,165.75,700,,,,,,,,,,,,,166.01,900,166.02,100,166.05,200,166.07,100,166.09,400,166.15,400,166.2,600,166.21,200,166.24,300,166.75,800
2026-01-16 09:32:31,165.93,165.93,1,165.85,200,166.01,900,166.01,165.85,165.85,200,165.83,100,165.76,200,165.75,700,,,,,,,,,,,,,166.01,900,166.02,100,166.05,200,166.07,100,166.09,400,166.15,400,166.2,600,166.21,200,166.24,300,166.75,800
2026-01-16 09:32:33,166.075,166.03,1,166.0,200,166.15,400,166.15,166.0,166.0,200,165.99,400,165.96,200,165.94,100,165.93,200,165.87,100,165.86,300,165.85,200,165.83,100,165.76,200,166.15,400,166.2,600,166.21,200,166.24,300,166.75,800,,,,,,,,,,
2026-01-16 09:32:33,166.075,166.08,1,166.0,200,166.15,500,166.15,166.0,166.0,200,165.99,400,165.96,200,165.94,100,165.93,200,165.87,100,165.86,300,165.85,200,165.83,100,165.76,200,166.15,500,166.2,600,166.21,200,166.24,300,166.75,800,,,,,,,,,,
2026-01-16 09:32:35,166.075,166.08,1,166.0,200,166.15,500,166.15,166.0,166.0,200,165.99,400,165.96,200,165.94,100,165.93,200,165.87,100,165.86,300,165.85,200,165.83,100,165.76,200,166.15,500,166.2,600,166.21,200,166.24,300,166.75,800,,,,,,,,,,
2026-01-16 09:32:35,166.075,166.08,1,166.0,400,166.15,500,166.15,166.0,166.0,400,165.99,400,165.96,200,165.94,100,165.93,200,165.87,100,165.86,300,165.85,200,165.83,100,165.76,200,166.15,500,166.2,600,166.21,200,166.24,300,166.75,800,,,,,,,,,,
2026-01-16 09:32:36,166.075,166.12,1,166.0,600,166.15,500,166.15,166.0,166.0,600,165.99,400,165.96,200,165.94,100,165.93,200,165.87,100,165.86,300,165.85,200,165.83,100,165.76,200,166.15,500,166.2,600,166.21,200,166.24,300,166.75,800,,,,,,,,,,
2026-01-16 09:32:37,166.075,166.0,1,166.0,600,166.15,500,166.15,166.0,166.0,600,165.99,400,165.96,200,165.94,100,165.93,200,165.87,100,165.86,300,165.85,200,165.83,100,165.76,200,166.15,500,166.2,600,166.21,200,166.24,300,166.75,800,,,,,,,,,,
2026-01-16 09:32:39,166.075,166.0,1,166.0,500,166.15,500,166.15,166.0,166.0,500,165.99,400,165.96,200,165.94,100,165.93,200,165.87,100,165.86,300,165.85,200,165.83,100,165.76,200,166.15,500,166.2,600,166.21,200,166.24,300,166.75,800,,,,,,,,,,
2026-01-16 09:32:40,166.08,166.08,1,166.01,100,166.15,500,166.15,166.01,166.01,100,166.0,500,165.99,400,165.96,200,165.94,100,165.93,200,165.87,100,165.86,300,165.85,200,165.83,100,166.15,500,166.2,600,166.21,200,166.24,300,166.75,800,,,,,,,,,,
2026-01-16 09:32:41,166.105,166.15,1,166.06,100,166.15,500,166.15,166.06,166.06,100,166.02,100,166.01,100,166.0,500,165.99,400,165.96,200,165.94,100,165.93,200,165.87,100,165.86,300,166.15,500,166.2,600,166.21,200,166.24,300,166.75,800,,,,,,,,,,
2026-01-16 09:32:42,166.115,166.12,1,166.08,300,166.15,500,166.15,166.08,166.08,300,166.06,100,166.02,100,166.01,100,166.0,500,165.99,400,165.96,200,165.94,100,165.93,200,165.87,100,166.15,500,166.2,600,166.21,200,166.24,300,166.75,800,,,,,,,,,,
2026-01-16 09:32:43,166.115,166.09,5,166.08,300,166.15,500,166.15,166.08,166.08,300,166.06,100,166.02,100,166.01,100,166.0,500,165.99,400,165.96,200,165.94,100,165.93,200,165.87,100,166.15,500,166.2,600,166.21,200,166.24,300,166.75,800,,,,,,,,,,
2026-01-16 09:32:44,166.115,166.09,5,166.08,400,166.15,500,166.15,166.08,166.08,400,166.06,100,166.02,100,166.01,100,166.0,500,165.99,400,165.96,200,165.94,100,165.93,200,165.87,100,166.15,500,166.2,600,166.21,200,166.24,300,166.75,800,,,,,,,,,,
2026-01-16 09:32:45,166.115,166.09,5,166.08,400,166.15,500,166.15,166.08,166.08,400,166.06,100,166.02,100,166.01,100,166.0,500,165.99,400,165.96,200,165.94,100,165.93,200,165.87,100,166.15,500,166.2,600,166.21,200,166.24,300,166.75,800,,,,,,,,,,
2026-01-16 09:32:46,166.17,166.2,1,166.14,500,166.2,300,166.2,166.14,166.14,500,166.12,100,166.08,600,166.06,100,166.02,100,166.01,100,166.0,500,165.99,400,165.96,200,165.94,100,166.2,300,166.25,100,166.75,800,,,,,,,,,,,,,,
2026-01-16 09:32:47,166.17,166.2,4,166.14,400,166.2,300,166.2,166.14,166.14,400,166.12,100,166.08,600,166.06,100,166.02,100,166.01,100,166.0,500,165.99,400,165.96,200,165.94,100,166.2,300,166.25,100,166.75,800,,,,,,,,,,,,,,
2026-01-16 09:32:48,166.22,166.22,1,166.19,200,166.25,100,166.25,166.19,166.19,200,166.17,200,166.1,100,166.08,600,166.06,100,166.02,100,166.01,100,166.0,500,165.99,400,165.96,200,166.25,100,166.75,800,,,,,,,,,,,,,,,,
2026-01-16 09:32:48,166.32,166.3,1,166.28,300,166.36,100,166.36,166.28,166.28,300,166.27,300,166.26,400,166.22,200,166.19,400,166.17,200,166.1,100,166.08,600,166.06,100,166.02,100,166.36,100,166.75,800,,,,,,,,,,,,,,,,
2026-01-16 09:32:50,166.355,166.36,1,166.28,300,166.43,100,166.43,166.28,166.28,300,166.27,300,166.26,400,166.22,200,166.19,400,166.17,200,166.1,100,166.08,600,166.06,100,166.02,100,166.43,100,166.44,200,166.75,800,,,,,,,,,,,,,,
2026-01-16 09:32:51,166.375,166.35,2,166.28,300,166.47,100,166.47,166.28,166.28,300,166.27,300,166.26,400,166.22,200,166.19,400,166.17,200,166.1,100,166.08,600,166.06,100,166.02,100,166.47,100,166.75,800,,,,,,,,,,,,,,,,
2026-01-16 09:32:52,166.375,166.35,2,166.28,300,166.47,100,166.47,166.28,166.28,300,166.27,300,166.26,400,166.22,200,166.19,400,166.17,200,166.1,100,166.08,600,166.06,100,166.02,100,166.47,100,166.75,800,,,,,,,,,,,,,,,,
2026-01-16 09:32:52,166.375,166.35,2,166.28,400,166.47,100,166.47,166.28,166.28,400,166.27,300,166.26,400,166.22,200,166.19,400,166.17,200,166.1,100,166.08,600,166.06,100,166.02,100,166.47,100,166.75,800,,,,,,,,,,,,,,,,
2026-01-16 09:32:54,166.385,166.35,2,166.28,500,166.49,200,166.49,166.28,166.28,500,166.27,300,166.26,400,166.22,200,166.19,400,166.17,200,166.1,100,166.08,600,166.06,100,166.02,100,166.49,200,166.75,800,,,,,,,,,,,,,,,,
2026-01-16 09:32:55,166.385,166.35,2,166.28,500,166.49,200,166.49,166.28,166.28,500,166.27,300,166.26,400,166.22,200,166.19,400,166.17,200,166.1,100,166.08,600,166.06,100,166.02,100,166.49,200,166.75,800,,,,,,,,,,,,,,,,
2026-01-16 09:32:56,166.37,166.35,2,166.28,300,166.46,200,166.46,166.28,166.28,300,166.27,300,166.26,400,166.22,200,166.19,400,166.17,200,166.1,100,166.08,600,166.06,100,166.02,100,166.46,200,166.48,100,166.49,300,166.75,800,,,,,,,,,,,,
2026-01-16 09:32:57,166.37,166.35,2,166.28,300,166.46,100,166.46,166.28,166.28,300,166.27,300,166.26,400,166.22,200,166.19,400,166.17,200,166.1,100,166.08,600,166.06,100,166.02,100,166.46,100,166.48,100,166.49,300,166.75,800,,,,,,,,,,,,
2026-01-16 09:32:58,166.37,166.35,2,166.28,300,166.46,200,166.46,166.28,166.28,300,166.27,300,166.26,400,166.22,200,166.19,400,166.17,200,166.1,100,166.08,600,166.06,100,166.02,100,166.46,200,166.48,100,166.49,300,166.75,800,,,,,,,,,,,,
2026-01-16 09:32:59,166.37,166.35,2,166.28,300,166.46,200,166.46,166.28,166.28,300,166.27,300,166.26,400,166.22,200,166.19,400,166.17,200,166.1,100,166.08,600,166.06,100,166.02,100,166.46,200,166.48,100,166.49,300,166.75,800,,,,,,,,,,,,
2026-01-16 09:33:00,166.37,166.35,2,166.28,300,166.46,200,166.46,166.28,166.28,300,166.27,300,166.26,400,166.22,200,166.19,400,166.17,200,166.1,100,166.08,600,166.06,100,166.02,100,166.46,200,166.48,100,166.49,300,166.75,800,,,,,,,,,,,,
2026-01-16 09:33:01,166.37,166.35,2,166.28,300,166.46,200,166.46,166.28,166.28,300,166.27,300,166.26,400,166.22,200,166.19,400,166.17,200,166.1,100,166.08,600,166.06,100,166.02,100,166.46,200,166.48,100,166.49,300,166.75,800,,,,,,,,,,,,
2026-01-16 09:33:02,166.37,166.35,2,166.28,300,166.46,200,166.46,166.28,166.28,300,166.27,300,166.26,400,166.22,200,166.19,400,166.17,200,166.1,100,166.08,600,166.06,100,166.02,100,166.46,200,166.48,100,166.49,300,166.75,800,,,,,,,,,,,,
2026-01-16 09:33:03,166.37,166.35,2,166.28,300,166.46,200,166.46,166.28,166.28,300,166.27,300,166.26,400,166.22,200,166.19,400,166.17,200,166.1,100,166.08,600,166.06,100,166.02,100,166.46,200,166.48,100,166.49,300,166.75,800,,,,,,,,,,,,
2026-01-16 09:33:04,166.37,166.35,2,166.28,300,166.46,200,166.46,166.28,166.28,300,166.27,300,166.26,400,166.22,200,166.19,400,166.17,200,166.1,100,166.08,600,166.06,100,166.02,100,166.46,200,166.48,100,166.49,300,166.75,800,,,,,,,,,,,,
2026-01-16 09:33:05,166.37,166.35,2,166.28,300,166.46,200,166.46,166.28,166.28,300,166.27,300,166.26,400,166.22,200,166.19,400,166.17,200,166.1,100,166.08,600,166.06,100,166.02,100,166.46,200,166.48,100,166.49,300,166.75,800,,,,,,,,,,,,
2026-01-16 09:33:06,166.285,166.22,1,166.2,200,166.37,300,166.37,166.2,166.2,200,166.19,400,166.17,200,166.1,100,166.08,600,166.06,100,166.02,100,166.01,100,166.0,500,165.99,400,166.37,300,166.38,100,166.4,100,166.46,500,166.48,100,166.49,300,166.75,800,,,,,,
2026-01-16 09:33:07,166.285,166.22,1,166.2,200,166.37,600,166.37,166.2,166.2,200,166.19,400,166.17,200,166.1,100,166.08,600,166.06,100,166.02,100,166.01,100,166.0,500,165.99,400,166.37,600,166.38,100,166.4,100,166.46,500,166.48,100,166.49,300,166.75,800,,,,,,
2026-01-16 09:33:08,166.285,166.22,1,166.2,200,166.37,600,166.37,166.2,166.2,200,166.19,400,166.17,200,166.1,100,166.08,600,166.06,100,166.02,100,166.01,100,166.0,500,165.99,400,166.37,600,166.38,100,166.4,100,166.46,500,166.48,100,166.49,300,166.75,800,,,,,,
2026-01-16 09:33:09,166.285,166.22,1,166.2,200,166.37,600,166.37,166.2,166.2,200,166.19,400,166.17,200,166.1,100,166.08,600,166.06,100,166.02,100,166.01,100,166.0,500,165.99,400,166.37,600,166.38,100,166.4,100,166.46,500,166.48,100,166.49,300,166.75,800,,,,,,
2026-01-16 09:33:10,166.25,166.25,1,166.2,200,166.3,400,166.3,166.2,166.2,200,166.19,400,166.17,200,166.1,100,166.08,600,166.06,100,166.02,100,166.01,100,166.0,500,165.99,400,166.3,400,166.31,400,166.32,100,166.33,100,166.34,100,166.35,100,166.36,100,166.37,600,166.38,100,166.4,100
2026-01-16 09:33:11,166.25,166.25,1,166.2,200,166.3,700,166.3,166.2,166.2,200,166.19,400,166.17,200,166.1,100,166.08,600,166.06,100,166.02,100,166.01,100,166.0,500,165.99,400,166.3,700,166.31,400,166.32,100,166.33,100,166.34,100,166.35,100,166.36,100,166.37,600,166.38,100,166.4,100
2026-01-16 09:33:12,166.25,166.25,1,166.2,200,166.3,700,166.3,166.2,166.2,200,166.19,400,166.17,200,166.1,100,166.08,600,166.06,100,166.02,100,166.01,100,166.0,500,165.99,400,166.3,700,166.31,400,166.32,100,166.33,100,166.34,100,166.35,100,166.36,100,166.37,600,166.38,100,166.4,100
2026-01-16 09:33:13,166.25,166.25,1,166.2,200,166.3,700,166.3,166.2,166.2,200,166.19,400,166.17,200,166.1,100,166.08,600,166.06,100,166.02,100,166.01,100,166.0,500,165.99,400,166.3,700,166.31,400,166.32,100,166.33,100,166.34,100,166.35,100,166.36,100,166.37,600,166.38,100,166.4,100
2026-01-16 09:33:14,166.25,166.25,1,166.2,200,166.3,800,166.3,166.2,166.2,200,166.19,400,166.17,200,166.1,100,166.08,600,166.06,100,166.02,100,166.01,100,166.0,500,165.99,400,166.3,800,166.31,400,166.32,100,166.33,100,166.34,100,166.35,100,166.36,100,166.37,600,166.38,100,166.4,100
2026-01-16 09:33:15,166.25,166.25,1,166.2,200,166.3,800,166.3,166.2,166.2,200,166.19,400,166.17,200,166.1,100,166.08,600,166.06,100,166.02,100,166.01,100,166.0,500,165.99,400,166.3,800,166.31,400,166.32,100,166.33,100,166.34,100,166.35,100,166.36,100,166.37,600,166.38,100,166.4,100
2026-01-16 09:33:16,166.325,166.34,2,166.25,300,166.4,200,166.4,166.25,166.25,300,166.2,400,166.19,400,166.17,200,166.1,100,166.08,600,166.06,100,166.02,100,166.01,100,166.0,500,166.4,200,166.41,100,166.42,100,166.46,500,166.48,100,166.49,300,166.75,800,,,,,,
2026-01-16 09:33:17,166.33,166.37,2,166.26,100,166.4,200,166.4,166.26,166.26,100,166.25,300,166.2,400,166.19,400,166.17,200,166.1,100,166.08,600,166.06,100,166.02,100,166.01,100,166.4,200,166.41,100,166.42,100,166.46,500,166.48,100,166.49,300,166.75,800,,,,,,
2026-01-16 09:33:18,166.33,166.34,5,166.26,100,166.4,200,166.4,166.26,166.26,100,166.25,300,166.2,400,166.19,400,166.17,200,166.1,100,166.08,600,166.06,100,166.02,100,166.01,100,166.4,200,166.41,100,166.42,100,166.46,500,166.48,100,166.49,300,166.75,800,,,,,,
2026-01-16 09:33:19,166.32,166.34,5,166.24,100,166.4,300,166.4,166.24,166.24,100,166.2,400,166.19,400,166.17,200,166.1,100,166.08,600,166.06,100,166.02,100,166.01,100,166.0,500,166.4,300,166.41,100,166.42,100,166.46,500,166.48,100,166.49,300,166.75,800,,,,,,
2026-01-16 09:33:20,166.32,166.27,1,166.24,200,166.4,300,166.4,166.24,166.24,200,166.2,400,166.19,400,166.17,200,166.1,100,166.08,600,166.06,100,166.02,100,166.01,100,166.0,500,166.4,300,166.41,100,166.42,100,166.46,500,166.48,100,166.49,300,166.75,800,,,,,,
2026-01-16 09:33:21,166.32,166.27,1,166.24,200,166.4,300,166.4,166.24,166.24,200,166.2,400,166.19,400,166.17,200,166.1,100,166.08,600,166.06,100,166.02,100,166.01,100,166.0,500,166.4,300,166.41,100,166.42,100,166.46,500,166.48,100,166.49,300,166.75,800,,,,,,
2026-01-16 09:33:22,166.32,166.27,1,166.24,200,166.4,300,166.4,166.24,166.24,200,166.2,400,166.19,400,166.17,200,166.1,100,166.08,600,166.06,100,166.02,100,166.01,100,166.0,500,166.4,300,166.41,100,166.42,100,166.46,500,166.48,100,166.49,300,166.75,800,,,,,,
2026-01-16 09:33:23,166.32,166.3,1,166.24,200,166.4,300,166.4,166.24,166.24,200,166.2,400,166.19,400,166.17,200,166.1,100,166.08,600,166.06,100,166.02,100,166.01,100,166.0,500,166.4,300,166.41,100,166.42,100,166.46,500,166.48,100,166.49,300,166.75,800,,,,,,
2026-01-16 09:33:24,166.32,166.3,1,166.24,200,166.4,300,166.4,166.24,166.24,200,166.2,400,166.19,400,166.17,200,166.1,100,166.08,600,166.06,100,166.02,100,166.01,100,166.0,500,166.4,300,166.41,100,166.42,100,166.46,500,166.48,100,166.49,300,166.75,800,,,,,,
2026-01-16 09:33:25,166.32,166.3,1,166.24,200,166.4,300,166.4,166.24,166.24,200,166.2,400,166.19,400,166.17,200,166.1,100,166.08,600,166.06,100,166.02,100,166.01,100,166.0,500,166.4,300,166.41,100,166.42,100,166.46,500,166.48,100,166.49,300,166.75,800,,,,,,
2026-01-16 09:33:26,166.32,166.28,1,166.24,200,166.4,300,166.4,166.24,166.24,200,166.2,400,166.19,400,166.17,200,166.1,100,166.08,600,166.06,100,166.02,100,166.01,100,166.0,500,166.4,300,166.41,100,166.42,100,166.46,500,166.48,100,166.49,300,166.75,800,,,,,,
2026-01-16 09:33:27,166.32,166.26,1,166.24,200,166.4,300,166.4,166.24,166.24,200,166.2,400,166.19,400,166.17,200,166.1,100,166.08,600,166.06,100,166.02,100,166.01,100,166.0,500,166.4,300,166.41,100,166.42,100,166.46,500,166.48,100,166.49,300,166.75,800,,,,,,
2026-01-16 09:33:28,166.32,166.32,4,166.24,200,166.4,400,166.4,166.24,166.24,200,166.2,400,166.19,400,166.17,200,166.1,100,166.08,600,166.06,100,166.02,100,166.01,100,166.0,500,166.4,400,166.41,100,166.42,100,166.46,500,166.48,100,166.49,300,166.75,800,,,,,,
2026-01-16 09:33:29,166.32,166.4,1,166.24,200,166.4,400,166.4,166.24,166.24,200,166.2,400,166.19,400,166.17,200,166.1,100,166.08,600,166.06,100,166.02,100,166.01,100,166.0,500,166.4,400,166.41,100,166.42,100,166.46,500,166.48,100,166.49,300,166.75,800,,,,,,
2026-01-16 09:33:30,166.32,166.4,1,166.24,200,166.4,400,166.4,166.24,166.24,200,166.2,400,166.19,400,166.17,200,166.1,100,166.08,600,166.06,100,166.02,100,166.01,100,166.0,500,166.4,400,166.41,100,166.42,100,166.46,500,166.48,100,166.49,300,166.75,800,,,,,,
2026-01-16 09:33:31,166.33,166.33,1,166.26,100,166.4,400,166.4,166.26,166.26,100,166.24,200,166.2,400,166.19,400,166.17,200,166.1,100,166.08,600,166.06,100,166.02,100,166.01,100,166.4,400,166.41,100,166.42,100,166.46,500,166.48,100,166.49,300,166.75,800,,,,,,
2026-01-16 09:33:32,166.33,166.33,1,166.26,100,166.4,400,166.4,166.26,166.26,100,166.24,200,166.2,400,166.19,400,166.17,200,166.1,100,166.08,600,166.06,100,166.02,100,166.01,100,166.4,400,166.41,100,166.42,100,166.46,500,166.48,100,166.49,300,166.75,800,,,,,,
2026-01-16 09:33:33,166.33,166.28,1,166.26,100,166.4,400,166.4,166.26,166.26,100,166.24,200,166.2,400,166.19,400,166.17,200,166.1,100,166.08,600,166.06,100,166.02,100,166.01,100,166.4,400,166.41,100,166.42,100,166.46,500,166.48,100,166.49,300,166.75,800,,,,,,
2026-01-16 09:33:34,166.265,166.28,1,166.2,400,166.33,300,166.33,166.2,166.2,400,166.19,400,166.17,200,166.1,100,166.08,600,166.06,100,166.02,100,166.01,100,166.0,500,165.99,400,166.33,300,166.34,300,166.39,100,166.4,700,166.41,100,166.42,100,166.46,500,166.48,100,166.49,300,166.75,800
2026-01-16 09:33:35,166.25,166.25,2,166.2,400,166.3,500,166.3,166.2,166.2,400,166.19,400,166.17,200,166.1,100,166.08,600,166.06,100,166.02,100,166.01,100,166.0,500,165.99,400,166.3,500,166.33,600,166.34,300,166.39,100,166.4,700,166.41,100,166.42,100,166.46,500,166.48,100,166.49,300
2026-01-16 09:33:36,166.25,166.25,3,166.2,400,166.3,500,166.3,166.2,166.2,400,166.19,400,166.17,200,166.1,100,166.08,600,166.06,100,166.02,100,166.01,100,166.0,500,165.99,400,166.3,500,166.33,600,166.34,300,166.39,100,166.4,700,166.41,100,166.42,100,166.46,500,166.48,100,166.49,300
2026-01-16 09:33:37,166.205,166.25,3,166.11,100,166.3,600,166.3,166.11,166.11,100,166.1,100,166.08,600,166.06,100,166.02,100,166.01,100,166.0,500,165.99,400,165.96,200,165.94,100,166.3,600,166.33,600,166.34,300,166.39,100,166.4,700,166.41,100,166.42,100,166.46,500,166.48,100,166.49,300
2026-01-16 09:33:38,166.205,166.17,1,166.11,100,166.3,600,166.3,166.11,166.11,100,166.1,200,166.08,600,166.06,100,166.02,100,166.01,100,166.0,500,165.99,400,165.96,200,165.94,100,166.3,600,166.33,600,166.34,300,166.39,100,166.4,700,166.41,100,166.42,100,166.46,500,166.48,100,166.49,300
2026-01-16 09:33:39,166.205,166.17,1,166.11,100,166.3,600,166.3,166.11,166.11,100,166.1,200,166.08,600,166.06,100,166.02,100,166.01,100,166.0,500,165.99,400,165.96,200,165.94,100,166.3,600,166.33,600,166.34,300,166.39,100,166.4,700,166.41,100,166.42,100,166.46,500,166.48,100,166.49,300
2026-01-16 09:33:40,166.145,166.16,1,166.1,300,166.19,600,166.19,166.1,166.1,300,166.08,600,166.06,100,166.02,100,166.01,100,166.0,500,165.99,400,165.96,200,165.94,100,165.93,200,166.19,600,166.26,100,166.27,100,166.28,200,166.29,400,166.3,700,166.33,600,166.34,300,166.39,100,166.4,700
2026-01-16 09:33:41,166.145,166.16,1,166.1,300,166.19,600,166.19,166.1,166.1,300,166.08,600,166.06,100,166.02,100,166.01,100,166.0,500,165.99,400,165.96,200,165.94,100,165.93,200,166.19,600,166.26,100,166.27,100,166.28,200,166.29,400,166.3,700,166.33,600,166.34,300,166.39,100,166.4,700
2026-01-16 09:33:42,166.145,166.16,1,166.1,300,166.19,700,166.19,166.1,166.1,300,166.08,600,166.06,100,166.02,100,166.01,100,166.0,500,165.99,400,165.96,200,165.94,100,165.93,200,166.19,700,166.26,100,166.27,100,166.28,200,166.29,400,166.3,700,166.33,600,166.34,300,166.39,100,166.4,700
2026-01-16 09:33:43,166.145,166.16,1,166.1,400,166.19,700,166.19,166.1,166.1,400,166.08,600,166.06,100,166.02,100,166.01,100,166.0,500,165.99,400,165.96,200,165.94,100,165.93,200,166.19,700,166.26,100,166.27,100,166.28,200,166.29,400,166.3,700,166.33,600,166.34,300,166.39,100,166.4,700
2026-01-16 09:33:44,166.11,166.1,1,166.05,300,166.17,300,166.17,166.05,166.05,300,166.02,100,166.01,100,166.0,500,165.99,400,165.96,200,165.94,100,165.93,200,165.87,100,165.86,300,166.17,300,166.19,800,166.26,100,166.27,100,166.28,200,166.29,400,166.3,700,166.33,600,166.34,300,166.39,100
2026-01-16 09:33:45,166.11,166.1,1,166.05,500,166.17,500,166.17,166.05,166.05,500,166.02,100,166.01,100,166.0,500,165.99,400,165.96,200,165.94,100,165.93,200,165.87,100,165.86,300,166.17,500,166.19,800,166.26,100,166.27,100,166.28,200,166.29,400,166.3,700,166.33,600,166.34,300,166.39,100
2026-01-16 09:33:46,166.225,166.19,1,166.17,100,166.28,100,166.28,166.17,166.17,100,166.16,200,166.12,300,166.05,400,166.02,100,166.01,100,166.0,500,165.99,400,165.96,200,165.94,100,166.28,100,166.29,400,166.3,700,166.33,600,166.34,300,166.39,100,166.4,700,166.41,100,166.42,100,166.46,500
2026-01-16 09:33:47,166.225,166.19,1,166.17,100,166.28,100,166.28,166.17,166.17,100,166.16,200,166.12,300,166.05,400,166.02,100,166.01,100,166.0,500,165.99,400,165.96,200,165.94,100,166.28,100,166.29,400,166.3,700,166.33,600,166.34,300,166.39,100,166.4,700,166.41,100,166.42,100,166.46,500
2026-01-16 09:33:48,166.165,166.16,1,166.05,400,166.28,200,166.28,166.05,166.05,400,166.02,100,166.01,100,166.0,500,165.99,400,165.96,200,165.94,100,165.93,200,165.87,100,165.86,300,166.28,200,166.29,400,166.3,700,166.33,600,166.34,300,166.39,100,166.4,700,166.41,100,166.42,100,166.46,500
2026-01-16 09:33:49,166.165,166.12,2,166.05,400,166.28,200,166.28,166.05,166.05,400,166.02,100,166.01,100,166.0,500,165.99,400,165.96,200,165.94,100,165.93,200,165.87,100,165.86,300,166.28,200,166.29,400,166.3,700,166.33,600,166.34,300,166.39,100,166.4,700,166.41,100,166.42,100,166.46,500
2026-01-16 09:33:50,166.165,166.12,2,166.05,400,166.28,200,166.28,166.05,166.05,400,166.02,100,166.01,100,166.0,500,165.99,400,165.96,200,165.94,100,165.93,200,165.87,100,165.86,300,166.28,200,166.29,400,166.3,700,166.33,600,166.34,300,166.39,100,166.4,700,166.41,100,166.42,100,166.46,500
2026-01-16 09:33:51,166.165,166.12,2,166.05,400,166.28,400,166.28,166.05,166.05,400,166.02,100,166.01,100,166.0,500,165.99,400,165.96,200,165.94,100,165.93,200,165.87,100,165.86,300,166.28,400,166.29,400,166.3,700,166.33,600,166.34,300,166.39,100,166.4,700,166.41,100,166.42,100,166.46,500
2026-01-16 09:33:52,166.165,166.12,1,166.05,400,166.28,300,166.28,166.05,166.05,400,166.02,100,166.01,100,166.0,500,165.99,400,165.96,200,165.94,100,165.93,200,165.87,100,165.86,300,166.28,300,166.29,400,166.3,700,166.33,600,166.34,300,166.39,100,166.4,700,166.41,100,166.42,100,166.46,500
2026-01-16 09:33:53,166.15,166.12,1,166.05,400,166.25,100,166.25,166.05,166.05,400,166.02,100,166.01,100,166.0,500,165.99,400,165.96,200,165.94,100,165.93,200,165.87,100,165.86,300,166.25,100,166.28,400,166.29,400,166.3,700,166.33,600,166.34,300,166.39,100,166.4,700,166.41,100,166.42,100
2026-01-16 09:33:54,166.15,166.12,1,166.05,400,166.25,300,166.25,166.05,166.05,400,166.02,100,166.01,100,166.0,500,165.99,400,165.96,200,165.94,100,165.93,200,165.87,100,165.86,300,166.25,300,166.28,400,166.29,400,166.3,700,166.33,600,166.34,300,166.39,100,166.4,700,166.41,100,166.42,100
2026-01-16 09:33:55,166.15,166.12,1,166.05,400,166.25,300,166.25,166.05,166.05,400,166.02,100,166.01,100,166.0,500,165.99,400,165.96,200,165.94,100,165.93,200,165.87,100,165.86,300,166.25,300,166.28,400,166.29,400,166.3,700,166.33,600,166.34,300,166.39,100,166.4,700,166.41,100,166.42,100
2026-01-16 09:33:56,166.13,166.06,1,166.05,500,166.21,200,166.21,166.05,166.05,500,166.02,100,166.01,100,166.0,500,165.99,400,165.96,200,165.94,100,165.93,200,165.87,100,165.86,300,166.21,200,166.24,100,166.25,300,166.28,400,166.29,400,166.3,700,166.33,600,166.34,300,166.39,100,166.4,700
2026-01-16 09:33:57,166.13,166.06,1,166.05,500,166.21,200,166.21,166.05,166.05,500,166.02,100,166.01,100,166.0,500,165.99,400,165.96,200,165.94,100,165.93,200,165.87,100,165.86,300,166.21,200,166.24,100,166.25,300,166.28,400,166.29,400,166.3,700,166.33,600,166.34,300,166.39,100,166.4,700
2026-01-16 09:33:58,166.13,166.06,1,166.05,500,166.21,200,166.21,166.05,166.05,500,166.02,100,166.01,100,166.0,500,165.99,400,165.96,200,165.94,100,165.93,200,165.87,100,165.86,300,166.21,200,166.24,100,166.25,300,166.28,400,166.29,400,166.3,700,166.33,600,166.34,300,166.39,100,166.4,700
2026-01-16 09:33:59,166.13,166.13,5,166.05,400,166.21,200,166.21,166.05,166.05,400,166.02,100,166.01,100,166.0,500,165.99,400,165.96,200,165.94,100,165.93,200,165.87,100,165.86,300,166.21,200,166.24,100,166.25,300,166.28,400,166.29,400,166.3,700,166.33,600,166.34,300,166.39,100,166.4,700
2026-01-16 09:34:00,166.13,166.13,5,166.05,400,166.21,200,166.21,166.05,166.05,400,166.02,100,166.01,100,166.0,500,165.99,400,165.96,200,165.94,100,165.93,200,165.87,100,165.86,300,166.21,200,166.24,100,166.25,300,166.28,400,166.29,400,166.3,700,166.33,600,166.34,300,166.39,100,166.4,700
2026-01-16 09:34:01,166.13,166.13,5,166.05,400,166.21,200,166.21,166.05,166.05,400,166.02,100,166.01,100,166.0,500,165.99,400,165.96,200,165.94,100,165.93,200,165.87,100,165.86,300,166.21,200,166.24,100,166.25,300,166.28,400,166.29,400,166.3,700,166.33,600,166.34,300,166.39,100,166.4,700
2026-01-16 09:34:02,166.13,166.13,5,166.05,400,166.21,200,166.21,166.05,166.05,400,166.02,100,166.01,100,166.0,500,165.99,400,165.96,200,165.94,100,165.93,200,165.87,100,165.86,300,166.21,200,166.24,100,166.25,300,166.28,400,166.29,400,166.3,700,166.33,600,166.34,300,166.39,100,166.4,700
2026-01-16 09:34:03,166.13,166.13,5,166.05,600,166.21,400,166.21,166.05,166.05,600,166.02,100,166.01,100,166.0,500,165.99,400,165.96,200,165.94,100,165.93,200,165.87,100,165.86,300,166.21,400,166.24,100,166.25,300,166.28,400,166.29,400,166.3,700,166.33,600,166.34,300,166.39,100,166.4,700
2026-01-16 09:34:04,166.125,166.13,5,166.05,700,166.2,100,166.2,166.05,166.05,700,166.02,100,166.01,100,166.0,500,165.99,400,165.96,200,165.94,100,165.93,200,165.87,100,165.86,300,166.2,100,166.21,400,166.24,100,166.25,300,166.28,400,166.29,400,166.3,700,166.33,600,166.34,300,166.39,100
2026-01-16 09:34:05,166.14,166.14,1,166.08,1100,166.2,100,166.2,166.08,166.08,1100,166.05,700,166.02,100,166.01,100,166.0,500,165.99,400,165.96,200,165.94,100,165.93,200,165.87,100,166.2,100,166.21,400,166.24,100,166.25,300,166.28,400,166.29,400,166.3,700,166.33,600,166.34,300,166.39,100
2026-01-16 09:34:06,166.14,166.14,1,166.08,1000,166.2,100,166.2,166.08,166.08,1000,166.05,700,166.02,100,166.01,100,166.0,500,165.99,400,165.96,200,165.94,100,165.93,200,165.87,100,166.2,100,166.21,400,166.24,100,166.25,300,166.28,400,166.29,400,166.3,700,166.33,600,166.34,300,166.39,100
2026-01-16 09:34:07,166.14,166.08,1,166.08,1000,166.2,100,166.2,166.08,166.08,1000,166.05,700,166.02,100,166.01,100,166.0,500,165.99,400,165.96,200,165.94,100,165.93,200,165.87,100,166.2,100,166.21,400,166.24,100,166.25,300,166.28,400,166.29,400,166.3,700,166.33,600,166.34,300,166.39,100
2026-01-16 09:34:08,166.14,166.08,1,166.08,1000,166.2,100,166.2,166.08,166.08,1000,166.05,700,166.02,100,166.01,100,166.0,500,165.99,400,165.96,200,165.94,100,165.93,200,165.87,100,166.2,100,166.21,400,166.24,100,166.25,300,166.28,400,166.29,400,166.3,700,166.33,600,166.34,300,166.39,100
2026-01-16 09:34:09,166.14,166.08,1,166.08,1000,166.2,100,166.2,166.08,166.08,1000,166.05,700,166.02,100,166.01,100,166.0,500,165.99,400,165.96,200,165.94,100,165.93,200,165.87,100,166.2,100,166.21,400,166.24,100,166.25,300,166.28,400,166.29,400,166.3,700,166.33,600,166.34,300,166.39,100
2026-01-16 09:34:10,166.14,166.08,1,166.08,1000,166.2,100,166.2,166.08,166.08,1000,166.05,700,166.02,100,166.01,100,166.0,500,165.99,400,165.96,200,165.94,100,165.93,200,165.87,100,166.2,100,166.21,400,166.24,100,166.25,300,166.28,400,166.29,400,166.3,700,166.33,600,166.34,300,166.39,100
2026-01-16 09:34:11,166.145,166.15,1,166.09,200,166.2,100,166.2,166.09,166.09,200,166.08,1000,166.05,700,166.02,100,166.01,100,166.0,500,165.99,400,165.96,200,165.94,100,165.93,200,166.2,100,166.21,400,166.24,100,166.25,300,166.28,400,166.29,400,166.3,700,166.33,600,166.34,300,166.39,100
2026-01-16 09:34:12,166.145,166.15,1,166.09,200,166.2,100,166.2,166.09,166.09,200,166.08,1000,166.05,700,166.02,100,166.01,100,166.0,500,165.99,400,165.96,200,165.94,100,165.93,200,166.2,100,166.21,400,166.24,100,166.25,300,166.28,400,166.29,400,166.3,700,166.33,600,166.34,300,166.39,100
2026-01-16 09:34:13,166.145,166.15,1,166.09,200,166.2,100,166.2,166.09,166.09,200,166.08,1000,166.05,700,166.02,100,166.01,100,166.0,500,165.99,400,165.96,200,165.94,100,165.93,200,166.2,100,166.21,400,166.24,100,166.25,300,166.28,400,166.29,400,166.3,700,166.33,600,166.34,300,166.39,100
2026-01-16 09:34:14,166.145,166.15,1,166.09,200,166.2,100,166.2,166.09,166.09,200,166.08,1000,166.05,700,166.02,100,166.01,100,166.0,500,165.99,400,165.96,200,165.94,100,165.93,200,166.2,100,166.21,400,166.24,100,166.25,300,166.28,400,166.29,400,166.3,700,166.33,600,166.34,300,166.39,100
2026-01-16 09:34:15,166.145,166.15,1,166.09,300,166.2,300,166.2,166.09,166.09,300,166.08,1000,166.05,700,166.02,100,166.01,100,166.0,500,165.99,400,165.96,200,165.94,100,165.93,200,166.2,300,166.21,400,166.24,100,166.25,300,166.28,400,166.29,400,166.3,700,166.33,600,166.34,300,166.39,100
2026-01-16 09:34:16,166.145,166.15,1,166.09,400,166.2,300,166.2,166.09,166.09,400,166.08,1000,166.05,700,166.02,100,166.01,100,166.0,500,165.99,400,165.96,200,165.94,100,165.93,200,166.2,300,166.21,400,166.24,100,166.25,300,166.28,400,166.29,400,166.3,700,166.33,600,166.34,300,166.39,100
2026-01-16 09:34:17,166.39,166.39,1,166.28,500,166.5,500,166.5,166.28,166.28,500,166.26,600,166.25,200,166.22,100,166.21,200,166.2,300,166.14,200,166.12,100,166.11,100,166.1,400,166.5,500,166.75,800,,,,,,,,,,,,,,,,
2026-01-16 09:34:18,166.39,166.39,1,166.28,300,166.5,500,166.5,166.28,166.28,300,166.26,600,166.25,200,166.22,100,166.21,200,166.2,300,166.14,200,166.12,100,166.11,100,166.1,400,166.5,500,166.75,800,,,,,,,,,,,,,,,,
2026-01-16 09:34:19,166.39,166.4,1,166.28,300,166.5,500,166.5,166.28,166.28,300,166.26,600,166.25,200,166.22,100,166.21,200,166.2,300,166.14,200,166.12,100,166.11,100,166.1,400,166.5,500,166.75,800,,,,,,,,,,,,,,,,
2026-01-16 09:34:20,166.425,166.4,2,166.35,300,166.5,800,166.5,166.35,166.35,300,166.33,100,166.3,100,166.29,100,166.28,300,166.26,600,166.25,200,166.22,100,166.21,200,166.2,300,166.5,800,166.75,800,,,,,,,,,,,,,,,,
2026-01-16 09:34:21,166.425,166.4,2,166.35,400,166.5,800,166.5,166.35,166.35,400,166.33,100,166.3,100,166.29,100,166.28,300,166.26,600,166.25,200,166.22,100,166.21,200,166.2,300,166.5,800,166.75,800,,,,,,,,,,,,,,,,
2026-01-16 09:34:22,166.425,166.4,2,166.35,400,166.5,800,166.5,166.35,166.35,400,166.33,100,166.3,100,166.29,100,166.28,300,166.26,600,166.25,200,166.22,100,166.21,200,166.2,300,166.5,800,166.75,800,,,,,,,,,,,,,,,,
2026-01-16 09:34:23,166.415,166.43,1,166.33,200,166.5,700,166.5,166.33,166.33,200,166.3,100,166.29,100,166.28,300,166.26,600,166.25,200,166.22,100,166.21,200,166.2,300,166.14,200,166.5,700,166.75,800,,,,,,,,,,,,,,,,
2026-01-16 09:34:24,166.325,166.43,1,166.25,100,166.4,300,166.4,166.25,166.25,100,166.24,100,166.22,100,166.21,200,166.2,300,166.14,200,166.12,100,166.11,100,166.1,400,166.09,400,166.4,300,166.48,100,166.49,100,166.5,800,166.75,800,,,,,,,,,,
2026-01-16 09:34:25,166.24,166.31,2,166.14,200,166.34,400,166.34,166.14,166.14,200,166.12,100,166.11,100,166.1,400,166.09,400,166.08,1000,166.05,700,166.02,100,166.01,100,166.0,500,166.34,400,166.35,100,166.36,100,166.37,100,166.38,100,166.39,100,166.4,300,166.48,100,166.49,100,166.5,800
2026-01-16 09:34:26,166.235,166.31,2,166.13,400,166.34,400,166.34,166.13,166.13,400,166.12,100,166.11,100,166.1,400,166.09,400,166.08,1000,166.05,700,166.02,100,166.01,100,166.0,500,166.34,400,166.35,100,166.36,100,166.37,100,166.38,100,166.39,100,166.4,300,166.48,100,166.49,100,166.5,800
2026-01-16 09:34:27,166.225,166.31,2,166.11,100,166.34,500,166.34,166.11,166.11,100,166.1,500,166.09,400,166.08,1000,166.05,700,166.02,100,166.01,100,166.0,500,165.99,400,165.96,200,166.34,500,166.35,100,166.36,100,166.37,100,166.38,100,166.39,100,166.4,300,166.48,100,166.49,100,166.5,800
2026-01-16 09:34:28,166.25,166.34,1,166.16,200,166.34,500,166.34,166.16,166.16,200,166.11,200,166.1,500,166.09,400,166.08,1000,166.05,700,166.02,100,166.01,100,166.0,500,165.99,400,166.34,500,166.35,100,166.36,100,166.37,100,166.38,100,166.39,100,166.4,300,166.48,100,166.49,100,166.5,800
2026-01-16 09:34:29,166.255,166.34,1,166.17,200,166.34,500,166.34,166.17,166.17,200,166.16,200,166.11,200,166.1,500,166.09,400,166.08,1000,166.05,700,166.02,100,166.01,100,166.0,500,166.34,500,166.35,100,166.36,100,166.37,100,166.38,100,166.39,100,166.4,300,166.48,100,166.49,100,166.5,800
2026-01-16 09:34:30,166.255,166.34,1,166.17,200,166.34,600,166.34,166.17,166.17,200,166.16,200,166.11,200,166.1,500,166.09,400,166.08,1000,166.05,700,166.02,100,166.01,100,166.0,500,166.34,600,166.35,100,166.36,100,166.37,100,166.38,100,166.39,100,166.4,300,166.48,100,166.49,100,166.5,800
2026-01-16 09:34:31,166.255,166.34,1,166.17,200,166.34,600,166.34,166.17,166.17,200,166.16,200,166.11,200,166.1,500,166.09,400,166.08,1000,166.05,700,166.02,100,166.01,100,166.0,500,166.34,600,166.35,100,166.36,100,166.37,100,166.38,100,166.39,100,166.4,300,166.48,100,166.49,100,166.5,800
2026-01-16 09:34:32,166.255,166.34,1,166.17,200,166.34,600,166.34,166.17,166.17,200,166.16,200,166.11,200,166.1,500,166.09,400,166.08,1000,166.05,700,166.02,100,166.01,100,166.0,500,166.34,600,166.35,100,166.36,100,166.37,100,166.38,100,166.39,100,166.4,300,166.48,100,166.49,100,166.5,800
2026-01-16 09:34:33,166.255,166.34,1,166.17,200,166.34,600,166.34,166.17,166.17,200,166.16,200,166.11,200,166.1,500,166.09,400,166.08,1000,166.05,700,166.02,100,166.01,100,166.0,500,166.34,600,166.35,100,166.36,100,166.37,100,166.38,100,166.39,100,166.4,300,166.48,100,166.49,100,166.5,800
2026-01-16 09:34:34,166.255,166.34,1,166.17,500,166.34,600,166.34,166.17,166.17,500,166.16,200,166.11,200,166.1,500,166.09,400,166.08,1000,166.05,700,166.02,100,166.01,100,166.0,500,166.34,600,166.35,100,166.36,100,166.37,100,166.38,100,166.39,100,166.4,300,166.48,100,166.49,100,166.5,800
2026-01-16 09:34:35,166.255,166.34,1,166.17,500,166.34,600,166.34,166.17,166.17,500,166.16,200,166.11,200,166.1,500,166.09,400,166.08,1000,166.05,700,166.02,100,166.01,100,166.0,500,166.34,600,166.35,100,166.36,100,166.37,100,166.38,100,166.39,100,166.4,300,166.48,100,166.49,100,166.5,800
2026-01-16 09:34:36,166.245,166.34,1,166.17,500,166.32,100,166.32,166.17,166.17,500,166.16,200,166.11,200,166.1,500,166.09,400,166.08,1000,166.05,700,166.02,100,166.01,100,166.0,500,166.32,100,166.33,100,166.34,600,166.35,100,166.36,100,166.37,100,166.38,100,166.39,100,166.4,300,166.48,100
2026-01-16 09:34:37,166.255,166.18,1,166.17,600,166.34,600,166.34,166.17,166.17,600,166.16,200,166.11,200,166.1,500,166.09,400,166.08,1000,166.05,700,166.02,100,166.01,100,166.0,500,166.34,600,166.35,100,166.36,100,166.37,100,166.38,100,166.39,100,166.4,300,166.48,100,166.49,100,166.5,800
2026-01-16 09:34:38,166.255,166.2,1,166.17,600,166.34,600,166.34,166.17,166.17,600,166.16,200,166.11,200,166.1,500,166.09,400,166.08,1000,166.05,700,166.02,100,166.01,100,166.0,500,166.34,600,166.35,100,166.36,100,166.37,100,166.38,100,166.39,100,166.4,300,166.48,100,166.49,100,166.5,800
2026-01-16 09:34:39,166.255,166.2,1,166.17,600,166.34,600,166.34,166.17,166.17,600,166.16,200,166.11,200,166.1,500,166.09,400,166.08,1000,166.05,700,166.02,100,166.01,100,166.0,500,166.34,600,166.35,100,166.36,100,166.37,100,166.38,100,166.39,100,166.4,300,166.48,100,166.49,100,166.5,800
2026-01-16 09:34:40,166.255,166.2,1,166.17,600,166.34,600,166.34,166.17,166.17,600,166.16,200,166.11,200,166.1,500,166.09,400,166.08,1000,166.05,700,166.02,100,166.01,100,166.0,500,166.34,600,166.35,100,166.36,100,166.37,100,166.38,100,166.39,100,166.4,300,166.48,100,166.49,100,166.5,800
2026-01-16 09:34:41,166.255,166.2,1,166.17,600,166.34,600,166.34,166.17,166.17,600,166.16,200,166.11,200,166.1,500,166.09,400,166.08,1000,166.05,700,166.02,100,166.01,100,166.0,500,166.34,600,166.35,100,166.36,100,166.37,100,166.38,100,166.39,100,166.4,300,166.48,100,166.49,100,166.5,800
2026-01-16 09:34:42,166.285,166.3,1,166.24,100,166.33,200,166.33,166.24,166.24,100,166.2,100,166.19,100,166.18,400,166.17,600,166.16,200,166.11,200,166.1,500,166.09,400,166.08,1000,166.33,200,166.34,600,166.35,100,166.36,100,166.37,100,166.38,100,166.39,100,166.4,300,166.48,100,166.49,100
2026-01-16 09:34:43,166.255,166.3,1,166.18,300,166.33,200,166.33,166.18,166.18,300,166.17,600,166.16,200,166.11,200,166.1,500,166.09,400,166.08,1000,166.05,700,166.02,100,166.01,100,166.33,200,166.34,600,166.35,100,166.36,100,166.37,100,166.38,100,166.39,100,166.4,300,166.48,100,166.49,100
2026-01-16 09:34:44,166.25,166.3,1,166.17,700,166.33,200,166.33,166.17,166.17,700,166.16,200,166.11,200,166.1,500,166.09,400,166.08,1000,166.05,700,166.02,100,166.01,100,166.0,500,166.33,200,166.34,600,166.35,100,166.36,100,166.37,100,166.38,100,166.39,100,166.4,300,166.48,100,166.49,100
2026-01-16 09:34:45,166.255,166.3,1,166.17,700,166.34,600,166.34,166.17,166.17,700,166.16,200,166.11,200,166.1,500,166.09,400,166.08,1000,166.05,700,166.02,100,166.01,100,166.0,500,166.34,600,166.35,100,166.36,100,166.37,100,166.38,100,166.39,100,166.4,300,166.48,100,166.49,100,166.5,800
2026-01-16 09:34:46,166.255,166.3,1,166.17,800,166.34,700,166.34,166.17,166.17,800,166.16,200,166.11,200,166.1,500,166.09,400,166.08,1000,166.05,700,166.02,100,166.01,100,166.0,500,166.34,700,166.35,100,166.36,100,166.37,100,166.38,100,166.39,100,166.4,300,166.48,100,166.49,100,166.5,800
2026-01-16 09:34:47,166.255,166.3,1,166.17,800,166.34,700,166.34,166.17,166.17,800,166.16,200,166.11,200,166.1,500,166.09,400,166.08,1000,166.05,700,166.02,100,166.01,100,166.0,500,166.34,700,166.35,100,166.36,100,166.37,100,166.38,100,166.39,100,166.4,300,166.48,100,166.49,100,166.5,800
2026-01-16 09:34:48,166.255,166.3,1,166.17,800,166.34,700,166.34,166.17,166.17,800,166.16,200,166.11,200,166.1,500,166.09,400,166.08,1000,166.05,700,166.02,100,166.01,100,166.0,500,166.34,700,166.35,100,166.36,100,166.37,100,166.38,100,166.39,100,166.4,300,166.48,100,166.49,100,166.5,800
2026-01-16 09:34:49,166.255,166.3,1,166.17,800,166.34,700,166.34,166.17,166.17,800,166.16,200,166.11,200,166.1,500,166.09,400,166.08,1000,166.05,700,166.02,100,166.01,100,166.0,500,166.34,700,166.35,100,166.36,100,166.37,100,166.38,100,166.39,100,166.4,300,166.48,100,166.49,100,166.5,800
2026-01-16 09:34:50,166.255,166.27,5,166.17,900,166.34,700,166.34,166.17,166.17,900,166.16,200,166.11,200,166.1,500,166.09,400,166.08,1000,166.05,700,166.02,100,166.01,100,166.0,500,166.34,700,166.35,100,166.36,100,166.37,100,166.38,100,166.39,100,166.4,300,166.48,100,166.49,100,166.5,800
2026-01-16 09:34:51,166.255,166.27,5,166.17,900,166.34,700,166.34,166.17,166.17,900,166.16,200,166.11,200,166.1,500,166.09,400,166.08,1000,166.05,700,166.02,100,166.01,100,166.0,500,166.34,700,166.35,100,166.36,100,166.37,100,166.38,100,166.39,100,166.4,300,166.48,100,166.49,100,166.5,800
2026-01-16 09:34:52,166.255,166.27,5,166.17,900,166.34,600,166.34,166.17,166.17,900,166.16,200,166.11,200,166.1,500,166.09,400,166.08,1000,166.05,700,166.02,100,166.01,100,166.0,500,166.34,600,166.35,100,166.36,100,166.37,100,166.38,100,166.39,100,166.4,300,166.48,100,166.49,100,166.5,800
2026-01-16 09:34:53,166.255,166.25,1,166.17,900,166.34,600,166.34,166.17,166.17,900,166.16,200,166.11,200,166.1,500,166.09,400,166.08,1000,166.05,700,166.02,100,166.01,100,166.0,500,166.34,600,166.35,100,166.36,100,166.37,100,166.38,100,166.39,100,166.4,300,166.48,100,166.49,100,166.5,800
2026-01-16 09:34:54,166.255,166.25,1,166.17,900,166.34,600,166.34,166.17,166.17,900,166.16,200,166.11,200,166.1,500,166.09,400,166.08,1000,166.05,700,166.02,100,166.01,100,166.0,500,166.34,600,166.35,100,166.36,100,166.37,100,166.38,100,166.39,100,166.4,300,166.48,100,166.49,100,166.5,800
2026-01-16 09:34:55,166.255,166.25,1,166.17,900,166.34,600,166.34,166.17,166.17,900,166.16,200,166.11,200,166.1,500,166.09,400,166.08,1000,166.05,700,166.02,100,166.01,100,166.0,500,166.34,600,166.35,100,166.36,100,166.37,100,166.38,100,166.39,100,166.4,300,166.48,100,166.49,100,166.5,800
2026-01-16 09:34:56,166.255,166.25,1,166.17,900,166.34,600,166.34,166.17,166.17,900,166.16,200,166.11,200,166.1,500,166.09,400,166.08,1000,166.05,700,166.02,100,166.01,100,166.0,500,166.34,600,166.35,100,166.36,100,166.37,100,166.38,100,166.39,100,166.4,300,166.48,100,166.49,100,166.5,800
2026-01-16 09:34:57,166.27,166.29,1,166.2,100,166.34,700,166.34,166.2,166.2,100,166.19,100,166.18,100,166.17,900,166.16,200,166.11,200,166.1,500,166.09,400,166.08,1000,166.05,700,166.34,700,166.35,100,166.36,100,166.37,100,166.38,100,166.39,100,166.4,300,166.48,100,166.49,100,166.5,800
2026-01-16 09:34:58,166.27,166.29,1,166.2,100,166.34,700,166.34,166.2,166.2,100,166.19,100,166.18,100,166.17,900,166.16,200,166.11,200,166.1,500,166.09,400,166.08,1000,166.05,700,166.34,700,166.35,100,166.36,100,166.37,100,166.38,100,166.39,100,166.4,300,166.48,100,166.49,100,166.5,800
2026-01-16 09:34:59,166.27,166.29,1,166.2,100,166.34,800,166.34,166.2,166.2,100,166.19,100,166.18,100,166.17,900,166.16,200,166.11,200,166.1,500,166.09,400,166.08,1000,166.05,700,166.34,800,166.35,100,166.36,100,166.37,100,166.38,100,166.39,100,166.4,300,166.48,100,166.49,100,166.5,800
2026-01-16 09:35:00,166.255,166.26,3,166.17,900,166.34,800,166.34,166.17,166.17,900,166.16,200,166.11,200,166.1,500,166.09,400,166.08,1000,166.05,700,166.02,100,166.01,100,166.0,500,166.34,800,166.35,100,166.36,100,166.37,100,166.38,100,166.39,100,166.4,300,166.48,100,166.49,100,166.5,800
2026-01-16 09:35:01,166.255,166.26,3,166.17,900,166.34,800,166.34,166.17,166.17,900,166.16,200,166.11,200,166.1,500,166.09,400,166.08,1000,166.05,700,166.02,100,166.01,100,166.0,500,166.34,800,166.35,100,166.36,100,166.37,100,166.38,100,166.39,100,166.4,300,166.48,100,166.49,100,166.5,800
2026-01-16 09:35:02,166.255,166.26,3,166.17,900,166.34,800,166.34,166.17,166.17,900,166.16,200,166.11,200,166.1,500,166.09,400,166.08,1000,166.05,700,166.02,100,166.01,100,166.0,500,166.34,800,166.35,100,166.36,100,166.37,100,166.38,100,166.39,100,166.4,300,166.48,100,166.49,100,166.5,800
2026-01-16 09:35:03,166.335,166.34,1,166.27,200,166.4,300,166.4,166.27,166.27,200,166.26,100,166.25,100,166.24,200,166.23,200,166.22,300,166.21,100,166.2,100,166.18,100,166.17,900,166.4,300,166.48,100,166.49,100,166.5,800,166.75,800,,,,,,,,,,
2026-01-16 09:35:04,166.335,166.27,2,166.27,100,166.4,500,166.4,166.27,166.27,100,166.26,100,166.25,100,166.24,200,166.23,200,166.22,300,166.21,100,166.2,100,166.18,100,166.17,900,166.4,500,166.48,100,166.49,100,166.5,800,166.75,800,,,,,,,,,,
2026-01-16 09:35:05,166.335,166.34,1,166.27,100,166.4,500,166.4,166.27,166.27,100,166.26,100,166.25,100,166.24,200,166.23,200,166.22,300,166.21,100,166.2,100,166.18,100,166.17,900,166.4,500,166.48,100,166.49,100,166.5,800,166.75,800,,,,,,,,,,
2026-01-16 09:35:06,166.335,166.34,1,166.27,300,166.4,500,166.4,166.27,166.27,300,166.26,100,166.25,100,166.24,200,166.23,200,166.22,300,166.21,100,166.2,100,166.18,100,166.17,900,166.4,500,166.48,100,166.49,100,166.5,800,166.75,800,,,,,,,,,,
2026-01-16 09:35:07,166.335,166.34,1,166.27,300,166.4,500,166.4,166.27,166.27,300,166.26,100,166.25,100,166.24,200,166.23,200,166.22,300,166.21,100,166.2,100,166.18,100,166.17,900,166.4,500,166.48,100,166.49,100,166.5,800,166.75,800,,,,,,,,,,
2026-01-16 09:35:08,166.285,166.27,1,166.17,1100,166.4,700,166.4,166.17,166.17,1100,166.16,200,166.11,200,166.1,500,166.09,400,166.08,1000,166.05,700,166.02,100,166.01,100,166.0,500,166.4,700,166.48,100,166.49,100,166.5,800,166.75,800,,,,,,,,,,
2026-01-16 09:35:09,166.25,166.27,1,166.12,100,166.38,100,166.38,166.12,166.12,100,166.11,200,166.1,500,166.09,400,166.08,1000,166.05,700,166.02,100,166.01,100,166.0,500,165.99,400,166.38,100,166.39,100,166.4,600,166.48,100,166.49,100,166.5,800,166.75,800,,,,,,
2026-01-16 09:35:10,166.245,166.25,1,166.12,100,166.37,100,166.37,166.12,166.12,100,166.11,200,166.1,500,166.09,400,166.08,1000,166.05,700,166.02,100,166.01,100,166.0,500,165.99,400,166.37,100,166.4,600,166.48,100,166.49,100,166.5,800,166.75,800,,,,,,,,
2026-01-16 09:35:11,166.245,166.25,1,166.12,300,166.37,100,166.37,166.12,166.12,300,166.11,200,166.1,500,166.09,400,166.08,1000,166.05,700,166.02,100,166.01,100,166.0,500,165.99,400,166.37,100,166.4,600,166.48,100,166.49,100,166.5,800,166.75,800,,,,,,,,
2026-01-16 09:35:12,166.245,166.25,12,166.12,300,166.37,300,166.37,166.12,166.12,300,166.11,200,166.1,500,166.09,400,166.08,1000,166.05,700,166.02,100,166.01,100,166.0,500,165.99,400,166.37,300,166.4,600,166.48,100,166.49,100,166.5,800,166.75,800,,,,,,,,
2026-01-16 09:35:13,166.245,166.25,12,166.12,300,166.37,300,166.37,166.12,166.12,300,166.11,200,166.1,500,166.09,400,166.08,1000,166.05,700,166.02,100,166.01,100,166.0,500,165.99,400,166.37,300,166.4,600,166.48,100,166.49,100,166.5,800,166.75,800,,,,,,,,
2026-01-16 09:35:14,166.245,166.25,12,166.12,300,166.37,300,166.37,166.12,166.12,300,166.11,200,166.1,500,166.09,400,166.08,1000,166.05,700,166.02,100,166.01,100,166.0,500,165.99,400,166.37,300,166.4,600,166.48,100,166.49,100,166.5,800,166.75,800,,,,,,,,
2026-01-16 09:35:15,166.245,166.25,12,166.12,300,166.37,300,166.37,166.12,166.12,300,166.11,200,166.1,500,166.09,400,166.08,1000,166.05,700,166.02,100,166.01,100,166.0,500,165.99,400,166.37,300,166.4,600,166.48,100,166.49,100,166.5,800,166.75,800,,,,,,,,
2026-01-16 09:35:16,166.245,166.32,1,166.12,400,166.37,800,166.37,166.12,166.12,400,166.11,200,166.1,500,166.09,400,166.08,1000,166.05,700,166.02,100,166.01,100,166.0,500,165.99,400,166.37,800,166.4,600,166.48,100,166.49,100,166.5,800,166.75,800,,,,,,,,
2026-01-16 09:35:17,166.245,166.32,1,166.12,400,166.37,700,166.37,166.12,166.12,400,166.11,200,166.1,500,166.09,400,166.08,1000,166.05,700,166.02,100,166.01,100,166.0,500,165.99,400,166.37,700,166.4,600,166.48,100,166.49,100,166.5,800,166.75,800,,,,,,,,
2026-01-16 09:35:18,166.29,166.29,1,166.21,400,166.37,500,166.37,166.21,166.21,400,166.12,400,166.11,200,166.1,500,166.09,400,166.08,1000,166.05,700,166.02,100,166.01,100,166.0,500,166.37,500,166.4,600,166.48,100,166.49,100,166.5,800,166.75,800,,,,,,,,
2026-01-16 09:35:19,166.29,166.29,1,166.21,500,166.37,600,166.37,166.21,166.21,500,166.12,400,166.11,200,166.1,500,166.09,400,166.08,1000,166.05,700,166.02,100,166.01,100,166.0,500,166.37,600,166.4,600,166.48,100,166.49,100,166.5,800,166.75,800,,,,,,,,
2026-01-16 09:35:20,166.29,166.29,1,166.21,500,166.37,600,166.37,166.21,166.21,500,166.12,400,166.11,200,166.1,500,166.09,400,166.08,1000,166.05,700,166.02,100,166.01,100,166.0,500,166.37,600,166.4,600,166.48,100,166.49,100,166.5,800,166.75,800,,,,,,,,
2026-01-16 09:35:21,166.28,166.29,1,166.21,500,166.35,600,166.35,166.21,166.21,500,166.12,400,166.11,200,166.1,500,166.09,400,166.08,1000,166.05,700,166.02,100,166.01,100,166.0,500,166.35,600,166.37,600,166.4,600,166.48,100,166.49,100,166.5,800,166.75,800,,,,,,
2026-01-16 09:35:22,166.28,166.29,1,166.21,500,166.35,500,166.35,166.21,166.21,500,166.12,400,166.11,200,166.1,500,166.09,400,166.08,1000,166.05,700,166.02,100,166.01,100,166.0,500,166.35,500,166.37,600,166.4,600,166.48,100,166.49,100,166.5,800,166.75,800,,,,,,
2026-01-16 09:35:23,166.28,166.29,1,166.21,500,166.35,500,166.35,166.21,166.21,500,166.12,400,166.11,200,166.1,500,166.09,400,166.08,1000,166.05,700,166.02,100,166.01,100,166.0,500,166.35,500,166.37,600,166.4,600,166.48,100,166.49,100,166.5,800,166.75,800,,,,,,
2026-01-16 09:35:24,166.38,166.39,1,166.36,100,166.4,500,166.4,166.36,166.36,100,166.31,100,166.3,100,166.29,200,166.21,500,166.12,400,166.11,200,166.1,500,166.09,400,166.08,1000,166.4,500,166.48,100,166.49,100,166.5,800,166.75,800,,,,,,,,,,
2026-01-16 09:35:25,166.335,166.39,2,166.27,300,166.4,500,166.4,166.27,166.27,300,166.21,500,166.12,400,166.11,200,166.1,500,166.09,400,166.08,1000,166.05,700,166.02,100,166.01,100,166.4,500,166.48,100,166.49,100,166.5,800,166.75,800,,,,,,,,,,
2026-01-16 09:35:26,166.325,166.37,1,166.25,100,166.4,500,166.4,166.25,166.25,100,166.21,500,166.12,400,166.11,200,166.1,500,166.09,400,166.08,1000,166.05,700,166.02,100,166.01,100,166.4,500,166.48,100,166.49,100,166.5,800,166.75,800,,,,,,,,,,
2026-01-16 09:35:27,166.325,166.37,1,166.25,300,166.4,500,166.4,166.25,166.25,300,166.24,100,166.21,500,166.12,400,166.11,200,166.1,500,166.09,400,166.08,1000,166.05,700,166.02,100,166.4,500,166.48,100,166.49,100,166.5,800,166.75,800,,,,,,,,,,
2026-01-16 09:35:28,166.325,166.37,1,166.25,300,166.4,500,166.4,166.25,166.25,300,166.24,100,166.21,500,166.12,400,166.11,200,166.1,500,166.09,400,166.08,1000,166.05,700,166.02,100,166.4,500,166.48,100,166.49,100,166.5,800,166.75,800,,,,,,,,,,
2026-01-16 09:35:29,166.325,166.37,1,166.25,300,166.4,500,166.4,166.25,166.25,300,166.24,100,166.21,500,166.12,400,166.11,200,166.1,500,166.09,400,166.08,1000,166.05,700,166.02,100,166.4,500,166.48,100,166.49,100,166.5,800,166.75,800,,,,,,,,,,
2026-01-16 09:35:30,166.325,166.37,1,166.25,300,166.4,500,166.4,166.25,166.25,300,166.24,100,166.21,500,166.12,400,166.11,200,166.1,500,166.09,400,166.08,1000,166.05,700,166.02,100,166.4,500,166.48,100,166.49,100,166.5,800,166.75,800,,,,,,,,,,
2026-01-16 09:35:31,166.295,166.37,1,166.21,400,166.38,100,166.38,166.21,166.21,400,166.12,400,166.11,200,166.1,500,166.09,400,166.08,1000,166.05,700,166.02,100,166.01,100,166.0,500,166.38,100,166.39,100,166.4,600,166.48,100,166.49,100,166.5,800,166.75,800,,,,,,
2026-01-16 09:35:32,166.17,166.37,1,166.08,1000,166.26,300,166.26,166.08,166.08,1000,166.05,700,166.02,100,166.01,100,166.0,500,165.99,400,165.96,200,165.94,100,165.93,200,165.87,100,166.26,300,166.27,300,166.28,100,166.3,100,166.31,100,166.32,100,166.33,100,166.37,100,166.38,100,166.39,100
2026-01-16 09:35:33,166.17,166.37,1,166.08,1000,166.26,300,166.26,166.08,166.08,1000,166.05,700,166.02,100,166.01,100,166.0,500,165.99,400,165.96,200,165.94,100,165.93,200,165.87,100,166.26,300,166.27,300,166.28,100,166.3,100,166.31,100,166.32,100,166.33,100,166.37,100,166.38,100,166.39,100
2026-01-16 09:35:34,166.17,166.37,1,166.08,1000,166.26,400,166.26,166.08,166.08,1000,166.05,700,166.02,100,166.01,100,166.0,500,165.99,400,165.96,200,165.94,100,165.93,200,165.87,100,166.26,400,166.27,300,166.28,100,166.3,100,166.31,100,166.32,100,166.33,100,166.37,100,166.38,100,166.39,100
2026-01-16 09:35:35,166.17,166.26,1,166.08,1000,166.26,400,166.26,166.08,166.08,1000,166.05,700,166.02,100,166.01,100,166.0,500,165.99,400,165.96,200,165.94,100,165.93,200,165.87,100,166.26,400,166.27,300,166.28,100,166.3,100,166.31,100,166.32,100,166.33,100,166.37,100,166.38,100,166.39,100
2026-01-16 09:35:36,166.17,166.26,1,166.08,1000,166.26,400,166.26,166.08,166.08,1000,166.05,700,166.02,100,166.01,100,166.0,500,165.99,400,165.96,200,165.94,100,165.93,200,165.87,100,166.26,400,166.27,300,166.28,100,166.3,100,166.31,100,166.32,100,166.33,100,166.37,100,166.38,100,166.39,100
2026-01-16 09:35:37,166.17,166.15,10,166.08,1000,166.26,400,166.26,166.08,166.08,1000,166.05,700,166.02,100,166.01,100,166.0,500,165.99,400,165.96,200,165.94,100,165.93,200,165.87,100,166.26,400,166.27,300,166.28,100,166.3,100,166.31,100,166.32,100,166.33,100,166.37,100,166.38,100,166.39,100
2026-01-16 09:35:38,166.17,166.15,10,166.08,1000,166.26,400,166.26,166.08,166.08,1000,166.05,700,166.02,100,166.01,100,166.0,500,165.99,400,165.96,200,165.94,100,165.93,200,165.87,100,166.26,400,166.27,300,166.28,100,166.3,100,166.31,100,166.32,100,166.33,100,166.37,100,166.38,100,166.39,100
2026-01-16 09:35:39,166.17,166.15,10,166.08,1000,166.26,500,166.26,166.08,166.08,1000,166.05,700,166.02,100,166.01,100,166.0,500,165.99,400,165.96,200,165.94,100,165.93,200,165.87,100,166.26,500,166.27,300,166.28,100,166.3,100,166.31,100,166.32,100,166.33,100,166.37,100,166.38,100,166.39,100
2026-01-16 09:35:40,166.17,166.15,10,166.08,1000,166.26,500,166.26,166.08,166.08,1000,166.05,700,166.02,100,166.01,100,166.0,500,165.99,400,165.96,200,165.94,100,165.93,200,165.87,100,166.26,500,166.27,300,166.28,100,166.3,100,166.31,100,166.32,100,166.33,100,166.37,100,166.38,100,166.39,100
2026-01-16 09:35:41,166.17,166.15,10,166.08,1000,166.26,500,166.26,166.08,166.08,1000,166.05,700,166.02,100,166.01,100,166.0,500,165.99,400,165.96,200,165.94,100,165.93,200,165.87,100,166.26,500,166.27,300,166.28,100,166.3,100,166.31,100,166.32,100,166.33,100,166.37,100,166.38,100,166.39,100
2026-01-16 09:35:42,166.17,166.26,1,166.08,1000,166.26,500,166.26,166.08,166.08,1000,166.05,700,166.02,100,166.01,100,166.0,500,165.99,400,165.96,200,165.94,100,165.93,200,165.87,100,166.26,500,166.27,300,166.28,100,166.3,100,166.31,100,166.32,100,166.33,100,166.37,100,166.38,100,166.39,100
2026-01-16 09:35:43,166.17,166.26,1,166.08,1000,166.26,500,166.26,166.08,166.08,1000,166.05,700,166.02,100,166.01,100,166.0,500,165.99,400,165.96,200,165.94,100,165.93,200,165.87,100,166.26,500,166.27,300,166.28,100,166.3,100,166.31,100,166.32,100,166.33,100,166.37,100,166.38,100,166.39,100
2026-01-16 09:35:44,166.17,166.26,1,166.08,1000,166.26,500,166.26,166.08,166.08,1000,166.05,700,166.02,100,166.01,100,166.0,500,165.99,400,165.96,200,165.94,100,165.93,200,165.87,100,166.26,500,166.27,300,166.28,100,166.3,100,166.31,100,166.32,100,166.33,100,166.37,100,166.38,100,166.39,100
2026-01-16 09:35:45,166.17,166.26,1,166.08,1000,166.26,500,166.26,166.08,166.08,1000,166.05,700,166.02,100,166.01,100,166.0,500,165.99,400,165.96,200,165.94,100,165.93,200,165.87,100,166.26,500,166.27,300,166.28,100,166.3,100,166.31,100,166.32,100,166.33,100,166.37,100,166.38,100,166.39,100
2026-01-16 09:35:46,166.17,166.26,1,166.08,1000,166.26,500,166.26,166.08,166.08,1000,166.05,700,166.02,100,166.01,100,166.0,500,165.99,400,165.96,200,165.94,100,165.93,200,165.87,100,166.26,500,166.27,300,166.28,100,166.3,100,166.31,100,166.32,100,166.33,100,166.37,100,166.38,100,166.39,100
2026-01-16 09:35:47,166.17,166.26,1,166.08,1000,166.26,500,166.26,166.08,166.08,1000,166.05,700,166.02,100,166.01,100,166.0,500,165.99,400,165.96,200,165.94,100,165.93,200,165.87,100,166.26,500,166.27,300,166.28,100,166.3,100,166.31,100,166.32,100,166.33,100,166.37,100,166.38,100,166.39,100
2026-01-16 09:35:48,166.17,166.11,1,166.08,1000,166.26,500,166.26,166.08,166.08,1000,166.05,700,166.02,100,166.01,100,166.0,500,165.99,400,165.96,200,165.94,100,165.93,200,165.87,100,166.26,500,166.27,300,166.28,100,166.3,100,166.31,100,166.32,100,166.33,100,166.37,100,166.38,100,166.39,100
2026-01-16 09:35:49,166.17,166.11,1,166.08,1000,166.26,500,166.26,166.08,166.08,1000,166.05,700,166.02,100,166.01,100,166.0,500,165.99,400,165.96,200,165.94,100,165.93,200,165.87,100,166.26,500,166.27,300,166.28,100,166.3,100,166.31,100,166.32,100,166.33,100,166.37,100,166.38,100,166.39,100
2026-01-16 09:35:50,166.17,166.11,1,166.08,1000,166.26,500,166.26,166.08,166.08,1000,166.05,700,166.02,100,166.01,100,166.0,500,165.99,400,165.96,200,165.94,100,165.93,200,165.87,100,166.26,500,166.27,300,166.28,100,166.3,100,166.31,100,166.32,100,166.33,100,166.37,100,166.38,100,166.39,100
2026-01-16 09:35:51,166.17,166.11,1,166.08,1000,166.26,500,166.26,166.08,166.08,1000,166.05,700,166.02,100,166.01,100,166.0,500,165.99,400,165.96,200,165.94,100,165.93,200,165.87,100,166.26,500,166.27,300,166.28,100,166.3,100,166.31,100,166.32,100,166.33,100,166.37,100,166.38,100,166.39,100
2026-01-16 09:35:52,166.17,166.11,1,166.08,1000,166.26,500,166.26,166.08,166.08,1000,166.05,700,166.02,100,166.01,100,166.0,500,165.99,400,165.96,200,165.94,100,165.93,200,165.87,100,166.26,500,166.27,300,166.28,100,166.3,100,166.31,100,166.32,100,166.33,100,166.37,100,166.38,100,166.39,100
2026-01-16 09:35:53,166.17,166.11,1,166.08,1000,166.26,500,166.26,166.08,166.08,1000,166.05,700,166.02,100,166.01,100,166.0,500,165.99,400,165.96,200,165.94,100,165.93,200,165.87,100,166.26,500,166.27,300,166.28,100,166.3,100,166.31,100,166.32,100,166.33,100,166.37,100,166.38,100,166.39,100
2026-01-16 09:35:54,166.185,166.11,1,166.11,300,166.26,500,166.26,166.11,166.11,300,166.1,200,166.08,1000,166.05,700,166.02,100,166.01,100,166.0,500,165.99,400,165.96,200,165.94,100,166.26,500,166.27,300,166.28,100,166.3,100,166.31,100,166.32,100,166.33,100,166.37,100,166.38,100,166.39,100
2026-01-16 09:35:55,166.23,166.23,1,166.19,300,166.27,400,166.27,166.19,166.19,300,166.16,100,166.11,400,166.1,200,166.08,1000,166.05,700,166.02,100,166.01,100,166.0,500,165.99,400,166.27,400,166.28,100,166.3,100,166.31,100,166.32,100,166.33,100,166.37,100,166.38,100,166.39,100,166.4,600
2026-01-16 09:35:56,166.21,166.27,1,166.15,300,166.27,400,166.27,166.15,166.15,300,166.11,400,166.1,200,166.08,1000,166.05,700,166.02,100,166.01,100,166.0,500,165.99,400,165.96,200,166.27,400,166.28,100,166.3,100,166.31,100,166.32,100,166.33,100,166.37,100,166.38,100,166.39,100,166.4,600
2026-01-16 09:35:57,166.21,166.27,1,166.15,300,166.27,400,166.27,166.15,166.15,300,166.11,400,166.1,200,166.08,1000,166.05,700,166.02,100,166.01,100,166.0,500,165.99,400,165.96,200,166.27,400,166.28,100,166.3,100,166.31,100,166.32,100,166.33,100,166.37,100,166.38,100,166.39,100,166.4,600
2026-01-16 09:35:58,166.21,166.27,1,166.15,300,166.27,400,166.27,166.15,166.15,300,166.11,400,166.1,200,166.08,1000,166.05,700,166.02,100,166.01,100,166.0,500,165.99,400,165.96,200,166.27,400,166.28,100,166.3,100,166.31,100,166.32,100,166.33,100,166.37,100,166.38,100,166.39,100,166.4,600
2026-01-16 09:35:59,166.21,166.27,1,166.15,400,166.27,500,166.27,166.15,166.15,400,166.11,400,166.1,200,166.08,1000,166.05,700,166.02,100,166.01,100,166.0,500,165.99,400,165.96,200,166.27,500,166.28,100,166.3,100,166.31,100,166.32,100,166.33,100,166.37,100,166.38,100,166.39,100,166.4,600
2026-01-16 09:36:00,166.21,166.27,1,166.15,400,166.27,500,166.27,166.15,166.15,400,166.11,400,166.1,200,166.08,1000,166.05,700,166.02,100,166.01,100,166.0,500,165.99,400,165.96,200,166.27,500,166.28,100,166.3,100,166.31,100,166.32,100,166.33,100,166.37,100,166.38,100,166.39,100,166.4,600
2026-01-16 09:36:01,166.21,166.27,1,166.15,500,166.27,400,166.27,166.15,166.15,500,166.11,400,166.1,200,166.08,1000,166.05,700,166.02,100,166.01,100,166.0,500,165.99,400,165.96,200,166.27,400,166.28,100,166.3,100,166.31,100,166.32,100,166.33,100,166.37,100,166.38,100,166.39,100,166.4,600
2026-01-16 09:36:02,166.21,166.27,1,166.15,800,166.27,400,166.27,166.15,166.15,800,166.11,400,166.1,200,166.08,1000,166.05,700,166.02,100,166.01,100,166.0,500,165.99,400,165.96,200,166.27,400,166.28,100,166.3,100,166.31,100,166.32,100,166.33,100,166.37,100,166.38,100,166.39,100,166.4,600
2026-01-16 09:36:03,166.215,166.24,1,166.16,400,166.27,100,166.27,166.16,166.16,400,166.15,900,166.11,400,166.1,200,166.08,1000,166.05,700,166.02,100,166.01,100,166.0,500,165.99,400,166.27,100,166.28,200,166.3,100,166.31,100,166.32,100,166.33,100,166.37,100,166.38,100,166.39,100,166.4,600
2026-01-16 09:36:04,166.215,166.24,1,166.16,600,166.27,300,166.27,166.16,166.16,600,166.15,900,166.11,400,166.1,200,166.08,1000,166.05,700,166.02,100,166.01,100,166.0,500,165.99,400,166.27,300,166.28,200,166.3,100,166.31,100,166.32,100,166.33,100,166.37,100,166.38,100,166.39,100,166.4,600
2026-01-16 09:36:05,166.24,166.27,1,166.21,200,166.27,100,166.27,166.21,166.21,200,166.19,300,166.16,800,166.15,900,166.11,400,166.1,200,166.08,1000,166.05,700,166.02,100,166.01,100,166.27,100,166.28,200,166.3,100,166.31,100,166.32,100,166.33,100,166.37,100,166.38,100,166.39,100,166.4,600
2026-01-16 09:36:06,166.24,166.27,2,166.21,200,166.27,200,166.27,166.21,166.21,200,166.19,300,166.16,800,166.15,900,166.11,400,166.1,200,166.08,1000,166.05,700,166.02,100,166.01,100,166.27,200,166.28,200,166.3,100,166.31,100,166.32,100,166.33,100,166.37,100,166.38,100,166.39,100,166.4,600
2026-01-16 09:36:07,166.24,166.25,1,166.21,200,166.27,200,166.27,166.21,166.21,200,166.19,300,166.16,800,166.15,900,166.11,400,166.1,200,166.08,1000,166.05,700,166.02,100,166.01,100,166.27,200,166.28,200,166.3,100,166.31,100,166.32,100,166.33,100,166.37,100,166.38,100,166.39,100,166.4,600
2026-01-16 09:36:08,166.325,166.29,5,166.26,400,166.39,600,166.39,166.26,166.26,400,166.25,100,166.24,100,166.23,700,166.21,400,166.19,300,166.16,800,166.15,900,166.11,400,166.1,200,166.39,600,166.4,600,166.48,100,166.49,100,166.5,800,166.75,800,,,,,,,,
2026-01-16 09:36:09,166.325,166.39,1,166.26,400,166.39,600,166.39,166.26,166.26,400,166.25,100,166.24,100,166.23,700,166.21,400,166.19,300,166.16,800,166.15,900,166.11,400,166.1,200,166.39,600,166.4,600,166.48,100,166.49,100,166.5,800,166.75,800,,,,,,,,
2026-01-16 09:36:10,166.325,166.29,5,166.26,400,166.39,600,166.39,166.26,166.26,400,166.25,100,166.24,100,166.23,700,166.21,400,166.19,300,166.16,800,166.15,900,166.11,400,166.1,200,166.39,600,166.4,600,166.48,100,166.49,100,166.5,800,166.75,800,,,,,,,,
2026-01-16 09:36:11,166.325,166.29,5,166.26,600,166.39,600,166.39,166.26,166.26,600,166.25,100,166.24,100,166.23,700,166.21,400,166.19,300,166.16,800,166.15,900,166.11,400,166.1,200,166.39,600,166.4,600,166.48,100,166.49,100,166.5,800,166.75,800,,,,,,,,
2026-01-16 09:36:12,166.325,166.3,2,166.26,600,166.39,300,166.39,166.26,166.26,600,166.25,100,166.24,100,166.23,700,166.21,400,166.19,300,166.16,800,166.15,900,166.11,400,166.1,200,166.39,300,166.4,400,166.48,100,166.49,100,166.5,800,166.75,800,,,,,,,,
2026-01-16 09:36:13,166.245,166.25,1,166.16,900,166.33,300,166.33,166.16,166.16,900,166.15,900,166.11,400,166.1,200,166.08,1000,166.05,700,166.02,100,166.01,100,166.0,500,165.99,400,166.33,300,166.34,200,166.37,100,166.38,300,166.39,400,166.4,400,166.48,100,166.49,100,166.5,800,166.75,800
2026-01-16 09:36:14,166.245,166.25,1,166.16,900,166.33,400,166.33,166.16,166.16,900,166.15,900,166.11,400,166.1,200,166.08,1000,166.05,700,166.02,100,166.01,100,166.0,500,165.99,400,166.33,400,166.34,200,166.37,100,166.38,300,166.39,400,166.4,400,166.48,100,166.49,100,166.5,800,166.75,800
2026-01-16 09:36:15,166.245,166.25,1,166.16,900,166.33,400,166.33,166.16,166.16,900,166.15,900,166.11,400,166.1,200,166.08,1000,166.05,700,166.02,100,166.01,100,166.0,500,165.99,400,166.33,400,166.34,200,166.37,100,166.38,300,166.39,400,166.4,400,166.48,100,166.49,100,166.5,800,166.75,800
2026-01-16 09:36:16,166.245,166.25,1,166.16,900,166.33,400,166.33,166.16,166.16,900,166.15,900,166.11,400,166.1,200,166.08,1000,166.05,700,166.02,100,166.01,100,166.0,500,165.99,400,166.33,400,166.34,200,166.37,100,166.38,300,166.39,400,166.4,400,166.48,100,166.49,100,166.5,800,166.75,800
2026-01-16 09:36:17,166.255,166.25,1,166.18,400,166.33,400,166.33,166.18,166.18,400,166.16,900,166.15,900,166.11,400,166.1,200,166.08,1000,166.05,700,166.02,100,166.01,100,166.0,500,166.33,400,166.34,200,166.37,100,166.38,300,166.39,400,166.4,400,166.48,100,166.49,100,166.5,800,166.75,800
2026-01-16 09:36:18,166.255,166.25,1,166.18,400,166.33,400,166.33,166.18,166.18,400,166.16,900,166.15,900,166.11,400,166.1,200,166.08,1000,166.05,700,166.02,100,166.01,100,166.0,500,166.33,400,166.34,200,166.37,100,166.38,300,166.39,400,166.4,400,166.48,100,166.49,100,166.5,800,166.75,800
2026-01-16 09:36:19,166.255,166.25,1,166.18,400,166.33,400,166.33,166.18,166.18,400,166.16,900,166.15,900,166.11,400,166.1,200,166.08,1000,166.05,700,166.02,100,166.01,100,166.0,500,166.33,400,166.34,200,166.37,100,166.38,300,166.39,400,166.4,400,166.48,100,166.49,100,166.5,800,166.75,800
2026-01-16 09:36:20,166.215,166.31,2,166.18,300,166.25,600,166.25,166.18,166.18,300,166.16,900,166.15,900,166.11,400,166.1,200,166.08,1000,166.05,700,166.02,100,166.01,100,166.0,500,166.25,600,166.29,500,166.34,700,166.36,100,166.37,100,166.38,300,166.39,400,166.4,400,166.48,100,166.49,100
2026-01-16 09:36:21,166.215,166.22,3,166.18,300,166.25,600,166.25,166.18,166.18,300,166.16,900,166.15,900,166.11,400,166.1,200,166.08,1000,166.05,700,166.02,100,166.01,100,166.0,500,166.25,600,166.29,500,166.34,700,166.36,100,166.37,100,166.38,300,166.39,400,166.4,400,166.48,100,166.49,100
2026-01-16 09:36:22,166.215,166.22,3,166.18,200,166.25,600,166.25,166.18,166.18,200,166.16,900,166.15,900,166.11,400,166.1,200,166.08,1000,166.05,700,166.02,100,166.01,100,166.0,500,166.25,600,166.29,500,166.34,700,166.36,100,166.37,100,166.38,300,166.39,400,166.4,400,166.48,100,166.49,100
2026-01-16 09:36:23,166.215,166.22,3,166.18,200,166.25,600,166.25,166.18,166.18,200,166.16,900,166.15,900,166.11,400,166.1,200,166.08,1000,166.05,700,166.02,100,166.01,100,166.0,500,166.25,600,166.29,500,166.34,700,166.36,100,166.37,100,166.38,300,166.39,400,166.4,400,166.48,100,166.49,100
2026-01-16 09:36:25,166.215,166.18,3,166.18,200,166.25,600,166.25,166.18,166.18,200,166.16,900,166.15,900,166.11,400,166.1,200,166.08,1000,166.05,700,166.02,100,166.01,100,166.0,500,166.25,600,166.29,500,166.34,700,166.36,100,166.37,100,166.38,300,166.39,400,166.4,400,166.48,100,166.49,100
2026-01-16 09:36:26,166.215,166.18,3,166.18,200,166.25,600,166.25,166.18,166.18,200,166.16,900,166.15,900,166.11,400,166.1,200,166.08,1000,166.05,700,166.02,100,166.01,100,166.0,500,166.25,600,166.29,500,166.34,700,166.36,100,166.37,100,166.38,300,166.39,400,166.4,400,166.48,100,166.49,100
2026-01-16 09:36:27,166.285,166.29,3,166.21,300,166.36,700,166.36,166.21,166.21,300,166.18,300,166.16,900,166.15,900,166.11,400,166.1,200,166.08,1000,166.05,700,166.02,100,166.01,100,166.36,700,166.37,200,166.38,300,166.39,400,166.4,400,166.48,100,166.49,100,166.5,800,166.75,800,,
2026-01-16 09:36:28,166.285,166.29,3,166.21,300,166.36,700,166.36,166.21,166.21,300,166.18,300,166.16,900,166.15,900,166.11,400,166.1,200,166.08,1000,166.05,700,166.02,100,166.01,100,166.36,700,166.37,200,166.38,300,166.39,400,166.4,400,166.48,100,166.49,100,166.5,800,166.75,800,,
2026-01-16 09:36:29,166.285,166.29,3,166.21,300,166.36,700,166.36,166.21,166.21,300,166.18,300,166.16,900,166.15,900,166.11,400,166.1,200,166.08,1000,166.05,700,166.02,100,166.01,100,166.36,700,166.37,200,166.38,300,166.39,400,166.4,400,166.48,100,166.49,100,166.5,800,166.75,800,,
2026-01-16 09:36:30,166.295,166.29,3,166.23,100,166.36,800,166.36,166.23,166.23,100,166.21,200,166.18,300,166.16,900,166.15,900,166.11,400,166.1,200,166.08,1000,166.05,700,166.02,100,166.36,800,166.37,200,166.38,300,166.39,400,166.4,400,166.48,100,166.49,100,166.5,800,166.75,800,,
2026-01-16 09:36:31,166.295,166.3,3,166.23,300,166.36,800,166.36,166.23,166.23,300,166.21,200,166.18,300,166.16,900,166.15,900,166.11,400,166.1,200,166.08,1000,166.05,700,166.02,100,166.36,800,166.37,200,166.38,300,166.39,400,166.4,400,166.48,100,166.49,100,166.5,800,166.75,800,,
2026-01-16 09:36:32,166.265,166.3,3,166.23,300,166.3,400,166.3,166.23,166.23,300,166.21,200,166.18,300,166.16,900,166.15,900,166.11,400,166.1,200,166.08,1000,166.05,700,166.02,100,166.3,400,166.36,800,166.37,200,166.38,300,166.39,400,166.4,400,166.48,100,166.49,100,166.5,800,166.75,800
2026-01-16 09:36:33,166.265,166.27,3,166.23,500,166.3,400,166.3,166.23,166.23,500,166.21,200,166.18,300,166.16,900,166.15,900,166.11,400,166.1,200,166.08,1000,166.05,700,166.02,100,166.3,400,166.36,800,166.37,200,166.38,300,166.39,400,166.4,400,166.48,100,166.49,100,166.5,800,166.75,800
2026-01-16 09:36:34,166.28,166.29,1,166.23,600,166.33,400,166.33,166.23,166.23,600,166.21,200,166.18,300,166.16,900,166.15,900,166.11,400,166.1,200,166.08,1000,166.05,700,166.02,100,166.33,400,166.36,900,166.37,200,166.38,300,166.39,400,166.4,400,166.48,100,166.49,100,166.5,800,166.75,800
2026-01-16 09:36:35,166.235,166.26,1,166.18,200,166.29,300,166.29,166.18,166.18,200,166.16,900,166.15,900,166.11,400,166.1,200,166.08,1000,166.05,700,166.02,100,166.01,100,166.0,500,166.29,300,166.31,100,166.32,100,166.33,400,166.36,900,166.37,200,166.38,300,166.39,400,166.4,400,166.48,100
2026-01-16 09:36:36,166.225,166.26,1,166.18,200,166.27,400,166.27,166.18,166.18,200,166.16,900,166.15,900,166.11,400,166.1,200,166.08,1000,166.05,700,166.02,100,166.01,100,166.0,500,166.27,400,166.28,100,166.29,300,166.31,100,166.32,100,166.33,400,166.36,900,166.37,200,166.38,300,166.39,400
2026-01-16 09:36:37,166.23,166.26,1,166.18,200,166.28,300,166.28,166.18,166.18,200,166.16,900,166.15,900,166.11,400,166.1,200,166.08,1000,166.05,700,166.02,100,166.01,100,166.0,500,166.28,300,166.29,300,166.31,100,166.32,100,166.33,400,166.36,900,166.37,200,166.38,300,166.39,400,166.4,400
2026-01-16 09:36:38,166.235,166.24,1,166.18,300,166.29,300,166.29,166.18,166.18,300,166.16,900,166.15,900,166.11,400,166.1,200,166.08,1000,166.05,700,166.02,100,166.01,100,166.0,500,166.29,300,166.31,100,166.32,100,166.33,400,166.36,900,166.37,200,166.38,300,166.39,400,166.4,400,166.48,100
2026-01-16 09:36:39,166.235,166.24,1,166.18,300,166.29,300,166.29,166.18,166.18,300,166.16,900,166.15,900,166.11,400,166.1,200,166.08,1000,166.05,700,166.02,100,166.01,100,166.0,500,166.29,300,166.31,100,166.32,100,166.33,400,166.36,900,166.37,200,166.38,300,166.39,400,166.4,400,166.48,100
2026-01-16 09:36:40,166.235,166.24,1,166.18,200,166.29,300,166.29,166.18,166.18,200,166.16,900,166.15,900,166.11,400,166.1,200,166.08,1000,166.05,700,166.02,100,166.01,100,166.0,500,166.29,300,166.31,100,166.32,100,166.33,400,166.36,900,166.37,200,166.38,300,166.39,400,166.4,400,166.48,100
2026-01-16 09:36:41,166.235,166.29,5,166.18,200,166.29,500,166.29,166.18,166.18,200,166.16,900,166.15,900,166.11,400,166.1,200,166.08,1000,166.05,700,166.02,100,166.01,100,166.0,500,166.29,500,166.31,100,166.32,100,166.33,400,166.36,900,166.37,200,166.38,300,166.39,400,166.4,400,166.48,100
2026-01-16 09:36:42,166.235,166.24,1,166.18,300,166.29,500,166.29,166.18,166.18,300,166.16,900,166.15,900,166.11,400,166.1,200,166.08,1000,166.05,700,166.02,100,166.01,100,166.0,500,166.29,500,166.31,100,166.32,100,166.33,400,166.36,900,166.37,200,166.38,300,166.39,400,166.4,400,166.48,100
2026-01-16 09:36:43,166.235,166.18,2,166.18,300,166.29,500,166.29,166.18,166.18,300,166.16,900,166.15,900,166.11,400,166.1,200,166.08,1000,166.05,700,166.02,100,166.01,100,166.0,500,166.29,500,166.31,100,166.32,100,166.33,400,166.36,900,166.37,200,166.38,300,166.39,400,166.4,400,166.48,100
2026-01-16 09:36:44,166.17,166.17,1,166.15,1200,166.19,500,166.19,166.15,166.15,1200,166.11,400,166.1,200,166.08,1000,166.05,700,166.02,100,166.01,100,166.0,500,165.99,400,165.96,200,166.19,500,166.22,100,166.23,100,166.24,100,166.25,100,166.26,100,166.27,200,166.29,700,166.31,100,166.32,100
2026-01-16 09:36:45,166.16,166.15,2,166.14,100,166.18,400,166.18,166.14,166.14,100,166.11,400,166.1,200,166.08,1000,166.05,700,166.02,100,166.01,100,166.0,500,165.99,400,165.96,200,166.18,400,166.19,500,166.22,100,166.23,100,166.24,100,166.25,100,166.26,100,166.27,200,166.29,700,166.31,100
2026-01-16 09:36:46,166.16,166.15,2,166.14,100,166.18,400,166.18,166.14,166.14,100,166.11,400,166.1,200,166.08,1000,166.05,700,166.02,100,166.01,100,166.0,500,165.99,400,165.96,200,166.18,400,166.19,500,166.22,100,166.23,100,166.24,100,166.25,100,166.26,100,166.27,200,166.29,700,166.31,100
2026-01-16 09:36:47,166.125,166.14,2,166.1,200,166.15,400,166.15,166.1,166.1,200,166.08,1000,166.05,700,166.02,100,166.01,100,166.0,500,165.99,400,165.96,200,165.94,100,165.93,200,166.15,400,166.18,500,166.19,500,166.22,100,166.23,100,166.24,100,166.25,100,166.26,100,166.27,200,166.29,700
2026-01-16 09:36:48,166.115,166.11,2,166.08,1000,166.15,500,166.15,166.08,166.08,1000,166.03,100,166.02,100,166.01,100,166.0,500,165.99,400,165.96,200,165.94,100,165.93,200,165.87,100,166.15,500,166.18,500,166.19,500,166.22,100,166.23,100,166.24,100,166.25,100,166.26,100,166.27,200,166.29,700
2026-01-16 09:36:49,166.115,166.11,2,166.08,1000,166.15,500,166.15,166.08,166.08,1000,166.03,100,166.02,100,166.01,100,166.0,500,165.99,400,165.96,200,165.94,100,165.93,200,165.87,100,166.15,500,166.18,500,166.19,500,166.22,100,166.23,100,166.24,100,166.25,100,166.26,100,166.27,200,166.29,700
2026-01-16 09:36:50,166.115,166.11,2,166.08,1100,166.15,500,166.15,166.08,166.08,1100,166.03,100,166.02,100,166.01,100,166.0,500,165.99,400,165.96,200,165.94,100,165.93,200,165.87,100,166.15,500,166.18,500,166.19,500,166.22,100,166.23,100,166.24,100,166.25,100,166.26,100,166.27,200,166.29,700
2026-01-16 09:36:51,166.12,166.15,1,166.08,1100,166.16,100,166.16,166.08,166.08,1100,166.03,100,166.02,100,166.01,100,166.0,500,165.99,400,165.96,200,165.94,100,165.93,200,165.87,100,166.16,100,166.17,300,166.18,500,166.19,500,166.22,100,166.23,100,166.24,100,166.25,100,166.26,100,166.27,200
2026-01-16 09:36:52,166.12,166.15,1,166.08,1100,166.16,300,166.16,166.08,166.08,1100,166.03,100,166.02,100,166.01,100,166.0,500,165.99,400,165.96,200,165.94,100,165.93,200,165.87,100,166.16,300,166.17,300,166.18,500,166.19,500,166.22,100,166.23,100,166.24,100,166.25,100,166.26,100,166.27,200
2026-01-16 09:36:53,166.12,166.12,2,166.08,1100,166.16,300,166.16,166.08,166.08,1100,166.03,100,166.02,100,166.01,100,166.0,500,165.99,400,165.96,200,165.94,100,165.93,200,165.87,100,166.16,300,166.17,300,166.18,500,166.19,500,166.22,100,166.23,100,166.24,100,166.25,100,166.26,100,166.27,200
2026-01-16 09:36:54,166.12,166.12,2,166.08,1100,166.16,300,166.16,166.08,166.08,1100,166.03,100,166.02,100,166.01,100,166.0,500,165.99,400,165.96,200,165.94,100,165.93,200,165.87,100,166.16,300,166.17,300,166.18,500,166.19,500,166.22,100,166.23,100,166.24,100,166.25,100,166.26,100,166.27,200
2026-01-16 09:36:55,166.12,166.12,1,166.08,1100,166.16,300,166.16,166.08,166.08,1100,166.03,100,166.02,100,166.01,100,166.0,500,165.99,400,165.96,200,165.94,100,165.93,200,165.87,100,166.16,300,166.17,300,166.18,500,166.19,500,166.22,100,166.23,100,166.24,100,166.25,100,166.26,100,166.27,200
2026-01-16 09:36:56,166.12,166.12,1,166.08,1100,166.16,300,166.16,166.08,166.08,1100,166.03,100,166.02,100,166.01,100,166.0,500,165.99,400,165.96,200,165.94,100,165.93,200,165.87,100,166.16,300,166.17,300,166.18,500,166.19,500,166.22,100,166.23,100,166.24,100,166.25,100,166.26,100,166.27,200
2026-01-16 09:36:57,166.12,166.12,1,166.08,1100,166.16,300,166.16,166.08,166.08,1100,166.03,100,166.02,100,166.01,100,166.0,500,165.99,400,165.96,200,165.94,100,165.93,200,165.87,100,166.16,300,166.17,300,166.18,500,166.19,500,166.22,100,166.23,100,166.24,100,166.25,100,166.26,100,166.27,200
