sim_time,mid_price,last_price,last_size,best_bid_price,best_bid_size,best_ask_price,best_ask_size,close_price_buy,close_price_sell,bid1_price,bid1_size,bid2_price,bid2_size,bid3_price,bid3_size,bid4_price,bid4_size,bid5_price,bid5_size,bid6_price,bid6_size,bid7_price,bid7_size,bid8_price,bid8_size,bid9_price,bid9_size,bid10_price,bid10_size,ask1_price,ask1_size,ask2_price,ask2_size,ask3_price,ask3_size,ask4_price,ask4_size,ask5_price,ask5_size,ask6_price,ask6_size,ask7_price,ask7_size,ask8_price,ask8_size,ask9_price,ask9_size,ask10_price,ask10_size
2026-01-16 09:30:36,,0.0,0,,,,,,,,,,,,,,,,,,,,,,,,,,,,,,,,,,,,,,,,,,,,,,
2026-01-16 09:30:37,,0.0,0,,,,,,,,,,,,,,,,,,,,,,,,,,,,,,,,,,,,,,,,,,,,,,
2026-01-16 09:30:38,,0.0,0,,,,,,,,,,,,,,,,,,,,,,,,,,,,,,,,,,,,,,,,,,,,,,
2026-01-16 09:30:38,,0.0,0,,,,,,,,,,,,,,,,,,,,,,,,,,,,,,,,,,,,,,,,,,,,,,
2026-01-16 09:30:39,,0.0,0,,,,,,,,,,,,,,,,,,,,,,,,,,,,,,,,,,,,,,,,,,,,,,
2026-01-16 09:30:39,,0.0,0,,,,,,,,,,,,,,,,,,,,,,,,,,,,,,,,,,,,,,,,,,,,,,
2026-01-16 09:30:41,,0.0,0,,,,,,,,,,,,,,,,,,,,,,,,,,,,,,,,,,,,,,,,,,,,,,
2026-01-16 09:30:43,,0.0,0,,,,,,,,,,,,,,,,,,,,,,,,,,,,,,,,,,,,,,,,,,,,,,
2026-01-16 09:30:44,,0.0,0,,,,,,,,,,,,,,,,,,,,,,,,,,,,,,,,,,,,,,,,,,,,,,
2026-01-16 09:30:45,113.34,113.34,1,113.26,400,113.42,1200,113.42,113.26,113.26,400,113.24,100,113.23,200,113.18,200,113.16,300,113.13,100,113.02,100,113.01,600,,,,,113.42,1200,113.43,700,113.44,300,113.48,300,113.5,2100,,,,,,,,,,
2026-01-16 09:30:46,113.34,113.34,1,113.26,400,113.42,1200,113.42,113.26,113.26,400,113.24,100,113.23,200,113.18,200,113.16,300,113.13,100,113.02,100,113.01,600,,,,,113.42,1200,113.43,700,113.44,300,113.48,300,113.5,2100,,,,,,,,,,
2026-01-16 09:30:47,113.34,113.34,1,113.26,400,113.42,1200,113.42,113.26,113.26,400,113.24,100,113.23,200,113.18,200,113.16,300,113.13,100,113.02,100,113.01,600,,,,,113.42,1200,113.43,700,113.44,300,113.48,300,113.5,2100,,,,,,,,,,
2026-01-16 09:30:48,113.34,113.34,1,113.26,400,113.42,1200,113.42,113.26,113.26,400,113.24,100,113.23,200,113.18,200,113.16,300,113.13,100,113.02,100,113.01,600,,,,,113.42,1200,113.43,700,113.44,300,113.48,300,113.5,2100,,,,,,,,,,
2026-01-16 09:30:49,113.34,113.34,1,113.26,400,113.42,1200,113.42,113.26,113.26,400,113.24,100,113.23,200,113.18,200,113.16,300,113.13,100,113.02,100,113.01,600,,,,,113.42,1200,113.43,700,113.44,300,113.48,300,113.5,2100,,,,,,,,,,
2026-01-16 09:30:50,113.34,113.34,1,113.26,400,113.42,1200,113.42,113.26,113.26,400,113.24,100,113.23,200,113.18,200,113.16,300,113.13,100,113.02,100,113.01,600,,,,,113.42,1200,113.43,700,113.44,300,113.48,300,113.5,2100,,,,,,,,,,
2026-01-16 09:30:51,113.34,113.34,1,113.26,400,113.42,1200,113.42,113.26,113.26,400,113.24,100,113.23,200,113.18,200,113.16,300,113.13,100,113.02,100,113.01,600,,,,,113.42,1200,113.43,700,113.44,300,113.48,300,113.5,2100,,,,,,,,,,
2026-01-16 09:30:52,113.34,113.34,5,113.26,400,113.42,1200,113.42,113.26,113.26,400,113.24,100,113.23,200,113.18,200,113.16,300,113.13,100,113.02,100,113.01,600,,,,,113.42,1200,113.43,700,113.44,300,113.48,300,113.5,2100,,,,,,,,,,
2026-01-16 09:30:53,113.34,113.34,5,113.26,400,113.42,1200,113.42,113.26,113.26,400,113.24,100,113.23,200,113.18,200,113.16,300,113.13,100,113.02,100,113.01,600,,,,,113.42,1200,113.43,700,113.44,300,113.48,300,113.5,2100,,,,,,,,,,
2026-01-16 09:30:54,113.34,113.34,5,113.26,400,113.42,1200,113.42,113.26,113.26,400,113.24,100,113.23,200,113.18,200,113.16,300,113.13,100,113.02,100,113.01,600,,,,,113.42,1200,113.43,700,113.44,300,113.48,300,113.5,2100,,,,,,,,,,
2026-01-16 09:30:55,113.34,113.34,5,113.26,400,113.42,1200,113.42,113.26,113.26,400,113.24,100,113.23,200,113.18,200,113.16,300,113.13,100,113.02,100,113.01,600,,,,,113.42,1200,113.43,700,113.44,300,113.48,300,113.5,2100,,,,,,,,,,
2026-01-16 09:30:56,113.41,113.41,2,113.34,200,113.48,100,113.48,113.34,113.34,200,113.32,100,113.29,100,113.27,100,113.26,500,113.24,100,113.23,200,113.18,200,113.16,300,113.13,100,113.48,100,113.49,200,113.5,2100,,,,,,,,,,,,,,
2026-01-16 09:30:57,113.385,113.41,2,113.29,200,113.48,300,113.48,113.29,113.29,200,113.27,100,113.26,500,113.24,100,113.23,200,113.18,200,113.16,300,113.13,100,113.02,100,113.01,600,113.48,300,113.49,200,113.5,2100,,,,,,,,,,,,,,
2026-01-16 09:30:58,113.385,113.41,2,113.29,200,113.48,300,113.48,113.29,113.29,200,113.27,100,113.26,500,113.24,100,113.23,200,113.18,200,113.16,300,113.13,100,113.02,100,113.01,600,113.48,300,113.49,200,113.5,2100,,,,,,,,,,,,,,
2026-01-16 09:30:59,113.385,113.31,1,113.29,400,113.48,300,113.48,113.29,113.29,400,113.27,100,113.26,500,113.24,100,113.23,200,113.18,200,113.16,300,113.13,100,113.02,100,113.01,600,113.48,300,113.49,200,113.5,2100,,,,,,,,,,,,,,
2026-01-16 09:31:00,113.38,113.31,1,113.29,500,113.47,100,113.47,113.29,113.29,500,113.27,100,113.26,500,113.24,100,113.23,200,113.18,200,113.16,300,113.13,100,113.02,100,113.01,600,113.47,100,113.48,300,113.49,200,113.5,2100,,,,,,,,,,,,
2026-01-16 09:31:01,113.38,113.31,1,113.29,500,113.47,200,113.47,113.29,113.29,500,113.27,100,113.26,500,113.24,100,113.23,200,113.18,200,113.16,300,113.13,100,113.02,100,113.01,600,113.47,200,113.48,300,113.49,200,113.5,2100,,,,,,,,,,,,
2026-01-16 09:31:02,113.38,113.31,1,113.29,700,113.47,200,113.47,113.29,113.29,700,113.27,100,113.26,500,113.24,100,113.23,200,113.18,200,113.16,300,113.13,100,113.02,100,113.01,600,113.47,200,113.48,300,113.49,200,113.5,2100,,,,,,,,,,,,
2026-01-16 09:31:03,113.38,113.31,1,113.29,800,113.47,200,113.47,113.29,113.29,800,113.27,100,113.26,500,113.24,100,113.23,200,113.18,200,113.16,300,113.13,100,113.02,100,113.01,600,113.47,200,113.48,300,113.49,200,113.5,2100,,,,,,,,,,,,
2026-01-16 09:31:04,113.38,113.45,1,113.29,800,113.47,200,113.47,113.29,113.29,800,113.27,100,113.26,500,113.24,100,113.23,200,113.18,200,113.16,300,113.13,100,113.02,100,113.01,600,113.47,200,113.48,300,113.49,200,113.5,2100,,,,,,,,,,,,
2026-01-16 09:31:05,113.38,113.45,1,113.29,800,113.47,300,113.47,113.29,113.29,800,113.27,100,113.26,500,113.24,100,113.23,200,113.18,200,113.16,300,113.13,100,113.02,100,113.01,600,113.47,300,113.48,300,113.49,200,113.5,2100,,,,,,,,,,,,
2026-01-16 09:31:06,113.38,113.45,1,113.29,800,113.47,300,113.47,113.29,113.29,800,113.27,100,113.26,500,113.24,100,113.23,200,113.18,200,113.16,300,113.13,100,113.02,100,113.01,600,113.47,300,113.48,300,113.49,200,113.5,2100,,,,,,,,,,,,
2026-01-16 09:31:07,113.38,113.4,1,113.29,800,113.47,300,113.47,113.29,113.29,800,113.27,100,113.26,500,113.24,100,113.23,200,113.18,200,113.16,300,113.13,100,113.02,100,113.01,600,113.47,300,113.48,300,113.49,200,113.5,2100,,,,,,,,,,,,
2026-01-16 09:31:08,113.38,113.4,1,113.29,800,113.47,400,113.47,113.29,113.29,800,113.27,100,113.26,500,113.24,100,113.23,200,113.18,200,113.16,300,113.13,100,113.02,100,113.01,600,113.47,400,113.48,300,113.49,200,113.5,2100,,,,,,,,,,,,
2026-01-16 09:31:09,113.46,113.47,1,113.42,200,113.5,3300,113.5,113.42,113.42,200,113.41,100,113.4,100,113.35,200,113.34,100,113.29,800,113.27,100,113.26,500,113.24,100,113.23,200,113.5,3300,,,,,,,,,,,,,,,,,,
2026-01-16 09:31:10,113.54,113.54,1,113.48,200,113.6,2200,113.6,113.48,113.48,200,113.46,200,113.45,100,113.44,100,113.42,200,113.41,100,113.4,100,113.35,200,113.34,100,113.29,800,113.6,2200,,,,,,,,,,,,,,,,,,
2026-01-16 09:31:11,113.54,113.56,1,113.48,200,113.6,2200,113.6,113.48,113.48,200,113.46,200,113.45,100,113.44,100,113.42,200,113.41,100,113.4,100,113.35,200,113.34,100,113.29,800,113.6,2200,,,,,,,,,,,,,,,,,,
2026-01-16 09:31:12,113.54,113.48,10,113.48,200,113.6,2200,113.6,113.48,113.48,200,113.46,200,113.45,100,113.44,100,113.42,200,113.41,100,113.4,100,113.35,200,113.34,100,113.29,800,113.6,2200,,,,,,,,,,,,,,,,,,
2026-01-16 09:31:13,113.54,113.54,1,113.48,200,113.6,2200,113.6,113.48,113.48,200,113.46,200,113.45,100,113.44,100,113.42,200,113.41,100,113.4,100,113.35,200,113.34,100,113.29,800,113.6,2200,,,,,,,,,,,,,,,,,,
2026-01-16 09:31:14,113.54,113.54,1,113.48,400,113.6,2000,113.6,113.48,113.48,400,113.46,200,113.45,100,113.44,100,113.42,200,113.41,100,113.4,100,113.35,200,113.34,100,113.29,800,113.6,2000,,,,,,,,,,,,,,,,,,
2026-01-16 09:31:15,113.54,113.54,1,113.48,400,113.6,2000,113.6,113.48,113.48,400,113.46,200,113.45,100,113.44,100,113.42,200,113.41,100,113.4,100,113.35,200,113.34,100,113.29,800,113.6,2000,,,,,,,,,,,,,,,,,,
2026-01-16 09:31:16,113.54,113.54,1,113.48,500,113.6,2000,113.6,113.48,113.48,500,113.46,200,113.45,100,113.44,100,113.42,200,113.41,100,113.4,100,113.35,200,113.34,100,113.29,800,113.6,2000,,,,,,,,,,,,,,,,,,
2026-01-16 09:31:17,113.54,113.54,1,113.48,500,113.6,2000,113.6,113.48,113.48,500,113.46,200,113.45,100,113.44,100,113.42,200,113.41,100,113.4,100,113.35,200,113.34,100,113.29,800,113.6,2000,,,,,,,,,,,,,,,,,,
2026-01-16 09:31:18,113.54,113.54,1,113.48,500,113.6,2000,113.6,113.48,113.48,500,113.46,200,113.45,100,113.44,100,113.42,200,113.41,100,113.4,100,113.35,200,113.34,100,113.29,800,113.6,2000,,,,,,,,,,,,,,,,,,
2026-01-16 09:31:19,113.54,113.54,1,113.48,500,113.6,2000,113.6,113.48,113.48,500,113.46,200,113.45,100,113.44,100,113.42,200,113.41,100,113.4,100,113.35,200,113.34,100,113.29,800,113.6,2000,,,,,,,,,,,,,,,,,,
2026-01-16 09:31:20,113.54,113.54,1,113.48,500,113.6,2000,113.6,113.48,113.48,500,113.46,200,113.45,100,113.44,100,113.42,200,113.41,100,113.4,100,113.35,200,113.34,100,113.29,800,113.6,2000,,,,,,,,,,,,,,,,,,
2026-01-16 09:31:21,113.545,113.59,1,113.49,100,113.6,2000,113.6,113.49,113.49,100,113.48,500,113.46,200,113.45,100,113.44,100,113.42,200,113.41,100,113.4,100,113.35,200,113.34,100,113.6,2000,,,,,,,,,,,,,,,,,,
2026-01-16 09:31:22,113.545,113.49,1,113.49,100,113.6,2000,113.6,113.49,113.49,100,113.48,500,113.46,200,113.45,100,113.44,100,113.42,200,113.41,100,113.4,100,113.35,200,113.34,100,113.6,2000,,,,,,,,,,,,,,,,,,
2026-01-16 09:31:23,113.545,113.49,1,113.49,100,113.6,2000,113.6,113.49,113.49,100,113.48,500,113.46,200,113.45,100,113.44,100,113.42,200,113.41,100,113.4,100,113.35,200,113.34,100,113.6,2000,,,,,,,,,,,,,,,,,,
2026-01-16 09:31:24,113.54,113.52,5,113.48,500,113.6,2000,113.6,113.48,113.48,500,113.46,200,113.45,100,113.44,100,113.42,200,113.41,100,113.4,100,113.35,200,113.34,100,113.29,800,113.6,2000,,,,,,,,,,,,,,,,,,
2026-01-16 09:31:25,113.545,113.52,5,113.49,100,113.6,2000,113.6,113.49,113.49,100,113.48,500,113.46,200,113.45,100,113.44,100,113.42,200,113.41,100,113.4,100,113.35,200,113.34,100,113.6,2000,,,,,,,,,,,,,,,,,,
2026-01-16 09:31:26,113.635,113.64,1,113.57,100,113.7,200,113.7,113.57,113.57,100,113.56,100,113.55,400,113.54,200,113.53,100,113.52,100,113.51,100,113.5,300,113.49,500,113.48,500,113.7,200,,,,,,,,,,,,,,,,,,
2026-01-16 09:31:27,113.635,113.69,1,113.57,300,113.7,200,113.7,113.57,113.57,300,113.56,100,113.55,400,113.54,200,113.53,100,113.52,100,113.51,100,113.5,300,113.49,500,113.48,500,113.7,200,,,,,,,,,,,,,,,,,,
2026-01-16 09:31:28,113.635,113.7,1,113.57,400,113.7,200,113.7,113.57,113.57,400,113.56,100,113.55,400,113.54,200,113.53,100,113.52,100,113.51,100,113.5,300,113.49,500,113.48,500,113.7,200,,,,,,,,,,,,,,,,,,
2026-01-16 09:31:29,113.635,113.7,1,113.57,400,113.7,200,113.7,113.57,113.57,400,113.56,100,113.55,400,113.54,200,113.53,100,113.52,100,113.51,100,113.5,300,113.49,500,113.48,500,113.7,200,,,,,,,,,,,,,,,,,,
2026-01-16 09:31:30,113.67,113.71,1,113.59,300,113.75,100,113.75,113.59,113.59,300,113.58,100,113.57,500,113.56,100,113.55,400,113.54,200,113.53,100,113.52,100,113.51,100,113.5,300,113.75,100,113.78,100,,,,,,,,,,,,,,,,
2026-01-16 09:31:31,113.67,113.71,1,113.59,300,113.75,100,113.75,113.59,113.59,300,113.58,100,113.57,500,113.56,100,113.55,400,113.54,200,113.53,100,113.52,100,113.51,100,113.5,300,113.75,100,113.78,100,,,,,,,,,,,,,,,,
2026-01-16 09:31:32,113.67,113.71,1,113.59,300,113.75,100,113.75,113.59,113.59,300,113.58,100,113.57,500,113.56,100,113.55,400,113.54,200,113.53,100,113.52,100,113.51,100,113.5,300,113.75,100,113.78,100,,,,,,,,,,,,,,,,
2026-01-16 09:31:33,113.67,113.71,1,113.59,300,113.75,100,113.75,113.59,113.59,300,113.58,100,113.57,500,113.56,100,113.55,400,113.54,200,113.53,100,113.52,100,113.51,100,113.5,300,113.75,100,113.78,100,,,,,,,,,,,,,,,,
2026-01-16 09:31:34,113.67,113.71,1,113.59,300,113.75,100,113.75,113.59,113.59,300,113.58,100,113.57,500,113.56,100,113.55,400,113.54,200,113.53,100,113.52,100,113.51,100,113.5,300,113.75,100,113.78,100,,,,,,,,,,,,,,,,
2026-01-16 09:31:35,113.67,113.67,1,113.59,200,113.75,100,113.75,113.59,113.59,200,113.58,100,113.57,500,113.56,100,113.55,400,113.54,200,113.53,100,113.52,100,113.51,100,113.5,300,113.75,100,113.78,100,,,,,,,,,,,,,,,,
2026-01-16 09:31:36,113.66,113.67,1,113.59,200,113.73,1500,113.73,113.59,113.59,200,113.58,100,113.57,500,113.56,100,113.55,400,113.54,200,113.53,100,113.52,100,113.51,100,113.5,300,113.73,1500,113.75,2700,113.78,100,,,,,,,,,,,,,,
2026-01-16 09:31:37,113.66,113.73,1,113.59,300,113.73,1500,113.73,113.59,113.59,300,113.58,100,113.57,500,113.56,100,113.55,400,113.54,200,113.53,100,113.52,100,113.51,100,113.5,300,113.73,1500,113.75,2700,113.78,100,,,,,,,,,,,,,,
2026-01-16 09:31:38,113.66,113.66,2,113.59,300,113.73,1500,113.73,113.59,113.59,300,113.58,100,113.57,500,113.56,100,113.55,400,113.54,200,113.53,100,113.52,100,113.51,100,113.5,300,113.73,1500,113.75,2700,113.78,100,,,,,,,,,,,,,,
2026-01-16 09:31:39,113.66,113.73,1,113.59,300,113.73,1500,113.73,113.59,113.59,300,113.58,100,113.57,500,113.56,100,113.55,400,113.54,200,113.53,100,113.52,100,113.51,100,113.5,300,113.73,1500,113.75,2700,113.78,100,,,,,,,,,,,,,,
2026-01-16 09:31:40,113.66,113.73,1,113.59,300,113.73,1500,113.73,113.59,113.59,300,113.58,100,113.57,500,113.56,100,113.55,400,113.54,200,113.53,100,113.52,100,113.51,100,113.5,300,113.73,1500,113.75,2700,113.78,100,,,,,,,,,,,,,,
2026-01-16 09:31:41,113.66,113.73,1,113.59,300,113.73,1500,113.73,113.59,113.59,300,113.58,100,113.57,500,113.56,100,113.55,400,113.54,200,113.53,100,113.52,100,113.51,100,113.5,300,113.73,1500,113.75,2700,113.78,100,,,,,,,,,,,,,,
2026-01-16 09:31:42,113.66,113.73,1,113.59,400,113.73,1500,113.73,113.59,113.59,400,113.58,100,113.57,500,113.56,100,113.55,400,113.54,200,113.53,100,113.52,100,113.51,100,113.5,300,113.73,1500,113.75,2700,113.78,100,,,,,,,,,,,,,,
2026-01-16 09:31:43,113.66,113.73,1,113.59,400,113.73,1500,113.73,113.59,113.59,400,113.58,100,113.57,500,113.56,100,113.55,400,113.54,200,113.53,100,113.52,100,113.51,100,113.5,300,113.73,1500,113.75,2700,113.78,100,,,,,,,,,,,,,,
2026-01-16 09:31:44,113.66,113.73,1,113.59,400,113.73,1500,113.73,113.59,113.59,400,113.58,100,113.57,500,113.56,100,113.55,400,113.54,200,113.53,100,113.52,100,113.51,100,113.5,300,113.73,1500,113.75,2700,113.78,100,,,,,,,,,,,,,,
2026-01-16 09:31:45,113.66,113.73,1,113.59,400,113.73,1500,113.73,113.59,113.59,400,113.58,100,113.57,500,113.56,100,113.55,400,113.54,200,113.53,100,113.52,100,113.51,100,113.5,300,113.73,1500,113.75,2700,113.78,100,,,,,,,,,,,,,,
2026-01-16 09:31:46,113.66,113.73,1,113.59,400,113.73,1500,113.73,113.59,113.59,400,113.58,100,113.57,500,113.56,100,113.55,400,113.54,200,113.53,100,113.52,100,113.51,100,113.5,300,113.73,1500,113.75,2700,113.78,100,,,,,,,,,,,,,,
2026-01-16 09:31:47,113.66,113.67,1,113.59,400,113.73,1500,113.73,113.59,113.59,400,113.58,100,113.57,500,113.56,100,113.55,400,113.54,200,113.53,100,113.52,100,113.51,100,113.5,300,113.73,1500,113.75,2700,113.78,100,,,,,,,,,,,,,,
2026-01-16 09:31:48,113.66,113.67,1,113.59,400,113.73,1500,113.73,113.59,113.59,400,113.58,100,113.57,500,113.56,100,113.55,400,113.54,200,113.53,100,113.52,100,113.51,100,113.5,300,113.73,1500,113.75,2700,113.78,100,,,,,,,,,,,,,,
2026-01-16 09:31:49,113.66,113.73,1,113.59,400,113.73,1500,113.73,113.59,113.59,400,113.58,100,113.57,500,113.56,100,113.55,400,113.54,200,113.53,100,113.52,100,113.51,100,113.5,300,113.73,1500,113.75,2700,113.78,100,,,,,,,,,,,,,,
2026-01-16 09:31:50,113.665,113.73,1,113.6,200,113.73,1500,113.73,113.6,113.6,200,113.59,500,113.58,100,113.57,500,113.56,100,113.55,400,113.54,200,113.53,100,113.52,100,113.51,100,113.73,1500,113.75,2700,113.78,100,,,,,,,,,,,,,,
2026-01-16 09:31:51,113.665,113.73,1,113.6,200,113.73,1500,113.73,113.6,113.6,200,113.59,500,113.58,100,113.57,500,113.56,100,113.55,400,113.54,200,113.53,100,113.52,100,113.51,100,113.73,1500,113.75,2700,113.78,100,,,,,,,,,,,,,,
2026-01-16 09:31:52,113.665,113.73,1,113.6,200,113.73,1500,113.73,113.6,113.6,200,113.59,500,113.58,100,113.57,500,113.56,100,113.55,400,113.54,200,113.53,100,113.52,100,113.51,100,113.73,1500,113.75,2700,113.78,100,,,,,,,,,,,,,,
2026-01-16 09:31:53,113.665,113.73,1,113.6,200,113.73,1500,113.73,113.6,113.6,200,113.59,500,113.58,100,113.57,500,113.56,100,113.55,400,113.54,200,113.53,100,113.52,100,113.51,100,113.73,1500,113.75,2700,113.78,100,,,,,,,,,,,,,,
2026-01-16 09:31:54,113.665,113.73,1,113.6,200,113.73,1500,113.73,113.6,113.6,200,113.59,500,113.58,100,113.57,500,113.56,100,113.55,400,113.54,200,113.53,100,113.52,100,113.51,100,113.73,1500,113.75,2700,113.78,100,,,,,,,,,,,,,,
2026-01-16 09:31:55,113.665,113.67,1,113.6,400,113.73,1500,113.73,113.6,113.6,400,113.59,500,113.58,100,113.57,500,113.56,100,113.55,400,113.54,200,113.53,100,113.52,100,113.51,100,113.73,1500,113.75,2700,113.78,100,,,,,,,,,,,,,,
2026-01-16 09:31:56,113.665,113.67,1,113.6,500,113.73,1500,113.73,113.6,113.6,500,113.59,500,113.58,100,113.57,500,113.56,100,113.55,400,113.54,200,113.53,100,113.52,100,113.51,100,113.73,1500,113.75,2700,113.78,100,,,,,,,,,,,,,,
2026-01-16 09:31:57,113.665,113.67,1,113.6,500,113.73,1500,113.73,113.6,113.6,500,113.59,500,113.58,100,113.57,500,113.56,100,113.55,400,113.54,200,113.53,100,113.52,100,113.51,100,113.73,1500,113.75,2700,113.78,100,,,,,,,,,,,,,,
2026-01-16 09:31:58,113.665,113.67,1,113.6,500,113.73,1500,113.73,113.6,113.6,500,113.59,500,113.58,100,113.57,500,113.56,100,113.55,400,113.54,200,113.53,100,113.52,100,113.51,100,113.73,1500,113.75,2700,113.78,100,,,,,,,,,,,,,,
2026-01-16 09:31:59,113.665,113.67,1,113.6,500,113.73,1500,113.73,113.6,113.6,500,113.59,500,113.58,100,113.57,500,113.56,100,113.55,400,113.54,200,113.53,100,113.52,100,113.51,100,113.73,1500,113.75,2700,113.78,100,,,,,,,,,,,,,,
2026-01-16 09:32:00,113.665,113.67,1,113.6,500,113.73,1500,113.73,113.6,113.6,500,113.59,500,113.58,100,113.57,500,113.56,100,113.55,400,113.54,200,113.53,100,113.52,100,113.51,100,113.73,1500,113.75,2700,113.78,100,,,,,,,,,,,,,,
2026-01-16 09:32:01,113.665,113.67,1,113.6,500,113.73,1500,113.73,113.6,113.6,500,113.59,500,113.58,100,113.57,500,113.56,100,113.55,400,113.54,200,113.53,100,113.52,100,113.51,100,113.73,1500,113.75,2700,113.78,100,,,,,,,,,,,,,,
2026-01-16 09:32:02,113.725,113.73,1,113.67,300,113.78,500,113.78,113.67,113.67,300,113.66,100,113.65,100,113.61,100,113.6,700,113.59,500,113.58,100,113.57,500,113.56,100,113.55,400,113.78,500,,,,,,,,,,,,,,,,,,
2026-01-16 09:32:03,113.725,113.73,1,113.67,400,113.78,500,113.78,113.67,113.67,400,113.66,100,113.65,100,113.61,100,113.6,700,113.59,500,113.58,100,113.57,500,113.56,100,113.55,400,113.78,500,,,,,,,,,,,,,,,,,,
2026-01-16 09:32:04,113.725,113.73,1,113.67,300,113.78,500,113.78,113.67,113.67,300,113.66,100,113.65,100,113.61,100,113.6,700,113.59,500,113.58,100,113.57,500,113.56,100,113.55,400,113.78,500,,,,,,,,,,,,,,,,,,
2026-01-16 09:32:05,113.725,113.73,1,113.67,300,113.78,500,113.78,113.67,113.67,300,113.66,100,113.65,100,113.61,100,113.6,700,113.59,500,113.58,100,113.57,500,113.56,100,113.55,400,113.78,500,,,,,,,,,,,,,,,,,,
2026-01-16 09:32:06,113.725,113.73,1,113.67,300,113.78,500,113.78,113.67,113.67,300,113.66,100,113.65,100,113.61,100,113.6,700,113.59,500,113.58,100,113.57,500,113.56,100,113.55,400,113.78,500,,,,,,,,,,,,,,,,,,
2026-01-16 09:32:07,113.685,113.68,2,113.62,200,113.75,300,113.75,113.62,113.62,200,113.61,100,113.6,700,113.59,500,113.58,100,113.57,500,113.56,100,113.55,400,113.54,200,113.53,100,113.75,300,113.78,500,,,,,,,,,,,,,,,,
2026-01-16 09:32:08,113.685,113.68,2,113.62,400,113.75,300,113.75,113.62,113.62,400,113.61,100,113.6,700,113.59,500,113.58,100,113.57,500,113.56,100,113.55,400,113.54,200,113.53,100,113.75,300,113.78,500,,,,,,,,,,,,,,,,
2026-01-16 09:32:09,113.685,113.68,2,113.62,400,113.75,200,113.75,113.62,113.62,400,113.61,100,113.6,700,113.59,500,113.58,100,113.57,500,113.56,100,113.55,400,113.54,200,113.53,100,113.75,200,113.78,500,,,,,,,,,,,,,,,,
2026-01-16 09:32:10,113.695,113.69,1,113.62,400,113.77,100,113.77,113.62,113.62,400,113.61,100,113.6,700,113.59,500,113.58,100,113.57,500,113.56,100,113.55,400,113.54,200,113.53,100,113.77,100,113.78,500,,,,,,,,,,,,,,,,
2026-01-16 09:32:11,113.695,113.69,1,113.62,400,113.77,200,113.77,113.62,113.62,400,113.61,100,113.6,700,113.59,500,113.58,100,113.57,500,113.56,100,113.55,400,113.54,200,113.53,100,113.77,200,113.78,500,,,,,,,,,,,,,,,,
2026-01-16 09:32:12,113.695,113.67,1,113.62,400,113.77,200,113.77,113.62,113.62,400,113.61,100,113.6,700,113.59,500,113.58,100,113.57,500,113.56,100,113.55,400,113.54,200,113.53,100,113.77,200,113.78,500,,,,,,,,,,,,,,,,
2026-01-16 09:32:13,113.695,113.67,1,113.62,400,113.77,300,113.77,113.62,113.62,400,113.61,100,113.6,700,113.59,500,113.58,100,113.57,500,113.56,100,113.55,400,113.54,200,113.53,100,113.77,300,113.78,500,,,,,,,,,,,,,,,,
2026-01-16 09:32:14,113.695,113.67,1,113.62,400,113.77,300,113.77,113.62,113.62,400,113.61,100,113.6,700,113.59,500,113.58,100,113.57,500,113.56,100,113.55,400,113.54,200,113.53,100,113.77,300,113.78,500,,,,,,,,,,,,,,,,
2026-01-16 09:32:15,113.695,113.67,1,113.62,400,113.77,300,113.77,113.62,113.62,400,113.61,100,113.6,700,113.59,500,113.58,100,113.57,500,113.56,100,113.55,400,113.54,200,113.53,100,113.77,300,113.78,500,,,,,,,,,,,,,,,,
2026-01-16 09:32:16,113.695,113.66,1,113.62,400,113.77,300,113.77,113.62,113.62,400,113.61,100,113.6,700,113.59,500,113.58,100,113.57,500,113.56,100,113.55,400,113.54,200,113.53,100,113.77,300,113.78,500,,,,,,,,,,,,,,,,
2026-01-16 09:32:17,113.695,113.69,1,113.62,400,113.77,300,113.77,113.62,113.62,400,113.61,100,113.6,700,113.59,500,113.58,100,113.57,500,113.56,100,113.55,400,113.54,200,113.53,100,113.77,300,113.78,500,,,,,,,,,,,,,,,,
2026-01-16 09:32:18,113.695,113.69,1,113.62,400,113.77,300,113.77,113.62,113.62,400,113.61,100,113.6,700,113.59,500,113.58,100,113.57,500,113.56,100,113.55,400,113.54,200,113.53,100,113.77,300,113.78,500,,,,,,,,,,,,,,,,
2026-01-16 09:32:19,113.695,113.69,1,113.62,400,113.77,300,113.77,113.62,113.62,400,113.61,100,113.6,700,113.59,500,113.58,100,113.57,500,113.56,100,113.55,400,113.54,200,113.53,100,113.77,300,113.78,500,,,,,,,,,,,,,,,,
2026-01-16 09:32:20,113.695,113.69,1,113.62,400,113.77,300,113.77,113.62,113.62,400,113.61,100,113.6,700,113.59,500,113.58,100,113.57,500,113.56,100,113.55,400,113.54,200,113.53,100,113.77,300,113.78,500,,,,,,,,,,,,,,,,
2026-01-16 09:32:21,113.695,113.69,1,113.62,400,113.77,300,113.77,113.62,113.62,400,113.61,100,113.6,700,113.59,500,113.58,100,113.57,500,113.56,100,113.55,400,113.54,200,113.53,100,113.77,300,113.78,500,,,,,,,,,,,,,,,,
2026-01-16 09:32:22,113.695,113.69,1,113.62,500,113.77,300,113.77,113.62,113.62,500,113.61,100,113.6,700,113.59,500,113.58,100,113.57,500,113.56,100,113.55,400,113.54,200,113.53,100,113.77,300,113.78,500,,,,,,,,,,,,,,,,
2026-01-16 09:32:24,113.695,113.69,1,113.62,500,113.77,300,113.77,113.62,113.62,500,113.61,100,113.6,700,113.59,500,113.58,100,113.57,500,113.56,100,113.55,400,113.54,200,113.53,100,113.77,300,113.78,500,,,,,,,,,,,,,,,,
2026-01-16 09:32:25,113.695,113.69,1,113.62,500,113.77,300,113.77,113.62,113.62,500,113.61,100,113.6,700,113.59,500,113.58,100,113.57,500,113.56,100,113.55,400,113.54,200,113.53,100,113.77,300,113.78,500,,,,,,,,,,,,,,,,
2026-01-16 09:32:26,113.695,113.77,1,113.62,700,113.77,300,113.77,113.62,113.62,700,113.61,100,113.6,700,113.59,500,113.58,100,113.57,500,113.56,100,113.55,400,113.54,200,113.53,100,113.77,300,113.78,500,,,,,,,,,,,,,,,,
2026-01-16 09:32:26,113.695,113.77,1,113.62,700,113.77,300,113.77,113.62,113.62,700,113.61,100,113.6,700,113.59,500,113.58,100,113.57,500,113.56,100,113.55,400,113.54,200,113.53,100,113.77,300,113.78,500,,,,,,,,,,,,,,,,
2026-01-16 09:32:27,113.695,113.69,1,113.62,700,113.77,300,113.77,113.62,113.62,700,113.61,100,113.6,700,113.59,500,113.58,100,113.57,500,113.56,100,113.55,400,113.54,200,113.53,100,113.77,300,113.78,500,,,,,,,,,,,,,,,,
2026-01-16 09:32:29,113.695,113.69,1,113.62,700,113.77,300,113.77,113.62,113.62,700,113.61,100,113.6,700,113.59,500,113.58,100,113.57,500,113.56,100,113.55,400,113.54,200,113.53,100,113.77,300,113.78,500,,,,,,,,,,,,,,,,
2026-01-16 09:32:30,113.695,113.69,1,113.62,700,113.77,300,113.77,113.62,113.62,700,113.61,100,113.6,700,113.59,500,113.58,100,113.57,500,113.56,100,113.55,400,113.54,200,113.53,100,113.77,300,113.78,500,,,,,,,,,,,,,,,,
2026-01-16 09:32:30,113.695,113.69,1,113.62,700,113.77,300,113.77,113.62,113.62,700,113.61,100,113.6,700,113.59,500,113.58,100,113.57,500,113.56,100,113.55,400,113.54,200,113.53,100,113.77,300,113.78,500,,,,,,,,,,,,,,,,
2026-01-16 09:32:31,113.695,113.69,1,113.62,800,113.77,300,113.77,113.62,113.62,800,113.61,100,113.6,700,113.59,500,113.58,100,113.57,500,113.56,100,113.55,400,113.54,200,113.53,100,113.77,300,113.78,500,,,,,,,,,,,,,,,,
2026-01-16 09:32:33,113.695,113.69,1,113.62,800,113.77,300,113.77,113.62,113.62,800,113.61,100,113.6,700,113.59,500,113.58,100,113.57,500,113.56,100,113.55,400,113.54,200,113.53,100,113.77,300,113.78,500,,,,,,,,,,,,,,,,
2026-01-16 09:32:33,113.695,113.69,1,113.62,800,113.77,300,113.77,113.62,113.62,800,113.61,100,113.6,700,113.59,500,113.58,100,113.57,500,113.56,100,113.55,400,113.54,200,113.53,100,113.77,300,113.78,500,,,,,,,,,,,,,,,,
2026-01-16 09:32:35,113.68,113.69,1,113.62,800,113.74,200,113.74,113.62,113.62,800,113.61,100,113.6,700,113.59,500,113.58,100,113.57,500,113.56,100,113.55,400,113.54,200,113.53,100,113.74,200,113.77,300,113.78,500,,,,,,,,,,,,,,
2026-01-16 09:32:36,113.68,113.69,1,113.62,800,113.74,200,113.74,113.62,113.62,800,113.61,100,113.6,700,113.59,500,113.58,100,113.57,500,113.56,100,113.55,400,113.54,200,113.53,100,113.74,200,113.77,300,113.78,500,,,,,,,,,,,,,,
2026-01-16 09:32:36,113.68,113.69,1,113.62,800,113.74,500,113.74,113.62,113.62,800,113.61,100,113.6,700,113.59,500,113.58,100,113.57,500,113.56,100,113.55,400,113.54,200,113.53,100,113.74,500,113.77,300,113.78,500,,,,,,,,,,,,,,
2026-01-16 09:32:37,113.68,113.69,1,113.62,800,113.74,500,113.74,113.62,113.62,800,113.61,100,113.6,700,113.59,500,113.58,100,113.57,500,113.56,100,113.55,400,113.54,200,113.53,100,113.74,500,113.77,300,113.78,500,,,,,,,,,,,,,,
2026-01-16 09:32:39,113.68,113.69,1,113.62,800,113.74,500,113.74,113.62,113.62,800,113.61,100,113.6,700,113.59,500,113.58,100,113.57,500,113.56,100,113.55,400,113.54,200,113.53,100,113.74,500,113.77,300,113.78,500,,,,,,,,,,,,,,
2026-01-16 09:32:40,113.68,113.69,1,113.62,700,113.74,500,113.74,113.62,113.62,700,113.61,100,113.6,700,113.59,500,113.58,100,113.57,500,113.56,100,113.55,400,113.54,200,113.53,100,113.74,500,113.77,300,113.78,500,,,,,,,,,,,,,,
2026-01-16 09:32:41,113.68,113.68,1,113.62,600,113.74,500,113.74,113.62,113.62,600,113.61,100,113.6,700,113.59,500,113.58,100,113.57,500,113.56,100,113.55,400,113.54,200,113.53,100,113.74,500,113.77,300,113.78,500,,,,,,,,,,,,,,
2026-01-16 09:32:42,113.68,113.68,1,113.62,600,113.74,500,113.74,113.62,113.62,600,113.61,100,113.6,700,113.59,500,113.58,100,113.57,500,113.56,100,113.55,400,113.54,200,113.53,100,113.74,500,113.77,300,113.78,500,,,,,,,,,,,,,,
2026-01-16 09:32:43,113.68,113.68,1,113.62,600,113.74,500,113.74,113.62,113.62,600,113.61,100,113.6,700,113.59,500,113.58,100,113.57,500,113.56,100,113.55,400,113.54,200,113.53,100,113.74,500,113.77,300,113.78,500,,,,,,,,,,,,,,
2026-01-16 09:32:44,113.68,113.68,2,113.62,600,113.74,500,113.74,113.62,113.62,600,113.61,100,113.6,700,113.59,500,113.58,100,113.57,500,113.56,100,113.55,400,113.54,200,113.53,100,113.74,500,113.77,300,113.78,500,,,,,,,,,,,,,,
2026-01-16 09:32:45,113.675,113.68,2,113.62,600,113.73,500,113.73,113.62,113.62,600,113.61,100,113.6,700,113.59,500,113.58,100,113.57,500,113.56,100,113.55,400,113.54,200,113.53,100,113.73,500,113.74,400,113.77,300,113.78,500,,,,,,,,,,,,
2026-01-16 09:32:46,113.675,113.68,1,113.62,600,113.73,500,113.73,113.62,113.62,600,113.61,100,113.6,700,113.59,500,113.58,100,113.57,500,113.56,100,113.55,400,113.54,200,113.53,100,113.73,500,113.74,400,113.77,300,113.78,500,,,,,,,,,,,,
2026-01-16 09:32:47,113.675,113.68,1,113.62,600,113.73,500,113.73,113.62,113.62,600,113.61,100,113.6,700,113.59,500,113.58,100,113.57,500,113.56,100,113.55,400,113.54,200,113.53,100,113.73,500,113.74,400,113.77,300,113.78,500,,,,,,,,,,,,
2026-01-16 09:32:48,113.525,113.6,1,113.42,300,113.63,400,113.63,113.42,113.42,300,113.41,100,113.4,100,113.35,200,113.34,100,113.29,800,113.27,100,113.26,500,113.24,100,113.23,200,113.63,400,113.66,600,113.68,100,113.7,200,113.72,100,113.73,500,113.74,400,113.77,300,113.78,500,,
2026-01-16 09:32:48,113.525,113.6,1,113.42,300,113.63,400,113.63,113.42,113.42,300,113.41,100,113.4,100,113.35,200,113.34,100,113.29,800,113.27,100,113.26,500,113.24,100,113.23,200,113.63,400,113.66,600,113.68,100,113.7,200,113.72,100,113.73,500,113.74,400,113.77,300,113.78,500,,
2026-01-16 09:32:50,113.525,113.45,1,113.42,300,113.63,400,113.63,113.42,113.42,300,113.41,100,113.4,100,113.35,200,113.34,100,113.29,800,113.27,100,113.26,500,113.24,100,113.23,200,113.63,400,113.66,600,113.68,100,113.7,200,113.72,100,113.73,500,113.74,400,113.77,300,113.78,500,,
2026-01-16 09:32:51,113.525,113.45,1,113.42,300,113.63,400,113.63,113.42,113.42,300,113.41,100,113.4,100,113.35,200,113.34,100,113.29,800,113.27,100,113.26,500,113.24,100,113.23,200,113.63,400,113.66,600,113.68,100,113.7,200,113.72,100,113.73,500,113.74,400,113.77,300,113.78,500,,
2026-01-16 09:32:52,113.51,113.42,1,113.42,300,113.6,400,113.6,113.42,113.42,300,113.41,100,113.4,100,113.35,200,113.34,100,113.29,800,113.27,100,113.26,500,113.24,100,113.23,200,113.6,400,113.63,400,113.66,600,113.68,100,113.7,200,113.72,100,113.73,500,113.74,400,113.77,300,113.78,500
2026-01-16 09:32:52,113.51,113.42,1,113.42,300,113.6,600,113.6,113.42,113.42,300,113.41,100,113.4,100,113.35,200,113.34,100,113.29,800,113.27,100,113.26,500,113.24,100,113.23,200,113.6,600,113.63,400,113.66,600,113.68,100,113.7,200,113.72,100,113.73,500,113.74,400,113.77,300,113.78,500
2026-01-16 09:32:54,113.51,113.42,4,113.42,300,113.6,600,113.6,113.42,113.42,300,113.41,100,113.4,100,113.35,200,113.34,100,113.29,800,113.27,100,113.26,500,113.24,100,113.23,200,113.6,600,113.63,400,113.66,600,113.68,100,113.7,200,113.72,100,113.73,500,113.74,400,113.77,300,113.78,500
2026-01-16 09:32:55,113.5,113.5,1,113.4,400,113.6,600,113.6,113.4,113.4,400,113.35,200,113.34,100,113.29,800,113.27,100,113.26,500,113.24,100,113.23,200,113.18,200,113.16,300,113.6,600,113.63,400,113.66,600,113.68,100,113.7,200,113.72,100,113.73,500,113.74,400,113.77,300,113.78,500
2026-01-16 09:32:56,113.5,113.5,1,113.4,400,113.6,600,113.6,113.4,113.4,400,113.35,200,113.34,100,113.29,800,113.27,100,113.26,500,113.24,100,113.23,200,113.18,200,113.16,300,113.6,600,113.63,400,113.66,600,113.68,100,113.7,200,113.72,100,113.73,500,113.74,400,113.77,300,113.78,500
2026-01-16 09:32:57,113.5,113.5,1,113.4,400,113.6,600,113.6,113.4,113.4,400,113.35,200,113.34,100,113.29,800,113.27,100,113.26,500,113.24,100,113.23,200,113.18,200,113.16,300,113.6,600,113.63,400,113.66,600,113.68,100,113.7,200,113.72,100,113.73,500,113.74,400,113.77,300,113.78,500
2026-01-16 09:32:58,113.5,113.5,1,113.4,400,113.6,600,113.6,113.4,113.4,400,113.35,200,113.34,100,113.29,800,113.27,100,113.26,500,113.24,100,113.23,200,113.18,200,113.16,300,113.6,600,113.63,400,113.66,600,113.68,100,113.7,200,113.72,100,113.73,500,113.74,400,113.77,300,113.78,500
2026-01-16 09:32:59,113.5,113.5,1,113.4,400,113.6,600,113.6,113.4,113.4,400,113.35,200,113.34,100,113.29,800,113.27,100,113.26,500,113.24,100,113.23,200,113.18,200,113.16,300,113.6,600,113.63,400,113.66,600,113.68,100,113.7,200,113.72,100,113.73,500,113.74,400,113.77,300,113.78,500
2026-01-16 09:33:00,113.5,113.5,1,113.4,800,113.6,700,113.6,113.4,113.4,800,113.35,200,113.34,100,113.29,800,113.27,100,113.26,500,113.24,100,113.23,200,113.18,200,113.16,300,113.6,700,113.63,400,113.66,600,113.68,100,113.7,200,113.72,100,113.73,500,113.74,400,113.77,300,113.78,500
2026-01-16 09:33:01,113.53,113.5,3,113.4,900,113.66,500,113.66,113.4,113.4,900,113.35,200,113.34,100,113.29,800,113.27,100,113.26,500,113.24,100,113.23,200,113.18,200,113.16,300,113.66,500,113.68,100,113.7,200,113.72,100,113.73,500,113.74,400,113.77,300,113.78,500,,,,
2026-01-16 09:33:02,113.525,113.5,3,113.4,800,113.65,400,113.65,113.4,113.4,800,113.35,200,113.34,100,113.29,800,113.27,100,113.26,500,113.24,100,113.23,200,113.18,200,113.16,300,113.65,400,113.66,500,113.68,100,113.7,200,113.72,100,113.73,500,113.74,400,113.77,300,113.78,500,,
2026-01-16 09:33:03,113.525,113.53,1,113.4,800,113.65,300,113.65,113.4,113.4,800,113.35,200,113.34,100,113.29,800,113.27,100,113.26,500,113.24,100,113.23,200,113.18,200,113.16,300,113.65,300,113.66,500,113.68,100,113.7,200,113.72,100,113.73,500,113.74,400,113.77,300,113.78,500,,
2026-01-16 09:33:04,113.525,113.53,1,113.4,900,113.65,300,113.65,113.4,113.4,900,113.35,200,113.34,100,113.29,800,113.27,100,113.26,500,113.24,100,113.23,200,113.18,200,113.16,300,113.65,300,113.66,500,113.68,100,113.7,200,113.72,100,113.73,500,113.74,400,113.77,300,113.78,500,,
2026-01-16 09:33:05,113.535,113.61,2,113.42,100,113.65,400,113.65,113.42,113.42,100,113.4,900,113.35,200,113.34,100,113.29,800,113.27,100,113.26,500,113.24,100,113.23,200,113.18,200,113.65,400,113.66,500,113.68,100,113.7,200,113.72,100,113.73,500,113.74,400,113.77,300,113.78,500,,
2026-01-16 09:33:06,113.535,113.61,2,113.42,300,113.65,400,113.65,113.42,113.42,300,113.4,900,113.35,200,113.34,100,113.29,800,113.27,100,113.26,500,113.24,100,113.23,200,113.18,200,113.65,400,113.66,500,113.68,100,113.7,200,113.72,100,113.73,500,113.74,400,113.77,300,113.78,500,,
2026-01-16 09:33:07,113.54,113.61,2,113.43,300,113.65,400,113.65,113.43,113.43,300,113.42,300,113.4,900,113.35,200,113.34,100,113.29,800,113.27,100,113.26,500,113.24,100,113.23,200,113.65,400,113.66,500,113.68,100,113.7,200,113.72,100,113.73,500,113.74,400,113.77,300,113.78,500,,
2026-01-16 09:33:08,113.54,113.54,2,113.43,700,113.65,400,113.65,113.43,113.43,700,113.42,300,113.4,900,113.35,200,113.34,100,113.29,800,113.27,100,113.26,500,113.24,100,113.23,200,113.65,400,113.66,500,113.68,100,113.7,200,113.72,100,113.73,500,113.74,400,113.77,300,113.78,500,,
2026-01-16 09:33:09,113.54,113.54,1,113.43,700,113.65,400,113.65,113.43,113.43,700,113.42,300,113.4,900,113.35,200,113.34,100,113.29,800,113.27,100,113.26,500,113.24,100,113.23,200,113.65,400,113.66,500,113.68,100,113.7,200,113.72,100,113.73,500,113.74,400,113.77,300,113.78,500,,
2026-01-16 09:33:10,113.54,113.54,1,113.43,700,113.65,400,113.65,113.43,113.43,700,113.42,300,113.4,900,113.35,200,113.34,100,113.29,800,113.27,100,113.26,500,113.24,100,113.23,200,113.65,400,113.66,500,113.68,100,113.7,200,113.72,100,113.73,500,113.74,400,113.77,300,113.78,500,,
2026-01-16 09:33:11,113.54,113.54,1,113.43,700,113.65,400,113.65,113.43,113.43,700,113.42,300,113.4,900,113.35,200,113.34,100,113.29,800,113.27,100,113.26,500,113.24,100,113.23,200,113.65,400,113.66,500,113.68,100,113.7,200,113.72,100,113.73,500,113.74,400,113.77,300,113.78,500,,
2026-01-16 09:33:12,113.54,113.54,1,113.43,900,113.65,400,113.65,113.43,113.43,900,113.42,300,113.4,900,113.35,200,113.34,100,113.29,800,113.27,100,113.26,500,113.24,100,113.23,200,113.65,400,113.66,500,113.68,100,113.7,200,113.72,100,113.73,500,113.74,400,113.77,300,113.78,500,,
2026-01-16 09:33:13,113.54,113.54,1,113.43,900,113.65,400,113.65,113.43,113.43,900,113.42,300,113.4,900,113.35,200,113.34,100,113.29,800,113.27,100,113.26,500,113.24,100,113.23,200,113.65,400,113.66,500,113.68,100,113.7,200,113.72,100,113.73,500,113.74,400,113.77,300,113.78,500,,
2026-01-16 09:33:14,113.54,113.54,1,113.43,900,113.65,400,113.65,113.43,113.43,900,113.42,300,113.4,900,113.35,200,113.34,100,113.29,800,113.27,100,113.26,500,113.24,100,113.23,200,113.65,400,113.66,500,113.68,100,113.7,200,113.72,100,113.73,500,113.74,400,113.77,300,113.78,500,,
2026-01-16 09:33:15,113.54,113.54,1,113.43,900,113.65,400,113.65,113.43,113.43,900,113.42,300,113.4,900,113.35,200,113.34,100,113.29,800,113.27,100,113.26,500,113.24,100,113.23,200,113.65,400,113.66,500,113.68,100,113.7,200,113.72,100,113.73,500,113.74,400,113.77,300,113.78,500,,
2026-01-16 09:33:16,113.54,113.64,5,113.43,900,113.65,400,113.65,113.43,113.43,900,113.42,300,113.4,900,113.35,200,113.34,100,113.29,800,113.27,100,113.26,500,113.24,100,113.23,200,113.65,400,113.66,500,113.68,100,113.7,200,113.72,100,113.73,500,113.74,400,113.77,300,113.78,500,,
2026-01-16 09:33:17,113.54,113.64,5,113.43,900,113.65,400,113.65,113.43,113.43,900,113.42,300,113.4,900,113.35,200,113.34,100,113.29,800,113.27,100,113.26,500,113.24,100,113.23,200,113.65,400,113.66,500,113.68,100,113.7,200,113.72,100,113.73,500,113.74,400,113.77,300,113.78,500,,
2026-01-16 09:33:18,113.575,113.64,1,113.47,400,113.68,400,113.68,113.47,113.47,400,113.43,500,113.42,300,113.4,900,113.35,200,113.34,100,113.29,800,113.27,100,113.26,500,113.24,100,113.68,400,113.7,200,113.72,100,113.73,500,113.74,400,113.77,300,113.78,500,,,,,,
2026-01-16 09:33:19,113.575,113.58,5,113.47,400,113.68,400,113.68,113.47,113.47,400,113.43,500,113.42,300,113.4,900,113.35,200,113.34,100,113.29,800,113.27,100,113.26,500,113.24,100,113.68,400,113.7,200,113.72,100,113.73,500,113.74,400,113.77,300,113.78,500,,,,,,
2026-01-16 09:33:20,113.575,113.58,5,113.47,400,113.68,400,113.68,113.47,113.47,400,113.43,500,113.42,300,113.4,900,113.35,200,113.34,100,113.29,800,113.27,100,113.26,500,113.24,100,113.68,400,113.7,200,113.72,100,113.73,500,113.74,400,113.77,300,113.78,500,,,,,,
2026-01-16 09:33:21,113.575,113.58,5,113.47,400,113.68,400,113.68,113.47,113.47,400,113.43,500,113.42,300,113.4,900,113.35,200,113.34,100,113.29,800,113.27,100,113.26,500,113.24,100,113.68,400,113.7,200,113.72,100,113.73,500,113.74,400,113.77,300,113.78,500,,,,,,
2026-01-16 09:33:22,113.575,113.58,5,113.47,400,113.68,500,113.68,113.47,113.47,400,113.43,500,113.42,300,113.4,900,113.35,200,113.34,100,113.29,800,113.27,100,113.26,500,113.24,100,113.68,500,113.7,200,113.72,100,113.73,500,113.74,400,113.77,300,113.78,500,,,,,,
2026-01-16 09:33:23,113.62,113.67,3,113.51,600,113.73,400,113.73,113.51,113.51,600,113.5,100,113.47,700,113.43,500,113.42,300,113.4,900,113.35,200,113.34,100,113.29,800,113.27,100,113.73,400,113.74,400,113.77,300,113.78,500,,,,,,,,,,,,
2026-01-16 09:33:24,113.62,113.67,3,113.51,700,113.73,400,113.73,113.51,113.51,700,113.5,100,113.47,700,113.43,500,113.42,300,113.4,900,113.35,200,113.34,100,113.29,800,113.27,100,113.73,400,113.74,400,113.77,300,113.78,500,,,,,,,,,,,,
2026-01-16 09:33:25,113.62,113.67,3,113.51,700,113.73,400,113.73,113.51,113.51,700,113.5,100,113.47,700,113.43,500,113.42,300,113.4,900,113.35,200,113.34,100,113.29,800,113.27,100,113.73,400,113.74,400,113.77,300,113.78,500,,,,,,,,,,,,
2026-01-16 09:33:26,113.62,113.62,1,113.51,700,113.73,400,113.73,113.51,113.51,700,113.5,100,113.47,700,113.43,500,113.42,300,113.4,900,113.35,200,113.34,100,113.29,800,113.27,100,113.73,400,113.74,400,113.77,300,113.78,500,,,,,,,,,,,,
2026-01-16 09:33:27,113.62,113.62,1,113.51,700,113.73,400,113.73,113.51,113.51,700,113.5,100,113.47,700,113.43,500,113.42,300,113.4,900,113.35,200,113.34,100,113.29,800,113.27,100,113.73,400,113.74,400,113.77,300,113.78,500,,,,,,,,,,,,
2026-01-16 09:33:28,113.62,113.62,1,113.51,700,113.73,400,113.73,113.51,113.51,700,113.5,100,113.47,700,113.43,500,113.42,300,113.4,900,113.35,200,113.34,100,113.29,800,113.27,100,113.73,400,113.74,400,113.77,300,113.78,500,,,,,,,,,,,,
2026-01-16 09:33:29,113.62,113.62,1,113.51,700,113.73,400,113.73,113.51,113.51,700,113.5,100,113.47,700,113.43,500,113.42,300,113.4,900,113.35,200,113.34,100,113.29,800,113.27,100,113.73,400,113.74,400,113.77,300,113.78,500,,,,,,,,,,,,
2026-01-16 09:33:30,113.65,113.65,1,113.57,300,113.73,400,113.73,113.57,113.57,300,113.51,700,113.5,100,113.47,700,113.43,500,113.42,300,113.4,900,113.35,200,113.34,100,113.29,800,113.73,400,113.74,400,113.77,300,113.78,500,,,,,,,,,,,,
2026-01-16 09:33:31,113.65,113.63,1,113.57,300,113.73,400,113.73,113.57,113.57,300,113.51,700,113.5,100,113.47,700,113.43,500,113.42,300,113.4,900,113.35,200,113.34,100,113.29,800,113.73,400,113.74,400,113.77,300,113.78,500,,,,,,,,,,,,
2026-01-16 09:33:32,113.65,113.63,1,113.57,300,113.73,400,113.73,113.57,113.57,300,113.51,700,113.5,100,113.47,700,113.43,500,113.42,300,113.4,900,113.35,200,113.34,100,113.29,800,113.73,400,113.74,400,113.77,300,113.78,500,,,,,,,,,,,,
2026-01-16 09:33:33,113.65,113.65,1,113.57,300,113.73,400,113.73,113.57,113.57,300,113.51,700,113.5,100,113.47,700,113.43,500,113.42,300,113.4,900,113.35,200,113.34,100,113.29,800,113.73,400,113.74,400,113.77,300,113.78,500,,,,,,,,,,,,
2026-01-16 09:33:34,113.65,113.65,1,113.57,500,113.73,400,113.73,113.57,113.57,500,113.56,100,113.51,700,113.5,100,113.47,700,113.43,500,113.42,300,113.4,900,113.35,200,113.34,100,113.73,400,113.74,400,113.77,300,113.78,500,,,,,,,,,,,,
2026-01-16 09:33:35,113.65,113.65,1,113.57,500,113.73,400,113.73,113.57,113.57,500,113.56,100,113.51,700,113.5,100,113.47,700,113.43,500,113.42,300,113.4,900,113.35,200,113.34,100,113.73,400,113.74,400,113.77,300,113.78,500,,,,,,,,,,,,
2026-01-16 09:33:36,113.65,113.65,1,113.57,500,113.73,400,113.73,113.57,113.57,500,113.56,100,113.51,700,113.5,100,113.47,700,113.43,500,113.42,300,113.4,900,113.35,200,113.34,100,113.73,400,113.74,400,113.77,300,113.78,500,,,,,,,,,,,,
2026-01-16 09:33:37,113.65,113.65,1,113.57,500,113.73,400,113.73,113.57,113.57,500,113.56,100,113.51,700,113.5,100,113.47,700,113.43,500,113.42,300,113.4,900,113.35,200,113.34,100,113.73,400,113.74,400,113.77,300,113.78,500,,,,,,,,,,,,
2026-01-16 09:33:38,113.65,113.65,1,113.57,500,113.73,400,113.73,113.57,113.57,500,113.56,100,113.51,700,113.5,100,113.47,700,113.43,500,113.42,300,113.4,900,113.35,200,113.34,100,113.73,400,113.74,400,113.77,300,113.78,500,,,,,,,,,,,,
2026-01-16 09:33:39,113.65,113.65,1,113.57,500,113.73,400,113.73,113.57,113.57,500,113.56,100,113.51,700,113.5,100,113.47,700,113.43,500,113.42,300,113.4,900,113.35,200,113.34,100,113.73,400,113.74,400,113.77,300,113.78,500,,,,,,,,,,,,
2026-01-16 09:33:40,113.65,113.64,10,113.57,500,113.73,400,113.73,113.57,113.57,500,113.56,100,113.51,700,113.5,100,113.47,700,113.43,500,113.42,300,113.4,900,113.35,200,113.34,100,113.73,400,113.74,400,113.77,300,113.78,500,,,,,,,,,,,,
2026-01-16 09:33:41,113.65,113.64,10,113.57,500,113.73,400,113.73,113.57,113.57,500,113.56,100,113.51,700,113.5,100,113.47,700,113.43,500,113.42,300,113.4,900,113.35,200,113.34,100,113.73,400,113.74,400,113.77,300,113.78,500,,,,,,,,,,,,
2026-01-16 09:33:42,113.65,113.64,10,113.57,600,113.73,400,113.73,113.57,113.57,600,113.56,100,113.51,700,113.5,100,113.47,700,113.43,500,113.42,300,113.4,900,113.35,200,113.34,100,113.73,400,113.74,400,113.77,300,113.78,500,,,,,,,,,,,,
2026-01-16 09:33:43,113.65,113.64,10,113.57,600,113.73,400,113.73,113.57,113.57,600,113.56,100,113.51,700,113.5,100,113.47,700,113.43,500,113.42,300,113.4,900,113.35,200,113.34,100,113.73,400,113.74,400,113.77,300,113.78,500,,,,,,,,,,,,
2026-01-16 09:33:44,113.65,113.64,10,113.57,600,113.73,400,113.73,113.57,113.57,600,113.56,100,113.51,700,113.5,100,113.47,700,113.43,500,113.42,300,113.4,900,113.35,200,113.34,100,113.73,400,113.74,400,113.77,300,113.78,500,,,,,,,,,,,,
2026-01-16 09:33:45,113.65,113.64,10,113.57,600,113.73,400,113.73,113.57,113.57,600,113.56,100,113.51,700,113.5,100,113.47,700,113.43,500,113.42,300,113.4,900,113.35,200,113.34,100,113.73,400,113.74,400,113.77,300,113.78,500,,,,,,,,,,,,
2026-01-16 09:33:46,113.65,113.64,10,113.57,600,113.73,400,113.73,113.57,113.57,600,113.56,100,113.51,700,113.5,100,113.47,700,113.43,500,113.42,300,113.4,900,113.35,200,113.34,100,113.73,400,113.74,400,113.77,300,113.78,500,,,,,,,,,,,,
2026-01-16 09:33:47,113.65,113.64,10,113.57,600,113.73,400,113.73,113.57,113.57,600,113.56,100,113.51,700,113.5,100,113.47,700,113.43,500,113.42,300,113.4,900,113.35,200,113.34,100,113.73,400,113.74,400,113.77,300,113.78,500,,,,,,,,,,,,
2026-01-16 09:33:48,113.65,113.64,10,113.57,600,113.73,500,113.73,113.57,113.57,600,113.56,100,113.51,700,113.5,100,113.47,700,113.43,500,113.42,300,113.4,900,113.35,200,113.34,100,113.73,500,113.74,400,113.77,300,113.78,500,,,,,,,,,,,,
2026-01-16 09:33:49,113.65,113.64,10,113.57,600,113.73,500,113.73,113.57,113.57,600,113.56,100,113.51,700,113.5,100,113.47,700,113.43,500,113.42,300,113.4,900,113.35,200,113.34,100,113.73,500,113.74,400,113.77,300,113.78,500,,,,,,,,,,,,
2026-01-16 09:33:50,113.65,113.64,10,113.57,600,113.73,500,113.73,113.57,113.57,600,113.56,100,113.51,700,113.5,100,113.47,700,113.43,500,113.42,300,113.4,900,113.35,200,113.34,100,113.73,500,113.74,400,113.77,300,113.78,500,,,,,,,,,,,,
2026-01-16 09:33:51,113.65,113.64,10,113.57,600,113.73,500,113.73,113.57,113.57,600,113.56,100,113.51,700,113.5,100,113.47,700,113.43,500,113.42,300,113.4,900,113.35,200,113.34,100,113.73,500,113.74,400,113.77,300,113.78,500,,,,,,,,,,,,
2026-01-16 09:33:52,113.65,113.64,10,113.57,600,113.73,500,113.73,113.57,113.57,600,113.56,100,113.51,700,113.5,100,113.47,700,113.43,500,113.42,300,113.4,900,113.35,200,113.34,100,113.73,500,113.74,400,113.77,300,113.78,500,,,,,,,,,,,,
2026-01-16 09:33:53,113.65,113.64,10,113.57,600,113.73,500,113.73,113.57,113.57,600,113.56,100,113.51,700,113.5,100,113.47,700,113.43,500,113.42,300,113.4,900,113.35,200,113.34,100,113.73,500,113.74,400,113.77,300,113.78,500,,,,,,,,,,,,
2026-01-16 09:33:54,113.65,113.65,1,113.57,600,113.73,500,113.73,113.57,113.57,600,113.56,100,113.51,700,113.5,100,113.47,700,113.43,500,113.42,300,113.4,900,113.35,200,113.34,100,113.73,500,113.74,400,113.77,300,113.78,500,,,,,,,,,,,,
2026-01-16 09:33:55,113.645,113.65,1,113.57,600,113.72,300,113.72,113.57,113.57,600,113.56,100,113.51,700,113.5,100,113.47,700,113.43,500,113.42,300,113.4,900,113.35,200,113.34,100,113.72,300,113.73,500,113.74,400,113.77,300,113.78,500,,,,,,,,,,
2026-01-16 09:33:56,113.645,113.65,1,113.57,600,113.72,500,113.72,113.57,113.57,600,113.56,100,113.51,700,113.5,100,113.47,700,113.43,500,113.42,300,113.4,900,113.35,200,113.34,100,113.72,500,113.73,500,113.74,400,113.77,300,113.78,500,,,,,,,,,,
2026-01-16 09:33:57,113.63,113.65,8,113.54,500,113.72,700,113.72,113.54,113.54,500,113.51,700,113.5,100,113.47,700,113.43,500,113.42,300,113.4,900,113.35,200,113.34,100,113.29,800,113.72,700,113.73,500,113.74,400,113.77,300,113.78,500,,,,,,,,,,
2026-01-16 09:33:58,113.6,113.65,8,113.54,500,113.66,100,113.66,113.54,113.54,500,113.51,700,113.5,100,113.47,700,113.43,500,113.42,300,113.4,900,113.35,200,113.34,100,113.29,800,113.66,100,113.72,1000,113.73,500,113.74,400,113.77,300,113.78,500,,,,,,,,
2026-01-16 09:33:59,113.6,113.65,8,113.54,500,113.66,300,113.66,113.54,113.54,500,113.51,700,113.5,100,113.47,700,113.43,500,113.42,300,113.4,900,113.35,200,113.34,100,113.29,800,113.66,300,113.72,1000,113.73,500,113.74,400,113.77,300,113.78,500,,,,,,,,
2026-01-16 09:34:00,113.6,113.54,1,113.54,500,113.66,300,113.66,113.54,113.54,500,113.51,700,113.5,100,113.47,700,113.43,500,113.42,300,113.4,900,113.35,200,113.34,100,113.29,800,113.66,300,113.72,1000,113.73,500,113.74,400,113.77,300,113.78,500,,,,,,,,
2026-01-16 09:34:01,113.615,113.6,3,113.57,200,113.66,300,113.66,113.57,113.57,200,113.54,500,113.51,700,113.5,100,113.47,700,113.43,500,113.42,300,113.4,900,113.35,200,113.34,100,113.66,300,113.72,1000,113.73,500,113.74,400,113.77,300,113.78,500,,,,,,,,
2026-01-16 09:34:02,113.615,113.62,1,113.57,200,113.66,300,113.66,113.57,113.57,200,113.54,500,113.51,700,113.5,100,113.47,700,113.43,500,113.42,300,113.4,900,113.35,200,113.34,100,113.66,300,113.72,1000,113.73,500,113.74,400,113.77,300,113.78,500,,,,,,,,
2026-01-16 09:34:03,113.615,113.62,1,113.57,200,113.66,300,113.66,113.57,113.57,200,113.54,500,113.51,700,113.5,100,113.47,700,113.43,500,113.42,300,113.4,900,113.35,200,113.34,100,113.66,300,113.72,1000,113.73,500,113.74,400,113.77,300,113.78,500,,,,,,,,
2026-01-16 09:34:04,113.615,113.62,1,113.57,200,113.66,300,113.66,113.57,113.57,200,113.54,500,113.51,700,113.5,100,113.47,700,113.43,500,113.42,300,113.4,900,113.35,200,113.34,100,113.66,300,113.72,1000,113.73,500,113.74,400,113.77,300,113.78,500,,,,,,,,
2026-01-16 09:34:05,113.615,113.62,1,113.57,300,113.66,300,113.66,113.57,113.57,300,113.54,500,113.51,700,113.5,100,113.47,700,113.43,500,113.42,300,113.4,900,113.35,200,113.34,100,113.66,300,113.72,1000,113.73,500,113.74,400,113.77,300,113.78,500,,,,,,,,
2026-01-16 09:34:06,113.615,113.62,1,113.57,300,113.66,300,113.66,113.57,113.57,300,113.54,500,113.51,700,113.5,100,113.47,700,113.43,500,113.42,300,113.4,900,113.35,200,113.34,100,113.66,300,113.72,1000,113.73,500,113.74,400,113.77,300,113.78,500,,,,,,,,
2026-01-16 09:34:07,113.615,113.62,1,113.57,300,113.66,300,113.66,113.57,113.57,300,113.54,500,113.51,700,113.5,100,113.47,700,113.43,500,113.42,300,113.4,900,113.35,200,113.34,100,113.66,300,113.72,1000,113.73,500,113.74,400,113.77,300,113.78,500,,,,,,,,
2026-01-16 09:34:08,113.63,113.62,1,113.6,100,113.66,400,113.66,113.6,113.6,100,113.57,500,113.54,500,113.51,700,113.5,100,113.47,700,113.43,500,113.42,300,113.4,900,113.35,200,113.66,400,113.72,1000,113.73,500,113.74,400,113.77,300,113.78,500,,,,,,,,
2026-01-16 09:34:09,113.63,113.62,1,113.6,100,113.66,400,113.66,113.6,113.6,100,113.57,500,113.54,500,113.51,700,113.5,100,113.47,700,113.43,500,113.42,300,113.4,900,113.35,200,113.66,400,113.72,1000,113.73,500,113.74,400,113.77,300,113.78,500,,,,,,,,
2026-01-16 09:34:10,113.795,113.79,1,113.73,400,113.86,400,113.86,113.73,113.73,400,113.72,100,113.71,200,113.7,400,113.68,100,113.67,300,113.66,100,113.64,400,113.6,300,113.57,500,113.86,400,113.87,200,113.88,100,,,,,,,,,,,,,,
2026-01-16 09:34:11,113.795,113.74,1,113.73,800,113.86,400,113.86,113.73,113.73,800,113.72,100,113.71,200,113.7,400,113.68,100,113.67,300,113.66,100,113.64,400,113.6,300,113.57,500,113.86,400,113.87,200,113.88,100,,,,,,,,,,,,,,
2026-01-16 09:34:12,113.785,113.74,1,113.73,800,113.84,600,113.84,113.73,113.73,800,113.72,100,113.71,200,113.7,400,113.68,100,113.67,300,113.66,100,113.64,400,113.6,300,113.57,500,113.84,600,113.86,400,113.87,200,113.88,100,,,,,,,,,,,,
2026-01-16 09:34:13,113.785,113.74,1,113.73,800,113.84,600,113.84,113.73,113.73,800,113.72,100,113.71,200,113.7,400,113.68,100,113.67,300,113.66,100,113.64,400,113.6,300,113.57,500,113.84,600,113.86,400,113.87,200,113.88,100,,,,,,,,,,,,
2026-01-16 09:34:14,113.785,113.83,1,113.73,700,113.84,700,113.84,113.73,113.73,700,113.72,100,113.71,200,113.7,400,113.68,100,113.67,300,113.66,100,113.64,400,113.6,300,113.57,500,113.84,700,113.86,400,113.87,200,113.88,100,,,,,,,,,,,,
2026-01-16 09:34:15,113.78,113.83,1,113.73,700,113.83,100,113.83,113.73,113.73,700,113.72,100,113.71,200,113.7,400,113.68,100,113.67,300,113.66,100,113.64,400,113.6,300,113.57,500,113.83,100,113.84,700,113.86,400,113.87,200,113.88,100,,,,,,,,,,
2026-01-16 09:34:16,113.78,113.83,1,113.73,700,113.83,100,113.83,113.73,113.73,700,113.72,100,113.71,200,113.7,400,113.68,100,113.67,300,113.66,100,113.64,400,113.6,300,113.57,500,113.83,100,113.84,700,113.86,400,113.87,200,113.88,100,,,,,,,,,,
2026-01-16 09:34:17,113.75,113.73,3,113.68,200,113.82,300,113.82,113.68,113.68,200,113.58,200,113.57,500,113.54,500,113.51,700,113.5,100,113.47,700,113.43,500,113.42,300,113.4,900,113.82,300,113.83,100,113.84,700,113.86,400,113.87,200,113.88,100,,,,,,,,
2026-01-16 09:34:18,113.75,113.73,3,113.68,200,113.82,300,113.82,113.68,113.68,200,113.58,200,113.57,500,113.54,500,113.51,700,113.5,100,113.47,700,113.43,500,113.42,300,113.4,900,113.82,300,113.83,100,113.84,700,113.86,400,113.87,200,113.88,100,,,,,,,,
2026-01-16 09:34:19,113.73,113.73,2,113.68,400,113.78,500,113.78,113.68,113.68,400,113.58,200,113.57,500,113.54,500,113.51,700,113.5,100,113.47,700,113.43,500,113.42,300,113.4,900,113.78,500,113.82,300,113.83,100,113.84,700,113.86,400,113.87,200,113.88,100,,,,,,
2026-01-16 09:34:20,113.73,113.73,2,113.68,400,113.78,500,113.78,113.68,113.68,400,113.58,200,113.57,500,113.54,500,113.51,700,113.5,100,113.47,700,113.43,500,113.42,300,113.4,900,113.78,500,113.82,300,113.83,100,113.84,700,113.86,400,113.87,200,113.88,100,,,,,,
2026-01-16 09:34:21,113.73,113.73,2,113.68,400,113.78,500,113.78,113.68,113.68,400,113.58,200,113.57,500,113.54,500,113.51,700,113.5,100,113.47,700,113.43,500,113.42,300,113.4,900,113.78,500,113.82,300,113.83,100,113.84,700,113.86,400,113.87,200,113.88,100,,,,,,
2026-01-16 09:34:22,113.73,113.68,1,113.68,400,113.78,400,113.78,113.68,113.68,400,113.58,200,113.57,500,113.54,500,113.51,700,113.5,100,113.47,700,113.43,500,113.42,300,113.4,900,113.78,400,113.82,300,113.83,100,113.84,700,113.86,400,113.87,200,113.88,100,,,,,,
2026-01-16 09:34:23,113.665,113.67,1,113.57,700,113.76,300,113.76,113.57,113.57,700,113.54,500,113.51,700,113.5,100,113.47,700,113.43,500,113.42,300,113.4,900,113.35,200,113.34,100,113.76,300,113.77,100,113.78,800,113.82,300,113.83,100,113.84,700,113.86,400,113.87,200,113.88,100,,
2026-01-16 09:34:24,113.665,113.67,1,113.57,700,113.76,300,113.76,113.57,113.57,700,113.54,500,113.51,700,113.5,100,113.47,700,113.43,500,113.42,300,113.4,900,113.35,200,113.34,100,113.76,300,113.77,100,113.78,800,113.82,300,113.83,100,113.84,700,113.86,400,113.87,200,113.88,100,,
2026-01-16 09:34:25,113.66,113.67,1,113.57,700,113.75,200,113.75,113.57,113.57,700,113.54,500,113.51,700,113.5,100,113.47,700,113.43,500,113.42,300,113.4,900,113.35,200,113.34,100,113.75,200,113.76,300,113.77,100,113.78,800,113.82,300,113.83,100,113.84,700,113.86,400,113.87,200,113.88,100
2026-01-16 09:34:26,113.66,113.67,1,113.57,700,113.75,400,113.75,113.57,113.57,700,113.54,500,113.51,700,113.5,100,113.47,700,113.43,500,113.42,300,113.4,900,113.35,200,113.34,100,113.75,400,113.76,300,113.77,100,113.78,800,113.82,300,113.83,100,113.84,700,113.86,400,113.87,200,113.88,100
2026-01-16 09:34:27,113.66,113.67,1,113.57,700,113.75,400,113.75,113.57,113.57,700,113.54,500,113.51,700,113.5,100,113.47,700,113.43,500,113.42,300,113.4,900,113.35,200,113.34,100,113.75,400,113.76,300,113.77,100,113.78,800,113.82,300,113.83,100,113.84,700,113.86,400,113.87,200,113.88,100
2026-01-16 09:34:28,113.66,113.67,1,113.57,700,113.75,400,113.75,113.57,113.57,700,113.54,500,113.51,700,113.5,100,113.47,700,113.43,500,113.42,300,113.4,900,113.35,200,113.34,100,113.75,400,113.76,300,113.77,100,113.78,800,113.82,300,113.83,100,113.84,700,113.86,400,113.87,200,113.88,100
2026-01-16 09:34:29,113.675,113.68,2,113.6,300,113.75,400,113.75,113.6,113.6,300,113.57,700,113.54,500,113.51,700,113.5,100,113.47,700,113.43,500,113.42,300,113.4,900,113.35,200,113.75,400,113.76,300,113.77,100,113.78,800,113.82,300,113.83,100,113.84,700,113.86,400,113.87,200,113.88,100
2026-01-16 09:34:30,113.675,113.68,2,113.6,300,113.75,400,113.75,113.6,113.6,300,113.57,700,113.54,500,113.51,700,113.5,100,113.47,700,113.43,500,113.42,300,113.4,900,113.35,200,113.75,400,113.76,300,113.77,100,113.78,800,113.82,300,113.83,100,113.84,700,113.86,400,113.87,200,113.88,100
2026-01-16 09:34:31,113.675,113.68,2,113.6,300,113.75,400,113.75,113.6,113.6,300,113.57,700,113.54,500,113.51,700,113.5,100,113.47,700,113.43,500,113.42,300,113.4,900,113.35,200,113.75,400,113.76,300,113.77,100,113.78,800,113.82,300,113.83,100,113.84,700,113.86,400,113.87,200,113.88,100
2026-01-16 09:34:32,113.675,113.68,1,113.6,300,113.75,400,113.75,113.6,113.6,300,113.57,700,113.54,500,113.51,700,113.5,100,113.47,700,113.43,500,113.42,300,113.4,900,113.35,200,113.75,400,113.76,300,113.77,100,113.78,800,113.82,300,113.83,100,113.84,700,113.86,400,113.87,200,113.88,100
2026-01-16 09:34:33,113.675,113.68,1,113.6,300,113.75,400,113.75,113.6,113.6,300,113.57,700,113.54,500,113.51,700,113.5,100,113.47,700,113.43,500,113.42,300,113.4,900,113.35,200,113.75,400,113.76,300,113.77,100,113.78,800,113.82,300,113.83,100,113.84,700,113.86,400,113.87,200,113.88,100
2026-01-16 09:34:34,113.675,113.68,1,113.6,200,113.75,400,113.75,113.6,113.6,200,113.57,700,113.54,500,113.51,700,113.5,100,113.47,700,113.43,500,113.42,300,113.4,900,113.35,200,113.75,400,113.76,300,113.77,100,113.78,800,113.82,300,113.83,100,113.84,700,113.86,400,113.87,200,113.88,100
2026-01-16 09:34:35,113.675,113.68,1,113.6,400,113.75,400,113.75,113.6,113.6,400,113.57,700,113.54,500,113.51,700,113.5,100,113.47,700,113.43,500,113.42,300,113.4,900,113.35,200,113.75,400,113.76,300,113.77,100,113.78,800,113.82,300,113.83,100,113.84,700,113.86,400,113.87,200,113.88,100
2026-01-16 09:34:36,113.675,113.68,1,113.6,400,113.75,400,113.75,113.6,113.6,400,113.57,700,113.54,500,113.51,700,113.5,100,113.47,700,113.43,500,113.42,300,113.4,900,113.35,200,113.75,400,113.76,300,113.77,100,113.78,800,113.82,300,113.83,100,113.84,700,113.86,400,113.87,200,113.88,100
2026-01-16 09:34:37,113.675,113.68,1,113.6,400,113.75,400,113.75,113.6,113.6,400,113.57,700,113.54,500,113.51,700,113.5,100,113.47,700,113.43,500,113.42,300,113.4,900,113.35,200,113.75,400,113.76,300,113.77,100,113.78,800,113.82,300,113.83,100,113.84,700,113.86,400,113.87,200,113.88,100
2026-01-16 09:34:38,113.675,113.68,1,113.6,400,113.75,400,113.75,113.6,113.6,400,113.57,700,113.54,500,113.51,700,113.5,100,113.47,700,113.43,500,113.42,300,113.4,900,113.35,200,113.75,400,113.76,300,113.77,100,113.78,800,113.82,300,113.83,100,113.84,700,113.86,400,113.87,200,113.88,100
2026-01-16 09:34:39,113.675,113.68,1,113.6,400,113.75,400,113.75,113.6,113.6,400,113.57,700,113.54,500,113.51,700,113.5,100,113.47,700,113.43,500,113.42,300,113.4,900,113.35,200,113.75,400,113.76,300,113.77,100,113.78,800,113.82,300,113.83,100,113.84,700,113.86,400,113.87,200,113.88,100
2026-01-16 09:34:40,113.675,113.68,1,113.6,400,113.75,400,113.75,113.6,113.6,400,113.57,700,113.54,500,113.51,700,113.5,100,113.47,700,113.43,500,113.42,300,113.4,900,113.35,200,113.75,400,113.76,300,113.77,100,113.78,800,113.82,300,113.83,100,113.84,700,113.86,400,113.87,200,113.88,100
2026-01-16 09:34:41,113.675,113.68,1,113.6,400,113.75,400,113.75,113.6,113.6,400,113.57,700,113.54,500,113.51,700,113.5,100,113.47,700,113.43,500,113.42,300,113.4,900,113.35,200,113.75,400,113.76,300,113.77,100,113.78,800,113.82,300,113.83,100,113.84,700,113.86,400,113.87,200,113.88,100
2026-01-16 09:34:42,113.675,113.68,1,113.6,400,113.75,400,113.75,113.6,113.6,400,113.57,700,113.54,500,113.51,700,113.5,100,113.47,700,113.43,500,113.42,300,113.4,900,113.35,200,113.75,400,113.76,300,113.77,100,113.78,800,113.82,300,113.83,100,113.84,700,113.86,400,113.87,200,113.88,100
2026-01-16 09:34:43,113.675,113.73,1,113.6,400,113.75,400,113.75,113.6,113.6,400,113.57,700,113.54,500,113.51,700,113.5,100,113.47,700,113.43,500,113.42,300,113.4,900,113.35,200,113.75,400,113.76,300,113.77,100,113.78,800,113.82,300,113.83,100,113.84,700,113.86,400,113.87,200,113.88,100
2026-01-16 09:34:44,113.675,113.69,5,113.6,400,113.75,400,113.75,113.6,113.6,400,113.57,700,113.54,500,113.51,700,113.5,100,113.47,700,113.43,500,113.42,300,113.4,900,113.35,200,113.75,400,113.76,300,113.77,100,113.78,800,113.82,300,113.83,100,113.84,700,113.86,400,113.87,200,113.88,100
2026-01-16 09:34:45,113.675,113.69,5,113.6,400,113.75,400,113.75,113.6,113.6,400,113.57,700,113.54,500,113.51,700,113.5,100,113.47,700,113.43,500,113.42,300,113.4,900,113.35,200,113.75,400,113.76,300,113.77,100,113.78,800,113.82,300,113.83,100,113.84,700,113.86,400,113.87,200,113.88,100
2026-01-16 09:34:46,113.675,113.69,5,113.6,400,113.75,400,113.75,113.6,113.6,400,113.57,700,113.54,500,113.51,700,113.5,100,113.47,700,113.43,500,113.42,300,113.4,900,113.35,200,113.75,400,113.76,300,113.77,100,113.78,800,113.82,300,113.83,100,113.84,700,113.86,400,113.87,200,113.88,100
2026-01-16 09:34:47,113.675,113.69,5,113.6,400,113.75,400,113.75,113.6,113.6,400,113.57,700,113.54,500,113.51,700,113.5,100,113.47,700,113.43,500,113.42,300,113.4,900,113.35,200,113.75,400,113.76,300,113.77,100,113.78,800,113.82,300,113.83,100,113.84,700,113.86,400,113.87,200,113.88,100
2026-01-16 09:34:48,113.675,113.69,5,113.6,400,113.75,400,113.75,113.6,113.6,400,113.57,700,113.54,500,113.51,700,113.5,100,113.47,700,113.43,500,113.42,300,113.4,900,113.35,200,113.75,400,113.76,300,113.77,100,113.78,800,113.82,300,113.83,100,113.84,700,113.86,400,113.87,200,113.88,100
2026-01-16 09:34:49,113.675,113.68,1,113.6,400,113.75,400,113.75,113.6,113.6,400,113.57,700,113.54,500,113.51,700,113.5,100,113.47,700,113.43,500,113.42,300,113.4,900,113.35,200,113.75,400,113.76,300,113.77,100,113.78,800,113.82,300,113.83,100,113.84,700,113.86,400,113.87,200,113.88,100
2026-01-16 09:34:50,113.675,113.68,1,113.6,400,113.75,400,113.75,113.6,113.6,400,113.57,700,113.54,500,113.51,700,113.5,100,113.47,700,113.43,500,113.42,300,113.4,900,113.35,200,113.75,400,113.76,300,113.77,100,113.78,800,113.82,300,113.83,100,113.84,700,113.86,400,113.87,200,113.88,100
2026-01-16 09:34:51,113.675,113.66,1,113.6,400,113.75,500,113.75,113.6,113.6,400,113.57,700,113.54,500,113.51,700,113.5,100,113.47,700,113.43,500,113.42,300,113.4,900,113.35,200,113.75,500,113.76,300,113.77,100,113.78,800,113.82,300,113.83,100,113.84,700,113.86,400,113.87,200,113.88,100
2026-01-16 09:34:52,113.675,113.66,1,113.6,400,113.75,500,113.75,113.6,113.6,400,113.57,700,113.54,500,113.51,700,113.5,100,113.47,700,113.43,500,113.42,300,113.4,900,113.35,200,113.75,500,113.76,300,113.77,100,113.78,800,113.82,300,113.83,100,113.84,700,113.86,400,113.87,200,113.88,100
2026-01-16 09:34:53,113.66,113.68,1,113.6,400,113.72,400,113.72,113.6,113.6,400,113.57,700,113.54,500,113.51,700,113.5,100,113.47,700,113.43,500,113.42,300,113.4,900,113.35,200,113.72,400,113.75,500,113.76,300,113.77,100,113.78,800,113.82,300,113.83,100,113.84,700,113.86,400,113.87,200
2026-01-16 09:34:54,113.66,113.68,1,113.6,400,113.72,400,113.72,113.6,113.6,400,113.57,700,113.54,500,113.51,700,113.5,100,113.47,700,113.43,500,113.42,300,113.4,900,113.35,200,113.72,400,113.75,500,113.76,300,113.77,100,113.78,800,113.82,300,113.83,100,113.84,700,113.86,400,113.87,200
2026-01-16 09:34:55,113.66,113.68,1,113.6,400,113.72,400,113.72,113.6,113.6,400,113.57,700,113.54,500,113.51,700,113.5,100,113.47,700,113.43,500,113.42,300,113.4,900,113.35,200,113.72,400,113.75,500,113.76,300,113.77,100,113.78,800,113.82,300,113.83,100,113.84,700,113.86,400,113.87,200
2026-01-16 09:34:56,113.66,113.66,1,113.6,400,113.72,400,113.72,113.6,113.6,400,113.57,700,113.54,500,113.51,700,113.5,100,113.47,700,113.43,500,113.42,300,113.4,900,113.35,200,113.72,400,113.75,500,113.76,300,113.77,100,113.78,800,113.82,300,113.83,100,113.84,700,113.86,400,113.87,200
2026-01-16 09:34:57,113.66,113.66,1,113.6,400,113.72,400,113.72,113.6,113.6,400,113.57,700,113.54,500,113.51,700,113.5,100,113.47,700,113.43,500,113.42,300,113.4,900,113.35,200,113.72,400,113.75,500,113.76,300,113.77,100,113.78,800,113.82,300,113.83,100,113.84,700,113.86,400,113.87,200
2026-01-16 09:34:58,113.66,113.66,1,113.6,400,113.72,400,113.72,113.6,113.6,400,113.57,700,113.54,500,113.51,700,113.5,100,113.47,700,113.43,500,113.42,300,113.4,900,113.35,200,113.72,400,113.75,500,113.76,300,113.77,100,113.78,800,113.82,300,113.83,100,113.84,700,113.86,400,113.87,200
2026-01-16 09:34:59,113.66,113.66,1,113.6,400,113.72,400,113.72,113.6,113.6,400,113.57,700,113.54,500,113.51,700,113.5,100,113.47,700,113.43,500,113.42,300,113.4,900,113.35,200,113.72,400,113.75,500,113.76,300,113.77,100,113.78,800,113.82,300,113.83,100,113.84,700,113.86,400,113.87,200
2026-01-16 09:35:00,113.66,113.66,3,113.6,400,113.72,400,113.72,113.6,113.6,400,113.57,700,113.54,500,113.51,700,113.5,100,113.47,700,113.43,500,113.42,300,113.4,900,113.35,200,113.72,400,113.75,500,113.76,300,113.77,100,113.78,800,113.82,300,113.83,100,113.84,700,113.86,400,113.87,200
2026-01-16 09:35:01,113.66,113.66,2,113.6,400,113.72,500,113.72,113.6,113.6,400,113.57,700,113.54,500,113.51,700,113.5,100,113.47,700,113.43,500,113.42,300,113.4,900,113.35,200,113.72,500,113.75,500,113.76,300,113.77,100,113.78,800,113.82,300,113.83,100,113.84,700,113.86,400,113.87,200
2026-01-16 09:35:02,113.655,113.66,2,113.6,400,113.71,500,113.71,113.6,113.6,400,113.57,700,113.54,500,113.51,700,113.5,100,113.47,700,113.43,500,113.42,300,113.4,900,113.35,200,113.71,500,113.72,500,113.75,500,113.76,300,113.77,100,113.78,800,113.82,300,113.83,100,113.84,700,113.86,400
2026-01-16 09:35:03,113.655,113.66,2,113.6,400,113.71,500,113.71,113.6,113.6,400,113.57,700,113.54,500,113.51,700,113.5,100,113.47,700,113.43,500,113.42,300,113.4,900,113.35,200,113.71,500,113.72,500,113.75,500,113.76,300,113.77,100,113.78,800,113.82,300,113.83,100,113.84,700,113.86,400
2026-01-16 09:35:04,113.645,113.66,1,113.6,400,113.69,400,113.69,113.6,113.6,400,113.57,700,113.54,500,113.51,700,113.5,100,113.47,700,113.43,500,113.42,300,113.4,900,113.35,200,113.69,400,113.7,300,113.71,500,113.72,500,113.75,500,113.76,300,113.77,100,113.78,800,113.82,300,113.83,100
2026-01-16 09:35:05,113.645,113.63,1,113.6,400,113.69,400,113.69,113.6,113.6,400,113.57,700,113.54,500,113.51,700,113.5,100,113.47,700,113.43,500,113.42,300,113.4,900,113.35,200,113.69,400,113.7,300,113.71,500,113.72,500,113.75,500,113.76,300,113.77,100,113.78,800,113.82,300,113.83,100
2026-01-16 09:35:06,113.645,113.63,1,113.6,400,113.69,500,113.69,113.6,113.6,400,113.57,700,113.54,500,113.51,700,113.5,100,113.47,700,113.43,500,113.42,300,113.4,900,113.35,200,113.69,500,113.7,300,113.71,500,113.72,500,113.75,500,113.76,300,113.77,100,113.78,800,113.82,300,113.83,100
2026-01-16 09:35:07,113.645,113.63,1,113.6,400,113.69,400,113.69,113.6,113.6,400,113.57,700,113.54,500,113.51,700,113.5,100,113.47,700,113.43,500,113.42,300,113.4,900,113.35,200,113.69,400,113.7,300,113.71,500,113.72,500,113.75,500,113.76,300,113.77,100,113.78,800,113.82,300,113.83,100
2026-01-16 09:35:08,113.645,113.63,1,113.6,400,113.69,400,113.69,113.6,113.6,400,113.57,700,113.54,500,113.51,700,113.5,100,113.47,700,113.43,500,113.42,300,113.4,900,113.35,200,113.69,400,113.7,300,113.71,500,113.72,500,113.75,500,113.76,300,113.77,100,113.78,800,113.82,300,113.83,100
2026-01-16 09:35:09,113.645,113.65,5,113.6,400,113.69,400,113.69,113.6,113.6,400,113.57,700,113.54,500,113.51,700,113.5,100,113.47,700,113.43,500,113.42,300,113.4,900,113.35,200,113.69,400,113.7,300,113.71,500,113.72,500,113.75,500,113.76,300,113.77,100,113.78,800,113.82,300,113.83,100
2026-01-16 09:35:10,113.645,113.65,5,113.6,400,113.69,400,113.69,113.6,113.6,400,113.57,700,113.54,500,113.51,700,113.5,100,113.47,700,113.43,500,113.42,300,113.4,900,113.35,200,113.69,400,113.7,300,113.71,500,113.72,500,113.75,500,113.76,300,113.77,100,113.78,800,113.82,300,113.83,100
2026-01-16 09:35:11,113.645,113.65,1,113.6,400,113.69,300,113.69,113.6,113.6,400,113.57,700,113.54,500,113.51,700,113.5,100,113.47,700,113.43,500,113.42,300,113.4,900,113.35,200,113.69,300,113.7,300,113.71,500,113.72,500,113.75,500,113.76,300,113.77,100,113.78,800,113.82,300,113.83,100
2026-01-16 09:35:12,113.645,113.67,1,113.6,400,113.69,400,113.69,113.6,113.6,400,113.57,700,113.54,500,113.51,700,113.5,100,113.47,700,113.43,500,113.42,300,113.4,900,113.35,200,113.69,400,113.7,300,113.71,500,113.72,500,113.75,500,113.76,300,113.77,100,113.78,800,113.82,300,113.83,100
2026-01-16 09:35:13,113.64,113.64,2,113.59,400,113.69,400,113.69,113.59,113.59,400,113.58,200,113.52,300,113.49,300,113.47,700,113.43,500,113.42,300,113.4,900,113.35,200,113.34,100,113.69,400,113.7,300,113.71,500,113.72,500,113.75,500,113.76,300,113.77,100,113.78,800,113.82,300,113.83,100
2026-01-16 09:35:14,113.64,113.64,2,113.59,400,113.69,400,113.69,113.59,113.59,400,113.58,200,113.52,300,113.49,300,113.47,700,113.43,500,113.42,300,113.4,900,113.35,200,113.34,100,113.69,400,113.7,300,113.71,500,113.72,500,113.75,500,113.76,300,113.77,100,113.78,800,113.82,300,113.83,100
2026-01-16 09:35:15,113.64,113.64,2,113.59,400,113.69,400,113.69,113.59,113.59,400,113.58,200,113.52,300,113.49,300,113.47,700,113.43,500,113.42,300,113.4,900,113.35,200,113.34,100,113.69,400,113.7,300,113.71,500,113.72,500,113.75,500,113.76,300,113.77,100,113.78,800,113.82,300,113.83,100
2026-01-16 09:35:16,113.595,113.59,1,113.52,200,113.67,200,113.67,113.52,113.52,200,113.49,300,113.47,700,113.43,500,113.42,300,113.4,900,113.35,200,113.34,100,113.29,800,113.27,100,113.67,200,113.69,400,113.7,300,113.71,500,113.72,500,113.75,500,113.76,300,113.77,100,113.78,800,113.82,300
2026-01-16 09:35:17,113.6,113.59,1,113.52,200,113.68,100,113.68,113.52,113.52,200,113.49,300,113.47,700,113.43,500,113.42,300,113.4,900,113.35,200,113.34,100,113.29,800,113.27,100,113.68,100,113.69,400,113.7,300,113.71,500,113.72,500,113.75,500,113.76,300,113.77,100,113.78,800,113.82,300
2026-01-16 09:35:18,113.56,113.59,1,113.52,300,113.6,100,113.6,113.52,113.52,300,113.49,300,113.47,700,113.43,500,113.42,300,113.4,900,113.35,200,113.34,100,113.29,800,113.27,100,113.6,100,113.68,100,113.69,400,113.7,300,113.71,500,113.72,500,113.75,500,113.76,300,113.77,100,113.78,800
2026-01-16 09:35:19,113.53,113.53,1,113.47,400,113.59,100,113.59,113.47,113.47,400,113.43,500,113.42,300,113.4,900,113.35,200,113.34,100,113.29,800,113.27,100,113.26,500,113.24,100,113.59,100,113.6,100,113.68,100,113.69,400,113.7,300,113.71,500,113.72,500,113.75,500,113.76,300,113.77,100
2026-01-16 09:35:20,113.53,113.53,1,113.47,500,113.59,100,113.59,113.47,113.47,500,113.43,500,113.42,300,113.4,900,113.35,200,113.34,100,113.29,800,113.27,100,113.26,500,113.24,100,113.59,100,113.6,100,113.68,100,113.69,400,113.7,300,113.71,500,113.72,500,113.75,500,113.76,300,113.77,100
2026-01-16 09:35:21,113.53,113.53,1,113.47,500,113.59,100,113.59,113.47,113.47,500,113.43,500,113.42,300,113.4,900,113.35,200,113.34,100,113.29,800,113.27,100,113.26,500,113.24,100,113.59,100,113.6,100,113.68,100,113.69,400,113.7,300,113.71,500,113.72,500,113.75,500,113.76,300,113.77,100
2026-01-16 09:35:22,113.53,113.53,1,113.47,500,113.59,100,113.59,113.47,113.47,500,113.43,500,113.42,300,113.4,900,113.35,200,113.34,100,113.29,800,113.27,100,113.26,500,113.24,100,113.59,100,113.6,100,113.68,100,113.69,400,113.7,300,113.71,500,113.72,500,113.75,500,113.76,300,113.77,100
2026-01-16 09:35:23,113.53,113.53,1,113.47,500,113.59,100,113.59,113.47,113.47,500,113.43,500,113.42,300,113.4,900,113.35,200,113.34,100,113.29,800,113.27,100,113.26,500,113.24,100,113.59,100,113.6,100,113.68,100,113.69,400,113.7,300,113.71,500,113.72,500,113.75,500,113.76,300,113.77,100
2026-01-16 09:35:24,113.53,113.53,7,113.47,500,113.59,100,113.59,113.47,113.47,500,113.43,500,113.42,300,113.4,900,113.35,200,113.34,100,113.29,800,113.27,100,113.26,500,113.24,100,113.59,100,113.6,100,113.68,100,113.69,400,113.7,300,113.71,500,113.72,500,113.75,500,113.76,300,113.77,100
2026-01-16 09:35:25,113.545,113.58,1,113.5,800,113.59,200,113.59,113.5,113.5,800,113.47,500,113.43,500,113.42,300,113.4,900,113.35,200,113.34,100,113.29,800,113.27,100,113.26,500,113.59,200,113.6,100,113.68,100,113.69,400,113.7,300,113.71,500,113.72,500,113.75,500,113.76,300,113.77,100
2026-01-16 09:35:26,113.545,113.59,1,113.5,800,113.59,200,113.59,113.5,113.5,800,113.47,500,113.43,500,113.42,300,113.4,900,113.35,200,113.34,100,113.29,800,113.27,100,113.26,500,113.59,200,113.6,100,113.68,100,113.69,400,113.7,300,113.71,500,113.72,500,113.75,500,113.76,300,113.77,100
2026-01-16 09:35:27,113.605,113.59,1,113.54,200,113.67,100,113.67,113.54,113.54,200,113.52,100,113.51,100,113.5,900,113.47,500,113.43,500,113.42,300,113.4,900,113.35,200,113.34,100,113.67,100,113.68,100,113.69,500,113.7,300,113.71,500,113.72,500,113.75,500,113.76,300,113.77,100,113.78,800
2026-01-16 09:35:28,113.605,113.59,1,113.54,200,113.67,200,113.67,113.54,113.54,200,113.52,100,113.51,100,113.5,900,113.47,500,113.43,500,113.42,300,113.4,900,113.35,200,113.34,100,113.67,200,113.68,100,113.69,500,113.7,300,113.71,500,113.72,500,113.75,500,113.76,300,113.77,100,113.78,800
2026-01-16 09:35:29,113.605,113.59,1,113.54,200,113.67,200,113.67,113.54,113.54,200,113.52,100,113.51,100,113.5,900,113.47,500,113.43,500,113.42,300,113.4,900,113.35,200,113.34,100,113.67,200,113.68,100,113.69,500,113.7,300,113.71,500,113.72,500,113.75,500,113.76,300,113.77,100,113.78,800
2026-01-16 09:35:30,113.585,113.71,1,113.54,400,113.63,100,113.63,113.54,113.54,400,113.52,100,113.51,100,113.5,900,113.47,500,113.43,500,113.42,300,113.4,900,113.35,200,113.34,100,113.63,100,113.67,200,113.68,100,113.69,500,113.7,300,113.71,500,113.72,500,113.75,500,113.76,300,113.77,100
2026-01-16 09:35:31,113.605,113.71,1,113.54,300,113.67,200,113.67,113.54,113.54,300,113.52,100,113.51,100,113.5,900,113.47,500,113.43,500,113.42,300,113.4,900,113.35,200,113.34,100,113.67,200,113.68,100,113.69,500,113.7,300,113.71,500,113.72,500,113.75,500,113.76,300,113.77,100,113.78,800
2026-01-16 09:35:32,113.605,113.55,1,113.54,300,113.67,200,113.67,113.54,113.54,300,113.52,100,113.51,100,113.5,900,113.47,500,113.43,500,113.42,300,113.4,900,113.35,200,113.34,100,113.67,200,113.68,100,113.69,500,113.7,300,113.71,500,113.72,500,113.75,500,113.76,300,113.77,100,113.78,800
2026-01-16 09:35:33,113.525,113.52,1,113.47,200,113.58,200,113.58,113.47,113.47,200,113.43,400,113.42,300,113.4,900,113.35,200,113.34,100,113.29,800,113.27,100,113.26,500,113.24,100,113.58,200,113.6,100,113.63,100,113.67,200,113.68,100,113.69,500,113.7,300,113.71,500,113.72,500,113.75,500
2026-01-16 09:35:34,113.46,113.46,1,113.39,300,113.53,100,113.53,113.39,113.39,300,113.35,200,113.34,100,113.29,800,113.27,100,113.26,500,113.24,100,113.23,200,113.18,200,113.16,300,113.53,100,113.58,200,113.6,100,113.63,100,113.67,200,113.68,100,113.69,500,113.7,300,113.71,500,113.72,500
2026-01-16 09:35:35,113.46,113.46,1,113.39,300,113.53,100,113.53,113.39,113.39,300,113.35,200,113.34,100,113.29,800,113.27,100,113.26,500,113.24,100,113.23,200,113.18,200,113.16,300,113.53,100,113.58,200,113.6,100,113.63,100,113.67,200,113.68,100,113.69,500,113.7,300,113.71,500,113.72,500
2026-01-16 09:35:36,113.435,113.46,1,113.39,200,113.48,200,113.48,113.39,113.39,200,113.35,200,113.34,100,113.29,800,113.27,100,113.26,500,113.24,100,113.23,200,113.18,200,113.16,300,113.48,200,113.53,100,113.58,200,113.6,100,113.63,100,113.67,200,113.68,100,113.69,500,113.7,300,113.71,500
2026-01-16 09:35:37,113.435,113.46,1,113.39,200,113.48,100,113.48,113.39,113.39,200,113.35,200,113.34,100,113.29,800,113.27,100,113.26,500,113.24,100,113.23,200,113.18,200,113.16,300,113.48,100,113.53,100,113.58,200,113.6,100,113.63,100,113.67,200,113.68,100,113.69,500,113.7,300,113.71,500
2026-01-16 09:35:38,113.435,113.46,1,113.39,200,113.48,100,113.48,113.39,113.39,200,113.35,200,113.34,100,113.29,800,113.27,100,113.26,500,113.24,100,113.23,200,113.18,200,113.16,300,113.48,100,113.53,100,113.58,200,113.6,100,113.63,100,113.67,200,113.68,100,113.69,500,113.7,300,113.71,500
2026-01-16 09:35:39,113.435,113.46,1,113.39,200,113.48,100,113.48,113.39,113.39,200,113.35,200,113.34,100,113.29,800,113.27,100,113.26,500,113.24,100,113.23,200,113.18,200,113.16,300,113.48,100,113.53,100,113.58,200,113.6,100,113.63,100,113.67,200,113.68,100,113.69,500,113.7,300,113.71,500
2026-01-16 09:35:40,113.435,113.44,1,113.39,200,113.48,200,113.48,113.39,113.39,200,113.35,200,113.34,100,113.29,800,113.27,100,113.26,500,113.24,100,113.23,200,113.18,200,113.16,300,113.48,200,113.53,100,113.58,200,113.6,100,113.63,100,113.67,200,113.68,100,113.69,500,113.7,300,113.71,500
2026-01-16 09:35:41,113.435,113.44,1,113.39,200,113.48,200,113.48,113.39,113.39,200,113.35,200,113.34,100,113.29,800,113.27,100,113.26,500,113.24,100,113.23,200,113.18,200,113.16,300,113.48,200,113.53,100,113.58,200,113.6,100,113.63,100,113.67,200,113.68,100,113.69,500,113.7,300,113.71,500
2026-01-16 09:35:42,113.435,113.44,1,113.39,200,113.48,200,113.48,113.39,113.39,200,113.35,200,113.34,100,113.29,800,113.27,100,113.26,500,113.24,100,113.23,200,113.18,200,113.16,300,113.48,200,113.53,100,113.58,200,113.6,100,113.63,100,113.67,200,113.68,100,113.69,500,113.7,300,113.71,500
2026-01-16 09:35:43,113.435,113.44,1,113.39,200,113.48,400,113.48,113.39,113.39,200,113.35,200,113.34,100,113.29,800,113.27,100,113.26,500,113.24,100,113.23,200,113.18,200,113.16,300,113.48,400,113.53,100,113.58,200,113.6,100,113.63,100,113.67,200,113.68,100,113.69,500,113.7,300,113.71,500
2026-01-16 09:35:44,113.435,113.44,1,113.39,200,113.48,400,113.48,113.39,113.39,200,113.35,200,113.34,100,113.29,800,113.27,100,113.26,500,113.24,100,113.23,200,113.18,200,113.16,300,113.48,400,113.53,100,113.58,200,113.6,100,113.63,100,113.67,200,113.68,100,113.69,500,113.7,300,113.71,500
2026-01-16 09:35:45,113.435,113.45,1,113.39,200,113.48,400,113.48,113.39,113.39,200,113.35,200,113.34,100,113.29,800,113.27,100,113.26,500,113.24,100,113.23,200,113.18,200,113.16,300,113.48,400,113.53,100,113.58,200,113.6,100,113.63,100,113.67,200,113.68,100,113.69,500,113.7,300,113.71,500
2026-01-16 09:35:46,113.415,113.42,1,113.39,200,113.44,8100,113.44,113.39,113.39,200,113.35,200,113.34,100,113.29,800,113.27,100,113.26,500,113.24,100,113.23,200,113.18,200,113.16,300,113.44,8100,113.48,400,113.53,100,113.58,200,113.6,100,113.63,100,113.67,200,113.68,100,113.69,500,113.7,300
2026-01-16 09:35:47,113.4,113.36,1,113.36,200,113.44,8100,113.44,113.36,113.36,200,113.29,600,113.27,100,113.26,500,113.24,100,113.23,200,113.18,200,113.16,300,113.13,100,113.02,100,113.44,8100,113.48,400,113.53,100,113.58,200,113.6,100,113.63,100,113.67,200,113.68,100,113.69,500,113.7,300
2026-01-16 09:35:48,113.44,113.44,31,113.4,200,113.48,400,113.48,113.4,113.4,200,113.36,300,113.29,600,113.27,100,113.26,500,113.24,100,113.23,200,113.18,200,113.16,300,113.13,100,113.48,400,113.53,100,113.58,200,113.6,100,113.63,100,113.67,200,113.68,100,113.69,500,113.7,300,113.71,500
2026-01-16 09:35:49,113.44,113.44,31,113.4,400,113.48,400,113.48,113.4,113.4,400,113.36,300,113.29,600,113.27,100,113.26,500,113.24,100,113.23,200,113.18,200,113.16,300,113.13,100,113.48,400,113.53,100,113.58,200,113.6,100,113.63,100,113.67,200,113.68,100,113.69,500,113.7,300,113.71,500
2026-01-16 09:35:50,113.44,113.44,31,113.4,400,113.48,400,113.48,113.4,113.4,400,113.36,300,113.29,600,113.27,100,113.26,500,113.24,100,113.23,200,113.18,200,113.16,300,113.13,100,113.48,400,113.53,100,113.58,200,113.6,100,113.63,100,113.67,200,113.68,100,113.69,500,113.7,300,113.71,500
2026-01-16 09:35:51,113.44,113.48,3,113.4,400,113.48,400,113.48,113.4,113.4,400,113.36,300,113.29,600,113.27,100,113.26,500,113.24,100,113.23,200,113.18,200,113.16,300,113.13,100,113.48,400,113.53,100,113.58,200,113.6,100,113.63,100,113.67,200,113.68,100,113.69,500,113.7,300,113.71,500
2026-01-16 09:35:52,113.44,113.48,3,113.4,400,113.48,400,113.48,113.4,113.4,400,113.36,300,113.29,600,113.27,100,113.26,500,113.24,100,113.23,200,113.18,200,113.16,300,113.13,100,113.48,400,113.53,100,113.58,200,113.6,100,113.63,100,113.67,200,113.68,100,113.69,500,113.7,300,113.71,500
2026-01-16 09:35:53,113.44,113.48,3,113.4,300,113.48,400,113.48,113.4,113.4,300,113.36,300,113.29,600,113.27,100,113.26,500,113.24,100,113.23,200,113.18,200,113.16,300,113.13,100,113.48,400,113.53,100,113.58,200,113.6,100,113.63,100,113.67,200,113.68,100,113.69,500,113.7,300,113.71,500
2026-01-16 09:35:54,113.44,113.48,3,113.4,300,113.48,400,113.48,113.4,113.4,300,113.36,300,113.29,600,113.27,100,113.26,500,113.24,100,113.23,200,113.18,200,113.16,300,113.13,100,113.48,400,113.53,100,113.58,200,113.6,100,113.63,100,113.67,200,113.68,100,113.69,500,113.7,300,113.71,500
2026-01-16 09:35:55,113.44,113.48,3,113.4,300,113.48,400,113.48,113.4,113.4,300,113.36,300,113.29,600,113.27,100,113.26,500,113.24,100,113.23,200,113.18,200,113.16,300,113.13,100,113.48,400,113.53,100,113.58,200,113.6,100,113.63,100,113.67,200,113.68,100,113.69,500,113.7,300,113.71,500
2026-01-16 09:35:56,113.435,113.48,3,113.4,300,113.47,100,113.47,113.4,113.4,300,113.36,300,113.29,600,113.27,100,113.26,500,113.24,100,113.23,200,113.18,200,113.16,300,113.13,100,113.47,100,113.48,400,113.53,100,113.58,200,113.6,100,113.63,100,113.67,200,113.68,100,113.69,500,113.7,300
2026-01-16 09:35:57,113.435,113.48,3,113.4,300,113.47,200,113.47,113.4,113.4,300,113.36,300,113.29,600,113.27,100,113.26,500,113.24,100,113.23,200,113.18,200,113.16,300,113.13,100,113.47,200,113.48,400,113.53,100,113.58,200,113.6,100,113.63,100,113.67,200,113.68,100,113.69,500,113.7,300
2026-01-16 09:35:58,113.435,113.48,3,113.4,300,113.47,200,113.47,113.4,113.4,300,113.36,300,113.29,600,113.27,100,113.26,500,113.24,100,113.23,200,113.18,200,113.16,300,113.13,100,113.47,200,113.48,400,113.53,100,113.58,200,113.6,100,113.63,100,113.67,200,113.68,100,113.69,500,113.7,300
2026-01-16 09:35:59,113.435,113.47,4,113.4,300,113.47,200,113.47,113.4,113.4,300,113.36,300,113.29,600,113.27,100,113.26,500,113.24,100,113.23,200,113.18,200,113.16,300,113.13,100,113.47,200,113.48,400,113.53,100,113.58,200,113.6,100,113.63,100,113.67,200,113.68,100,113.69,500,113.7,300
2026-01-16 09:36:00,113.435,113.47,4,113.4,700,113.47,200,113.47,113.4,113.4,700,113.36,300,113.29,600,113.27,100,113.26,500,113.24,100,113.23,200,113.18,200,113.16,300,113.13,100,113.47,200,113.48,400,113.53,100,113.58,200,113.6,100,113.63,100,113.67,200,113.68,100,113.69,500,113.7,300
2026-01-16 09:36:01,113.435,113.47,4,113.4,700,113.47,200,113.47,113.4,113.4,700,113.36,300,113.29,600,113.27,100,113.26,500,113.24,100,113.23,200,113.18,200,113.16,300,113.13,100,113.47,200,113.48,400,113.53,100,113.58,200,113.6,100,113.63,100,113.67,200,113.68,100,113.69,500,113.7,300
2026-01-16 09:36:02,113.435,113.44,1,113.4,700,113.47,200,113.47,113.4,113.4,700,113.36,300,113.29,600,113.27,100,113.26,500,113.24,100,113.23,200,113.18,200,113.16,300,113.13,100,113.47,200,113.48,400,113.53,100,113.58,200,113.6,100,113.63,100,113.67,200,113.68,100,113.69,500,113.7,300
2026-01-16 09:36:03,113.435,113.44,1,113.4,700,113.47,200,113.47,113.4,113.4,700,113.36,300,113.29,600,113.27,100,113.26,500,113.24,100,113.23,200,113.18,200,113.16,300,113.13,100,113.47,200,113.48,400,113.53,100,113.58,200,113.6,100,113.63,100,113.67,200,113.68,100,113.69,500,113.7,300
2026-01-16 09:36:04,113.435,113.44,1,113.4,700,113.47,200,113.47,113.4,113.4,700,113.36,300,113.29,600,113.27,100,113.26,500,113.24,100,113.23,200,113.18,200,113.16,300,113.13,100,113.47,200,113.48,400,113.53,100,113.58,200,113.6,100,113.63,100,113.67,200,113.68,100,113.69,500,113.7,300
2026-01-16 09:36:05,113.435,113.44,1,113.4,700,113.47,200,113.47,113.4,113.4,700,113.36,300,113.29,600,113.27,100,113.26,500,113.24,100,113.23,200,113.18,200,113.16,300,113.13,100,113.47,200,113.48,400,113.53,100,113.58,200,113.6,100,113.63,100,113.67,200,113.68,100,113.69,500,113.7,300
2026-01-16 09:36:06,113.435,113.44,1,113.4,700,113.47,200,113.47,113.4,113.4,700,113.36,300,113.29,600,113.27,100,113.26,500,113.24,100,113.23,200,113.18,200,113.16,300,113.13,100,113.47,200,113.48,400,113.53,100,113.58,200,113.6,100,113.63,100,113.67,200,113.68,100,113.69,500,113.7,300
2026-01-16 09:36:07,113.495,113.47,1,113.41,200,113.58,400,113.58,113.41,113.41,200,113.4,700,113.36,300,113.29,600,113.27,100,113.26,500,113.24,100,113.23,200,113.18,200,113.16,300,113.58,400,113.6,100,113.63,100,113.67,200,113.68,100,113.69,500,113.7,300,113.71,500,113.72,500,113.75,500
2026-01-16 09:36:08,113.495,113.47,1,113.41,200,113.58,400,113.58,113.41,113.41,200,113.4,700,113.36,300,113.29,600,113.27,100,113.26,500,113.24,100,113.23,200,113.18,200,113.16,300,113.58,400,113.6,100,113.63,100,113.67,200,113.68,100,113.69,500,113.7,300,113.71,500,113.72,500,113.75,500
2026-01-16 09:36:09,113.495,113.47,1,113.41,200,113.58,400,113.58,113.41,113.41,200,113.4,700,113.36,300,113.29,600,113.27,100,113.26,500,113.24,100,113.23,200,113.18,200,113.16,300,113.58,400,113.6,100,113.63,100,113.67,200,113.68,100,113.69,500,113.7,300,113.71,500,113.72,500,113.75,500
2026-01-16 09:36:10,113.495,113.47,1,113.41,400,113.58,400,113.58,113.41,113.41,400,113.4,700,113.36,300,113.29,600,113.27,100,113.26,500,113.24,100,113.23,200,113.18,200,113.16,300,113.58,400,113.6,100,113.63,100,113.67,200,113.68,100,113.69,500,113.7,300,113.71,500,113.72,500,113.75,500
2026-01-16 09:36:11,113.49,113.47,1,113.41,400,113.57,300,113.57,113.41,113.41,400,113.4,700,113.36,300,113.29,600,113.27,100,113.26,500,113.24,100,113.23,200,113.18,200,113.16,300,113.57,300,113.58,400,113.6,100,113.63,100,113.67,200,113.68,100,113.69,500,113.7,300,113.71,500,113.72,500
2026-01-16 09:36:12,113.49,113.47,1,113.41,400,113.57,200,113.57,113.41,113.41,400,113.4,700,113.36,300,113.29,600,113.27,100,113.26,500,113.24,100,113.23,200,113.18,200,113.16,300,113.57,200,113.58,400,113.6,100,113.63,100,113.67,200,113.68,100,113.69,500,113.7,300,113.71,500,113.72,500
2026-01-16 09:36:13,113.49,113.47,1,113.41,400,113.57,300,113.57,113.41,113.41,400,113.4,700,113.36,300,113.29,600,113.27,100,113.26,500,113.24,100,113.23,200,113.18,200,113.16,300,113.57,300,113.58,400,113.6,100,113.63,100,113.67,200,113.68,100,113.69,500,113.7,300,113.71,500,113.72,500
2026-01-16 09:36:14,113.49,113.47,1,113.41,400,113.57,300,113.57,113.41,113.41,400,113.4,700,113.36,300,113.29,600,113.27,100,113.26,500,113.24,100,113.23,200,113.18,200,113.16,300,113.57,300,113.58,400,113.6,100,113.63,100,113.67,200,113.68,100,113.69,500,113.7,300,113.71,500,113.72,500
2026-01-16 09:36:15,113.49,113.47,1,113.41,400,113.57,300,113.57,113.41,113.41,400,113.4,700,113.36,300,113.29,600,113.27,100,113.26,500,113.24,100,113.23,200,113.18,200,113.16,300,113.57,300,113.58,400,113.6,100,113.63,100,113.67,200,113.68,100,113.69,500,113.7,300,113.71,500,113.72,500
2026-01-16 09:36:16,113.49,113.47,1,113.41,400,113.57,300,113.57,113.41,113.41,400,113.4,700,113.36,300,113.29,600,113.27,100,113.26,500,113.24,100,113.23,200,113.18,200,113.16,300,113.57,300,113.58,400,113.6,100,113.63,100,113.67,200,113.68,100,113.69,500,113.7,300,113.71,500,113.72,500
2026-01-16 09:36:17,113.49,113.47,1,113.41,400,113.57,300,113.57,113.41,113.41,400,113.4,700,113.36,300,113.29,600,113.27,100,113.26,500,113.24,100,113.23,200,113.18,200,113.16,300,113.57,300,113.58,400,113.6,100,113.63,100,113.67,200,113.68,100,113.69,500,113.7,300,113.71,500,113.72,500
2026-01-16 09:36:18,113.49,113.45,1,113.41,500,113.57,500,113.57,113.41,113.41,500,113.4,700,113.36,300,113.29,600,113.27,100,113.26,500,113.24,100,113.23,200,113.18,200,113.16,300,113.57,500,113.58,400,113.6,100,113.63,100,113.67,200,113.68,100,113.69,500,113.7,300,113.71,500,113.72,500
2026-01-16 09:36:19,113.49,113.45,1,113.41,500,113.57,500,113.57,113.41,113.41,500,113.4,700,113.36,300,113.29,600,113.27,100,113.26,500,113.24,100,113.23,200,113.18,200,113.16,300,113.57,500,113.58,400,113.6,100,113.63,100,113.67,200,113.68,100,113.69,500,113.7,300,113.71,500,113.72,500
2026-01-16 09:36:20,113.49,113.45,1,113.41,500,113.57,500,113.57,113.41,113.41,500,113.4,700,113.36,300,113.29,600,113.27,100,113.26,500,113.24,100,113.23,200,113.18,200,113.16,300,113.57,500,113.58,400,113.6,100,113.63,100,113.67,200,113.68,100,113.69,500,113.7,300,113.71,500,113.72,500
2026-01-16 09:36:21,113.49,113.45,1,113.41,500,113.57,500,113.57,113.41,113.41,500,113.4,700,113.36,300,113.29,600,113.27,100,113.26,500,113.24,100,113.23,200,113.18,200,113.16,300,113.57,500,113.58,400,113.6,100,113.63,100,113.67,200,113.68,100,113.69,500,113.7,300,113.71,500,113.72,500
2026-01-16 09:36:22,113.355,113.35,2,113.3,400,113.41,400,113.41,113.3,113.3,400,113.29,600,113.27,100,113.26,500,113.24,100,113.23,200,113.18,200,113.16,300,113.13,100,113.02,100,113.41,400,113.45,100,113.47,100,113.48,100,113.49,300,113.52,200,113.56,100,113.57,600,113.58,400,113.6,100
2026-01-16 09:36:23,113.355,113.35,2,113.3,400,113.41,300,113.41,113.3,113.3,400,113.29,600,113.27,100,113.26,500,113.24,100,113.23,200,113.18,200,113.16,300,113.13,100,113.02,100,113.41,300,113.45,100,113.47,100,113.48,100,113.49,300,113.52,200,113.56,100,113.57,600,113.58,400,113.6,100
2026-01-16 09:36:25,113.355,113.35,2,113.3,400,113.41,300,113.41,113.3,113.3,400,113.29,600,113.27,100,113.26,500,113.24,100,113.23,200,113.18,200,113.16,300,113.13,100,113.02,100,113.41,300,113.45,100,113.47,100,113.48,100,113.49,300,113.52,200,113.56,100,113.57,600,113.58,400,113.6,100
2026-01-16 09:36:26,113.355,113.35,2,113.3,400,113.41,300,113.41,113.3,113.3,400,113.29,600,113.27,100,113.26,500,113.24,100,113.23,200,113.18,200,113.16,300,113.13,100,113.02,100,113.41,300,113.45,100,113.47,100,113.48,100,113.49,300,113.52,200,113.56,100,113.57,600,113.58,400,113.6,100
2026-01-16 09:36:27,113.355,113.36,4,113.3,400,113.41,300,113.41,113.3,113.3,400,113.29,600,113.27,100,113.26,500,113.24,100,113.23,200,113.18,200,113.16,300,113.13,100,113.02,100,113.41,300,113.45,100,113.47,100,113.48,100,113.49,300,113.52,200,113.56,100,113.57,600,113.58,400,113.6,100
2026-01-16 09:36:28,113.355,113.36,4,113.3,400,113.41,300,113.41,113.3,113.3,400,113.29,600,113.27,100,113.26,500,113.24,100,113.23,200,113.18,200,113.16,300,113.13,100,113.02,100,113.41,300,113.45,100,113.47,100,113.48,100,113.49,300,113.52,200,113.56,100,113.57,600,113.58,400,113.6,100
2026-01-16 09:36:29,113.355,113.36,4,113.3,400,113.41,300,113.41,113.3,113.3,400,113.29,600,113.27,100,113.26,500,113.24,100,113.23,200,113.18,200,113.16,300,113.13,100,113.02,100,113.41,300,113.45,100,113.47,100,113.48,100,113.49,300,113.52,200,113.56,100,113.57,600,113.58,400,113.6,100
2026-01-16 09:36:30,113.355,113.36,4,113.3,400,113.41,300,113.41,113.3,113.3,400,113.29,600,113.27,100,113.26,500,113.24,100,113.23,200,113.18,200,113.16,300,113.13,100,113.02,100,113.41,300,113.45,100,113.47,100,113.48,100,113.49,300,113.52,200,113.56,100,113.57,600,113.58,400,113.6,100
2026-01-16 09:36:31,113.355,113.36,4,113.3,400,113.41,500,113.41,113.3,113.3,400,113.29,600,113.27,100,113.26,500,113.24,100,113.23,200,113.18,200,113.16,300,113.13,100,113.02,100,113.41,500,113.45,100,113.47,100,113.48,100,113.49,300,113.52,200,113.56,100,113.57,600,113.58,400,113.6,100
2026-01-16 09:36:32,113.355,113.36,4,113.3,400,113.41,500,113.41,113.3,113.3,400,113.29,600,113.27,100,113.26,500,113.24,100,113.23,200,113.18,200,113.16,300,113.13,100,113.02,100,113.41,500,113.45,100,113.47,100,113.48,100,113.49,300,113.52,200,113.56,100,113.57,600,113.58,400,113.6,100
2026-01-16 09:36:33,113.355,113.36,4,113.3,400,113.41,500,113.41,113.3,113.3,400,113.29,600,113.27,100,113.26,500,113.24,100,113.23,200,113.18,200,113.16,300,113.13,100,113.02,100,113.41,500,113.45,100,113.47,100,113.48,100,113.49,300,113.52,200,113.56,100,113.57,600,113.58,400,113.6,100
2026-01-16 09:36:34,113.35,113.36,4,113.3,400,113.4,300,113.4,113.3,113.3,400,113.29,600,113.27,100,113.26,500,113.24,100,113.23,200,113.18,200,113.16,300,113.13,100,113.02,100,113.4,300,113.41,500,113.45,100,113.47,100,113.48,100,113.49,300,113.52,200,113.56,100,113.57,600,113.58,400
2026-01-16 09:36:35,113.295,113.27,1,113.21,400,113.38,100,113.38,113.21,113.21,400,113.2,100,113.18,200,113.16,300,113.13,100,113.02,100,113.01,600,,,,,,,113.38,100,113.39,200,113.4,300,113.41,500,113.45,100,113.47,100,113.48,100,113.49,300,113.52,200,113.56,100
2026-01-16 09:36:36,113.2,113.2,1,113.14,700,113.26,200,113.26,113.14,113.14,700,113.13,200,113.02,100,113.01,600,,,,,,,,,,,,,113.26,200,113.3,200,113.31,400,113.34,200,113.37,100,113.38,100,113.39,200,113.4,300,113.41,500,113.45,100
2026-01-16 09:36:37,113.175,113.2,1,113.14,700,113.21,100,113.21,113.14,113.14,700,113.13,200,113.02,100,113.01,600,,,,,,,,,,,,,113.21,100,113.26,200,113.3,200,113.31,400,113.34,200,113.37,100,113.38,100,113.39,200,113.4,300,113.41,500
2026-01-16 09:36:38,113.175,113.2,1,113.14,700,113.21,100,113.21,113.14,113.14,700,113.13,200,113.02,100,113.01,600,,,,,,,,,,,,,113.21,100,113.26,200,113.3,200,113.31,400,113.34,200,113.37,100,113.38,100,113.39,200,113.4,300,113.41,500
2026-01-16 09:36:39,113.175,113.2,1,113.14,700,113.21,100,113.21,113.14,113.14,700,113.13,200,113.02,100,113.01,600,,,,,,,,,,,,,113.21,100,113.26,200,113.3,200,113.31,400,113.34,200,113.37,100,113.38,100,113.39,200,113.4,300,113.41,500
2026-01-16 09:36:40,113.215,113.25,2,113.14,800,113.29,100,113.29,113.14,113.14,800,113.13,200,113.02,100,113.01,600,,,,,,,,,,,,,113.29,100,113.3,100,113.33,100,113.34,100,113.37,100,113.38,100,113.39,200,113.4,300,113.41,500,113.45,100
2026-01-16 09:36:41,113.215,113.25,2,113.14,800,113.29,100,113.29,113.14,113.14,800,113.13,200,113.02,100,113.01,600,,,,,,,,,,,,,113.29,100,113.3,100,113.33,100,113.34,100,113.37,100,113.38,100,113.39,200,113.4,300,113.41,500,113.45,100
2026-01-16 09:36:42,113.195,113.25,2,113.14,800,113.25,100,113.25,113.14,113.14,800,113.13,200,113.02,100,113.01,600,,,,,,,,,,,,,113.25,100,113.26,100,113.27,100,113.28,100,113.29,100,113.3,100,113.33,100,113.34,100,113.37,100,113.38,100
2026-01-16 09:36:43,113.195,113.25,2,113.14,800,113.25,100,113.25,113.14,113.14,800,113.13,200,113.02,100,113.01,600,,,,,,,,,,,,,113.25,100,113.26,100,113.27,100,113.28,100,113.29,100,113.3,100,113.33,100,113.34,100,113.37,100,113.38,100
2026-01-16 09:36:44,113.19,113.25,2,113.14,800,113.24,100,113.24,113.14,113.14,800,113.13,200,113.02,100,113.01,600,,,,,,,,,,,,,113.24,100,113.25,100,113.26,100,113.27,100,113.28,100,113.29,100,113.3,100,113.33,100,113.34,100,113.37,100
2026-01-16 09:36:45,113.19,113.25,2,113.14,800,113.24,100,113.24,113.14,113.14,800,113.13,200,113.02,100,113.01,600,,,,,,,,,,,,,113.24,100,113.25,100,113.26,100,113.27,100,113.28,100,113.29,100,113.3,100,113.33,100,113.34,100,113.37,100
2026-01-16 09:36:46,113.19,113.25,2,113.14,800,113.24,100,113.24,113.14,113.14,800,113.13,200,113.02,100,113.01,600,,,,,,,,,,,,,113.24,100,113.25,100,113.26,100,113.27,100,113.28,100,113.29,100,113.3,100,113.33,100,113.34,100,113.37,100
2026-01-16 09:36:47,113.195,113.21,1,113.15,200,113.24,100,113.24,113.15,113.15,200,113.14,800,113.13,200,113.02,100,113.01,600,,,,,,,,,,,113.24,100,113.31,100,113.32,100,113.33,100,113.34,100,113.37,100,113.38,100,113.39,200,113.4,300,113.41,500
2026-01-16 09:36:48,113.195,113.24,5,113.15,200,113.24,100,113.24,113.15,113.15,200,113.14,800,113.13,200,113.02,100,113.01,600,,,,,,,,,,,113.24,100,113.31,100,113.32,100,113.33,100,113.34,100,113.37,100,113.38,100,113.39,200,113.4,300,113.41,500
2026-01-16 09:36:49,113.195,113.24,5,113.15,200,113.24,100,113.24,113.15,113.15,200,113.14,800,113.13,200,113.02,100,113.01,600,,,,,,,,,,,113.24,100,113.32,200,113.33,100,113.34,100,113.37,100,113.38,100,113.39,200,113.4,300,113.41,500,113.45,100
2026-01-16 09:36:50,113.195,113.24,5,113.15,200,113.24,100,113.24,113.15,113.15,200,113.14,800,113.13,200,113.02,100,113.01,600,,,,,,,,,,,113.24,100,113.32,200,113.33,100,113.34,100,113.37,100,113.38,100,113.39,200,113.4,300,113.41,500,113.45,100
2026-01-16 09:36:51,113.195,113.24,5,113.15,200,113.24,100,113.24,113.15,113.15,200,113.14,800,113.13,200,113.02,100,113.01,600,,,,,,,,,,,113.24,100,113.32,200,113.33,100,113.34,100,113.37,100,113.38,100,113.39,200,113.4,300,113.41,500,113.45,100
2026-01-16 09:36:52,113.195,113.24,3,113.15,200,113.24,100,113.24,113.15,113.15,200,113.14,800,113.13,200,113.02,100,113.01,600,,,,,,,,,,,113.24,100,113.32,200,113.33,100,113.34,100,113.37,100,113.38,100,113.39,200,113.4,300,113.41,500,113.45,100
2026-01-16 09:36:53,113.22,113.2,1,113.16,200,113.28,100,113.28,113.16,113.16,200,113.15,700,113.14,800,113.13,200,113.02,100,113.01,600,,,,,,,,,113.28,100,113.32,200,113.33,100,113.34,100,113.37,100,113.38,100,113.39,200,113.4,300,113.41,500,113.45,100
2026-01-16 09:36:54,113.22,113.2,1,113.16,200,113.28,100,113.28,113.16,113.16,200,113.15,700,113.14,800,113.13,200,113.02,100,113.01,600,,,,,,,,,113.28,100,113.32,200,113.33,100,113.34,100,113.37,100,113.38,100,113.39,200,113.4,300,113.41,500,113.45,100
2026-01-16 09:36:55,113.225,113.2,1,113.16,200,113.29,100,113.29,113.16,113.16,200,113.15,700,113.14,800,113.13,200,113.02,100,113.01,600,,,,,,,,,113.29,100,113.32,300,113.33,100,113.34,100,113.37,100,113.38,100,113.39,200,113.4,300,113.41,500,113.45,100
2026-01-16 09:36:56,113.225,113.2,1,113.16,200,113.29,100,113.29,113.16,113.16,200,113.15,700,113.14,800,113.13,200,113.02,100,113.01,600,,,,,,,,,113.29,100,113.32,300,113.33,100,113.34,100,113.37,100,113.38,100,113.39,200,113.4,300,113.41,500,113.45,100
2026-01-16 09:36:57,113.225,113.2,1,113.16,200,113.29,100,113.29,113.16,113.16,200,113.15,700,113.14,800,113.13,200,113.02,100,113.01,600,,,,,,,,,113.29,100,113.32,300,113.33,100,113.34,100,113.37,100,113.38,100,113.39,200,113.4,300,113.41,500,113.45,100
2026-01-16 09:36:58,113.225,113.2,1,113.16,200,113.29,100,113.29,113.16,113.16,200,113.15,700,113.14,800,113.13,200,113.02,100,113.01,600,,,,,,,,,113.29,100,113.32,300,113.33,100,113.34,100,113.37,100,113.38,100,113.39,200,113.4,300,113.41,500,113.45,100
2026-01-16 09:36:59,113.225,113.2,1,113.16,200,113.29,100,113.29,113.16,113.16,200,113.15,700,113.14,800,113.13,200,113.02,100,113.01,600,,,,,,,,,113.29,100,113.32,300,113.33,100,113.34,100,113.37,100,113.38,100,113.39,200,113.4,300,113.41,500,113.45,100
2026-01-16 09:37:00,113.225,113.21,10,113.16,400,113.29,100,113.29,113.16,113.16,400,113.15,700,113.14,800,113.13,200,113.02,100,113.01,600,,,,,,,,,113.29,100,113.32,300,113.33,100,113.34,100,113.37,100,113.38,100,113.39,200,113.4,300,113.41,500,113.45,100
2026-01-16 09:37:01,113.225,113.21,10,113.16,400,113.29,100,113.29,113.16,113.16,400,113.15,700,113.14,800,113.13,200,113.02,100,113.01,600,,,,,,,,,113.29,100,113.32,300,113.33,100,113.34,100,113.37,100,113.38,100,113.39,200,113.4,300,113.41,500,113.45,100
2026-01-16 09:37:02,113.225,113.21,10,113.16,400,113.29,100,113.29,113.16,113.16,400,113.15,700,113.14,800,113.13,200,113.02,100,113.01,600,,,,,,,,,113.29,100,113.32,300,113.33,100,113.34,100,113.37,100,113.38,100,113.39,200,113.4,300,113.41,500,113.45,100
2026-01-16 09:37:03,113.275,113.23,19,113.21,200,113.34,200,113.34,113.21,113.21,200,113.19,100,113.18,100,113.16,500,113.15,700,113.14,800,113.13,200,113.02,100,113.01,600,,,113.34,200,113.37,100,113.38,100,113.39,200,113.4,300,113.41,500,113.45,100,113.47,100,113.48,100,113.49,300
2026-01-16 09:37:04,113.245,113.42,2,113.21,200,113.28,100,113.28,113.21,113.21,200,113.19,100,113.18,100,113.16,500,113.15,700,113.14,800,113.13,200,113.02,100,113.01,600,,,113.28,100,113.32,100,113.34,300,113.37,100,113.38,100,113.39,200,113.4,300,113.41,500,113.45,100,113.47,100
2026-01-16 09:37:05,113.245,113.42,2,113.21,200,113.28,100,113.28,113.21,113.21,200,113.19,100,113.18,100,113.16,500,113.15,700,113.14,800,113.13,200,113.02,100,113.01,600,,,113.28,100,113.32,100,113.34,300,113.37,100,113.38,100,113.39,200,113.4,300,113.41,500,113.45,100,113.47,100
2026-01-16 09:37:06,113.22,113.21,1,113.16,500,113.28,300,113.28,113.16,113.16,500,113.15,700,113.14,800,113.13,200,113.02,100,113.01,600,,,,,,,,,113.28,300,113.32,100,113.34,300,113.37,100,113.38,100,113.39,200,113.4,300,113.41,500,113.45,100,113.47,100
2026-01-16 09:37:07,113.19,113.21,1,113.16,400,113.22,100,113.22,113.16,113.16,400,113.15,700,113.14,800,113.13,200,113.02,100,113.01,600,,,,,,,,,113.22,100,113.28,300,113.32,100,113.34,300,113.37,100,113.38,100,113.39,200,113.4,300,113.41,500,113.45,100
2026-01-16 09:37:08,113.19,113.21,1,113.16,400,113.22,200,113.22,113.16,113.16,400,113.15,700,113.14,800,113.13,200,113.02,100,113.01,600,,,,,,,,,113.22,200,113.28,300,113.32,100,113.34,300,113.37,100,113.38,100,113.39,200,113.4,300,113.41,500,113.45,100
2026-01-16 09:37:09,113.19,113.21,1,113.16,400,113.22,200,113.22,113.16,113.16,400,113.15,700,113.14,800,113.13,200,113.02,100,113.01,600,,,,,,,,,113.22,200,113.28,300,113.32,100,113.34,300,113.37,100,113.38,100,113.39,200,113.4,300,113.41,500,113.45,100
