sim_time,mid_price,last_price,last_size,best_bid_price,best_bid_size,best_ask_price,best_ask_size,close_price_buy,close_price_sell,bid1_price,bid1_size,bid2_price,bid2_size,bid3_price,bid3_size,bid4_price,bid4_size,bid5_price,bid5_size,bid6_price,bid6_size,bid7_price,bid7_size,bid8_price,bid8_size,bid9_price,bid9_size,bid10_price,bid10_size,ask1_price,ask1_size,ask2_price,ask2_size,ask3_price,ask3_size,ask4_price,ask4_size,ask5_price,ask5_size,ask6_price,ask6_size,ask7_price,ask7_size,ask8_price,ask8_size,ask9_price,ask9_size,ask10_price,ask10_size
2026-01-16 09:30:36,973.465,973.53,1,972.0,240,974.93,640,974.93,972.0,972.0,240,971.54,40,970.51,40,970.5,160,,,,,,,,,,,,,974.93,640,976.0,880,976.83,1080,976.88,520,976.89,80,978.43,80,978.45,400,979.02,40,979.03,400,979.62,1520
2026-01-16 09:30:37,973.465,972.74,1,972.0,240,974.93,640,974.93,972.0,972.0,240,971.54,40,970.51,40,970.5,160,,,,,,,,,,,,,974.93,640,976.0,880,976.83,1080,976.88,520,976.89,80,978.43,80,978.45,400,979.02,40,979.03,400,979.62,1520
2026-01-16 09:30:38,973.465,972.74,1,972.0,240,974.93,640,974.93,972.0,972.0,240,971.54,40,970.51,40,970.5,160,,,,,,,,,,,,,974.93,640,976.0,880,976.83,1080,976.88,520,976.89,80,978.43,80,978.45,400,979.02,40,979.03,400,979.62,1520
2026-01-16 09:30:38,974.03,973.53,1,973.13,80,974.93,640,974.93,973.13,973.13,80,973.1,200,972.0,240,971.54,40,970.51,40,970.5,160,,,,,,,,,974.93,640,976.0,880,976.83,1080,976.88,520,976.89,80,978.43,80,978.45,400,979.02,40,979.03,400,979.62,1520
2026-01-16 09:30:39,974.03,973.53,1,973.13,80,974.93,640,974.93,973.13,973.13,80,973.1,200,972.0,240,971.54,40,970.51,40,970.5,160,,,,,,,,,974.93,640,976.0,880,976.83,1080,976.88,520,976.89,80,978.43,80,978.45,400,979.02,40,979.03,400,979.62,1520
2026-01-16 09:30:39,974.03,973.53,1,973.13,80,974.93,1040,974.93,973.13,973.13,80,973.1,200,972.0,240,971.54,40,970.51,40,970.5,160,,,,,,,,,974.93,1040,976.0,880,976.83,1080,976.88,520,976.89,80,978.43,80,978.45,400,979.02,40,979.03,400,979.62,1520
2026-01-16 09:30:41,974.03,974.03,1,973.13,280,974.93,1240,974.93,973.13,973.13,280,973.1,200,972.0,240,971.54,40,970.51,40,970.5,160,,,,,,,,,974.93,1240,976.0,880,976.83,1080,976.88,520,976.89,80,978.43,80,978.45,400,979.02,40,979.03,400,979.62,1520
2026-01-16 09:30:43,974.03,974.03,1,973.13,200,974.93,1200,974.93,973.13,973.13,200,973.1,200,972.0,240,971.54,40,970.51,40,970.5,160,,,,,,,,,974.93,1200,976.0,880,976.83,1080,976.88,520,976.89,80,978.43,80,978.45,400,979.02,40,979.03,400,979.62,1520
2026-01-16 09:30:44,974.03,974.03,1,973.13,200,974.93,1200,974.93,973.13,973.13,200,973.1,200,972.0,240,971.54,40,970.51,40,970.5,160,,,,,,,,,974.93,1200,976.0,880,976.83,1080,976.88,520,976.89,80,978.43,80,978.45,400,979.02,40,979.03,400,979.62,1520
2026-01-16 09:30:45,974.03,974.03,1,973.13,200,974.93,1200,974.93,973.13,973.13,200,973.1,200,972.0,240,971.54,40,970.51,40,970.5,160,,,,,,,,,974.93,1200,976.0,880,976.83,1080,976.88,520,976.89,80,978.43,80,978.45,400,979.02,40,979.03,400,979.62,1520
2026-01-16 09:30:46,974.03,974.03,1,973.13,240,974.93,1200,974.93,973.13,973.13,240,973.1,200,972.0,240,971.54,40,970.51,40,970.5,160,,,,,,,,,974.93,1200,976.0,880,976.83,1080,976.88,520,976.89,80,978.43,80,978.45,400,979.02,40,979.03,400,979.62,1520
2026-01-16 09:30:47,974.03,974.03,1,973.13,240,974.93,1200,974.93,973.13,973.13,240,973.1,200,972.0,240,971.54,40,970.51,40,970.5,160,,,,,,,,,974.93,1200,976.0,880,976.83,1080,976.88,520,976.89,80,978.43,80,978.45,400,979.02,40,979.03,400,979.62,1520
2026-01-16 09:30:48,974.03,974.03,1,973.13,240,974.93,1200,974.93,973.13,973.13,240,973.1,200,972.0,240,971.54,40,970.51,40,970.5,160,,,,,,,,,974.93,1200,976.0,880,976.83,1080,976.88,520,976.89,80,978.43,80,978.45,400,979.02,40,979.03,400,979.62,1520
2026-01-16 09:30:49,974.03,974.03,1,973.13,240,974.93,1200,974.93,973.13,973.13,240,973.1,200,972.0,240,971.54,40,970.51,40,970.5,160,,,,,,,,,974.93,1200,976.0,880,976.83,1080,976.88,520,976.89,80,978.43,80,978.45,400,979.02,40,979.03,400,979.62,1520
2026-01-16 09:30:50,974.03,974.03,2,973.13,240,974.93,1200,974.93,973.13,973.13,240,973.1,200,972.0,240,971.54,40,970.51,40,970.5,160,,,,,,,,,974.93,1200,976.0,880,976.83,1080,976.88,520,976.89,80,978.43,80,978.45,400,979.02,40,979.03,400,979.62,1520
2026-01-16 09:30:51,974.025,974.03,2,973.13,240,974.92,240,974.92,973.13,973.13,240,973.1,200,972.0,240,971.54,40,970.51,40,970.5,160,,,,,,,,,974.92,240,974.93,1200,976.0,880,976.83,1080,976.88,520,976.89,80,978.43,80,978.45,400,979.02,40,979.03,400
2026-01-16 09:30:52,974.025,974.03,2,973.13,280,974.92,240,974.92,973.13,973.13,280,973.1,200,972.0,240,971.54,40,970.51,40,970.5,160,,,,,,,,,974.92,240,974.93,1200,976.0,880,976.83,1080,976.88,520,976.89,80,978.43,80,978.45,400,979.02,40,979.03,400
2026-01-16 09:30:53,974.025,974.92,3,973.13,280,974.92,240,974.92,973.13,973.13,280,973.1,200,972.0,240,971.54,40,970.51,40,970.5,160,,,,,,,,,974.92,240,974.93,1200,976.0,880,976.83,1080,976.88,520,976.89,80,978.43,80,978.45,400,979.02,40,979.03,400
2026-01-16 09:30:54,974.025,974.92,3,973.13,280,974.92,240,974.92,973.13,973.13,280,973.1,200,972.0,240,971.54,40,970.51,40,970.5,160,,,,,,,,,974.92,240,974.93,1200,976.0,880,976.83,1080,976.88,520,976.89,80,978.43,80,978.45,400,979.02,40,979.03,400
2026-01-16 09:30:55,974.21,974.92,3,973.5,80,974.92,240,974.92,973.5,973.5,80,973.13,280,973.1,200,972.0,240,971.54,40,970.51,40,970.5,160,,,,,,,974.92,240,974.93,1200,976.0,880,976.83,1080,976.88,520,976.89,80,978.43,80,978.45,400,979.02,40,979.03,400
2026-01-16 09:30:56,975.105,974.93,1,974.21,40,976.0,880,976.0,974.21,974.21,40,973.51,40,973.5,80,973.13,280,973.1,200,972.0,240,971.54,40,970.51,40,970.5,160,,,976.0,880,976.83,1080,976.88,520,976.89,80,978.43,80,978.45,400,979.02,40,979.03,400,979.62,1520,979.98,40
2026-01-16 09:30:57,975.105,974.93,1,974.21,40,976.0,840,976.0,974.21,974.21,40,973.51,40,973.5,80,973.13,280,973.1,200,972.0,240,971.54,40,970.51,40,970.5,160,,,976.0,840,976.83,1080,976.88,520,976.89,80,978.43,80,978.45,400,979.02,40,979.03,400,979.62,1520,979.98,40
2026-01-16 09:30:58,974.27,974.93,1,973.5,80,975.04,160,975.04,973.5,973.5,80,973.13,280,973.1,200,972.0,240,971.54,40,970.51,40,970.5,160,,,,,,,975.04,160,975.53,120,975.86,40,976.0,840,976.83,1080,976.88,520,976.89,80,978.43,80,978.45,400,979.02,40
2026-01-16 09:30:59,973.135,973.58,1,972.0,240,974.27,240,974.27,972.0,972.0,240,971.54,40,970.51,40,970.5,160,,,,,,,,,,,,,974.27,240,974.68,120,975.03,40,975.04,160,975.53,120,975.86,40,976.0,840,976.83,1080,976.88,520,976.89,80
2026-01-16 09:31:00,973.135,973.58,1,972.0,240,974.27,240,974.27,972.0,972.0,240,971.54,40,970.51,40,970.5,160,,,,,,,,,,,,,974.27,240,974.68,120,975.03,40,975.04,160,975.53,120,975.86,40,976.0,840,976.83,1080,976.88,520,976.89,80
2026-01-16 09:31:01,973.135,974.27,1,972.0,240,974.27,240,974.27,972.0,972.0,240,971.54,40,970.51,40,970.5,160,,,,,,,,,,,,,974.27,240,974.68,120,975.03,40,975.04,160,975.53,120,975.86,40,976.0,840,976.83,1080,976.88,520,976.89,80
2026-01-16 09:31:02,973.95,974.27,1,972.0,240,975.9,40,975.9,972.0,972.0,240,971.54,40,970.51,40,970.5,160,,,,,,,,,,,,,975.9,40,976.0,840,976.83,1080,976.88,520,976.89,80,978.43,80,978.45,400,979.02,40,979.03,400,979.62,1520
2026-01-16 09:31:03,973.95,974.27,1,972.0,280,975.9,40,975.9,972.0,972.0,280,971.54,40,970.51,40,970.5,160,,,,,,,,,,,,,975.9,40,976.0,840,976.83,1080,976.88,520,976.89,80,978.43,80,978.45,400,979.02,40,979.03,400,979.62,1520
2026-01-16 09:31:04,974.67,974.27,1,973.44,40,975.9,40,975.9,973.44,973.44,40,972.25,40,972.0,280,971.54,40,970.51,40,970.5,160,,,,,,,,,975.9,40,976.0,840,976.83,1080,976.88,520,976.89,80,978.43,80,978.45,400,979.02,40,979.03,400,979.62,1520
2026-01-16 09:31:05,974.67,973.5,2,973.44,80,975.9,240,975.9,973.44,973.44,80,972.25,40,972.0,280,971.54,40,970.51,40,970.5,160,,,,,,,,,975.9,240,976.0,840,976.83,1080,976.88,520,976.89,80,978.43,80,978.45,400,979.02,40,979.03,400,979.62,1520
2026-01-16 09:31:06,974.67,973.5,2,973.44,160,975.9,200,975.9,973.44,973.44,160,972.25,40,972.0,280,971.54,40,970.51,40,970.5,160,,,,,,,,,975.9,200,976.0,840,976.83,1080,976.88,520,976.89,80,978.43,80,978.45,400,979.02,40,979.03,400,979.62,1520
2026-01-16 09:31:07,974.67,973.44,1,973.44,160,975.9,200,975.9,973.44,973.44,160,972.25,40,972.0,280,971.54,40,970.51,40,970.5,160,,,,,,,,,975.9,200,976.0,840,976.83,1080,976.88,520,976.89,80,978.43,80,978.45,400,979.02,40,979.03,400,979.62,1520
2026-01-16 09:31:08,974.62,973.44,1,973.44,160,975.8,40,975.8,973.44,973.44,160,972.25,40,972.0,280,971.54,40,970.51,40,970.5,160,,,,,,,,,975.8,40,975.9,200,976.0,840,976.83,1080,976.88,520,976.89,80,978.43,80,978.45,400,979.02,40,979.03,400
2026-01-16 09:31:09,974.62,973.44,1,973.44,160,975.8,40,975.8,973.44,973.44,160,972.25,40,972.0,280,971.54,40,970.51,40,970.5,160,,,,,,,,,975.8,40,975.9,200,976.0,840,976.83,1080,976.88,520,976.89,80,978.43,80,978.45,400,979.02,40,979.03,400
2026-01-16 09:31:10,974.62,973.44,1,973.44,160,975.8,40,975.8,973.44,973.44,160,972.25,40,972.0,280,971.54,40,970.51,40,970.5,160,,,,,,,,,975.8,40,975.9,200,976.0,840,976.83,1080,976.88,520,976.89,80,978.43,80,978.45,400,979.02,40,979.03,400
2026-01-16 09:31:11,974.62,973.44,1,973.44,200,975.8,40,975.8,973.44,973.44,200,972.25,40,972.0,280,971.54,40,970.51,40,970.5,160,,,,,,,,,975.8,40,975.9,200,976.0,840,976.83,1080,976.88,520,976.89,80,978.43,80,978.45,400,979.02,40,979.03,400
2026-01-16 09:31:12,974.62,973.44,1,973.44,200,975.8,80,975.8,973.44,973.44,200,972.25,40,972.0,280,971.54,40,970.51,40,970.5,160,,,,,,,,,975.8,80,975.9,200,976.0,840,976.83,1080,976.88,520,976.89,80,978.43,80,978.45,400,979.02,40,979.03,400
2026-01-16 09:31:13,974.62,973.44,1,973.44,200,975.8,80,975.8,973.44,973.44,200,972.25,40,972.0,280,971.54,40,970.51,40,970.5,160,,,,,,,,,975.8,80,975.9,200,976.0,840,976.83,1080,976.88,520,976.89,80,978.43,80,978.45,400,979.02,40,979.03,400
2026-01-16 09:31:14,974.62,973.44,1,973.44,200,975.8,80,975.8,973.44,973.44,200,972.25,40,972.0,280,971.54,40,970.51,40,970.5,160,,,,,,,,,975.8,80,975.9,200,976.0,840,976.83,1080,976.88,520,976.89,80,978.43,80,978.45,400,979.02,40,979.03,400
2026-01-16 09:31:15,974.275,973.44,1,973.44,240,975.11,160,975.11,973.44,973.44,240,972.25,40,972.0,280,971.54,40,970.51,40,970.5,160,,,,,,,,,975.11,160,975.8,80,975.9,200,976.0,840,976.83,1080,976.88,520,976.89,80,978.43,80,978.45,400,979.02,40
2026-01-16 09:31:16,974.275,973.44,1,973.44,200,975.11,120,975.11,973.44,973.44,200,972.25,40,972.0,280,971.54,40,970.51,40,970.5,160,,,,,,,,,975.11,120,975.8,80,975.9,200,976.0,840,976.83,1080,976.88,520,976.89,80,978.43,80,978.45,400,979.02,40
2026-01-16 09:31:17,974.275,973.44,3,973.44,200,975.11,160,975.11,973.44,973.44,200,972.25,40,972.0,280,971.54,40,970.51,40,970.5,160,,,,,,,,,975.11,160,975.8,80,975.9,200,976.0,840,976.83,1080,976.88,520,976.89,80,978.43,80,978.45,400,979.02,40
2026-01-16 09:31:18,974.275,974.98,1,973.44,200,975.11,160,975.11,973.44,973.44,200,972.25,40,972.0,280,971.54,40,970.51,40,970.5,160,,,,,,,,,975.11,160,975.8,80,975.9,200,976.0,840,976.83,1080,976.88,520,976.89,80,978.43,80,978.45,400,979.02,40
2026-01-16 09:31:19,974.275,974.98,1,973.44,200,975.11,160,975.11,973.44,973.44,200,972.25,40,972.0,280,971.54,40,970.51,40,970.5,160,,,,,,,,,975.11,160,975.8,80,975.9,200,976.0,840,976.83,1080,976.88,520,976.89,80,978.43,80,978.45,400,979.02,40
2026-01-16 09:31:20,974.22,974.98,1,973.44,200,975.0,40,975.0,973.44,973.44,200,972.25,40,972.0,280,971.54,40,970.51,40,970.5,160,,,,,,,,,975.0,40,975.11,120,975.8,80,975.9,200,976.0,840,976.83,1080,976.88,520,976.89,80,978.43,80,978.45,400
2026-01-16 09:31:21,974.22,974.98,1,973.44,200,975.0,40,975.0,973.44,973.44,200,972.25,40,972.0,280,971.54,40,970.51,40,970.5,160,,,,,,,,,975.0,40,975.11,120,975.8,80,975.9,200,976.0,840,976.83,1080,976.88,520,976.89,80,978.43,80,978.45,400
2026-01-16 09:31:22,974.22,974.98,1,973.44,200,975.0,40,975.0,973.44,973.44,200,972.25,40,972.0,280,971.54,40,970.51,40,970.5,160,,,,,,,,,975.0,40,975.11,120,975.8,80,975.9,200,976.0,840,976.83,1080,976.88,520,976.89,80,978.43,80,978.45,400
2026-01-16 09:31:23,974.22,974.98,1,973.44,200,975.0,40,975.0,973.44,973.44,200,972.25,40,972.0,280,971.54,40,970.51,40,970.5,160,,,,,,,,,975.0,40,975.11,120,975.8,80,975.9,200,976.0,840,976.83,1080,976.88,520,976.89,80,978.43,80,978.45,400
2026-01-16 09:31:24,975.205,974.61,1,975.1,40,975.31,40,975.31,975.1,975.1,40,974.85,40,974.23,40,974.22,240,973.44,200,972.25,40,972.0,280,971.54,40,970.51,40,970.5,160,975.31,40,975.62,40,975.8,80,975.9,200,976.0,840,976.83,1080,976.88,520,976.89,80,978.43,80,978.45,400
2026-01-16 09:31:25,975.78,976.83,1,973.86,160,977.7,40,977.7,973.86,973.86,160,973.44,280,972.25,40,972.0,280,971.54,40,970.51,40,970.5,160,,,,,,,977.7,40,977.78,160,978.43,80,978.45,400,979.02,40,979.03,400,979.62,1520,979.98,40,979.99,160,980.29,240
2026-01-16 09:31:26,975.78,976.83,1,973.86,200,977.7,40,977.7,973.86,973.86,200,973.44,280,972.25,40,972.0,280,971.54,40,970.51,40,970.5,160,,,,,,,977.7,40,977.78,160,978.43,80,978.45,400,979.02,40,979.03,400,979.62,1520,979.98,40,979.99,160,980.29,240
2026-01-16 09:31:27,975.78,975.78,1,973.86,360,977.7,40,977.7,973.86,973.86,360,973.44,280,972.25,40,972.0,280,971.54,40,970.51,40,970.5,160,,,,,,,977.7,40,977.78,160,978.43,80,978.45,400,979.02,40,979.03,400,979.62,1520,979.98,40,979.99,160,980.29,240
2026-01-16 09:31:28,975.78,975.78,1,973.86,360,977.7,40,977.7,973.86,973.86,360,973.44,280,972.25,40,972.0,280,971.54,40,970.51,40,970.5,160,,,,,,,977.7,40,977.78,160,978.43,80,978.45,400,979.02,40,979.03,400,979.62,1520,979.98,40,979.99,160,980.29,240
2026-01-16 09:31:29,975.78,975.78,1,973.86,360,977.7,40,977.7,973.86,973.86,360,973.44,280,972.25,40,972.0,280,971.54,40,970.51,40,970.5,160,,,,,,,977.7,40,977.78,160,978.43,80,978.45,400,979.02,40,979.03,400,979.62,1520,979.98,40,979.99,160,980.29,240
2026-01-16 09:31:30,975.78,975.78,1,973.86,360,977.7,40,977.7,973.86,973.86,360,973.44,280,972.25,40,972.0,280,971.54,40,970.51,40,970.5,160,,,,,,,977.7,40,977.78,160,978.43,80,978.45,400,979.02,40,979.03,400,979.62,1520,979.98,40,979.99,160,980.29,240
2026-01-16 09:31:31,975.78,977.7,1,973.86,360,977.7,40,977.7,973.86,973.86,360,973.44,280,972.25,40,972.0,280,971.54,40,970.51,40,970.5,160,,,,,,,977.7,40,977.78,160,978.43,80,978.45,400,979.02,40,979.03,400,979.62,1520,979.98,40,979.99,160,980.29,240
2026-01-16 09:31:32,975.78,977.7,1,973.86,360,977.7,40,977.7,973.86,973.86,360,973.44,280,972.25,40,972.0,280,971.54,40,970.51,40,970.5,160,,,,,,,977.7,40,977.78,160,978.43,80,978.45,400,979.02,40,979.03,400,979.62,1520,979.98,40,979.99,160,980.29,240
2026-01-16 09:31:33,975.78,977.7,1,973.86,360,977.7,40,977.7,973.86,973.86,360,973.44,280,972.25,40,972.0,280,971.54,40,970.51,40,970.5,160,,,,,,,977.7,40,977.78,160,978.43,80,978.45,400,979.02,40,979.03,400,979.62,1520,979.98,40,979.99,160,980.29,240
2026-01-16 09:31:34,976.82,977.85,1,974.64,80,979.0,80,979.0,974.64,974.64,80,973.86,400,973.44,280,972.25,40,972.0,280,971.54,40,970.51,40,970.5,160,,,,,979.0,80,979.02,40,979.03,400,979.62,1520,979.98,40,979.99,160,980.29,240,980.49,80,981.0,280,,
2026-01-16 09:31:35,978.905,979.62,3,977.65,80,980.16,200,980.16,977.65,977.65,80,977.64,320,974.68,120,974.64,80,973.86,400,973.44,280,972.25,40,972.0,280,971.54,40,970.51,40,980.16,200,980.5,40,981.0,280,,,,,,,,,,,,,,
2026-01-16 09:31:36,978.935,979.62,3,977.67,40,980.2,200,980.2,977.67,977.67,40,977.65,160,977.64,320,974.68,120,974.64,80,973.86,400,973.44,280,972.25,40,972.0,280,971.54,40,980.2,200,980.25,80,981.0,360,,,,,,,,,,,,,,
2026-01-16 09:31:37,980.0,981.0,1,979.09,40,980.91,200,980.91,979.09,979.09,40,978.54,80,978.53,40,977.7,40,977.69,40,977.68,240,977.67,120,977.65,160,977.64,320,974.68,120,980.91,200,981.36,40,,,,,,,,,,,,,,,,
2026-01-16 09:31:38,981.29,982.0,1,978.92,440,983.66,80,983.66,978.92,978.92,440,978.58,40,978.55,80,978.54,40,978.53,40,977.7,40,977.69,40,977.68,240,977.67,120,977.65,160,983.66,80,983.7,40,,,,,,,,,,,,,,,,
2026-01-16 09:31:39,981.575,982.0,1,979.49,40,983.66,80,983.66,979.49,979.49,40,979.48,360,978.92,520,978.58,40,978.55,80,978.54,40,978.53,40,977.7,40,977.69,40,977.68,240,983.66,80,983.7,40,,,,,,,,,,,,,,,,
2026-01-16 09:31:40,981.58,982.0,1,979.5,40,983.66,80,983.66,979.5,979.5,40,979.49,200,979.48,360,978.92,520,978.58,40,978.55,80,978.54,40,978.53,40,977.7,40,977.69,40,983.66,80,983.7,40,,,,,,,,,,,,,,,,
2026-01-16 09:31:41,982.675,982.0,1,981.6,320,983.75,80,983.75,981.6,981.6,320,979.51,80,979.49,240,979.48,360,978.92,520,978.58,40,978.55,80,978.54,40,978.53,40,977.7,40,983.75,80,984.0,40,984.7,120,,,,,,,,,,,,,,
2026-01-16 09:31:42,982.675,982.0,1,981.6,400,983.75,80,983.75,981.6,981.6,400,979.51,80,979.49,240,979.48,360,978.92,520,978.58,40,978.55,80,978.54,40,978.53,40,977.7,40,983.75,80,984.0,40,984.7,120,,,,,,,,,,,,,,
2026-01-16 09:31:43,982.675,982.0,1,981.6,360,983.75,80,983.75,981.6,981.6,360,979.51,80,979.49,240,979.48,360,978.92,520,978.58,40,978.55,80,978.54,40,978.53,40,977.7,40,983.75,80,984.0,40,984.7,120,,,,,,,,,,,,,,
2026-01-16 09:31:44,982.675,982.68,1,981.6,760,983.75,80,983.75,981.6,981.6,760,979.51,80,979.49,240,979.48,360,978.92,520,978.58,40,978.55,80,978.54,40,978.53,40,977.7,40,983.75,80,984.0,40,984.7,120,,,,,,,,,,,,,,
2026-01-16 09:31:45,982.685,983.65,1,981.62,160,983.75,80,983.75,981.62,981.62,160,981.6,760,979.51,80,979.49,240,979.48,360,978.92,520,978.58,40,978.55,80,978.54,40,978.53,40,983.75,80,984.0,40,984.7,120,,,,,,,,,,,,,,
2026-01-16 09:31:46,982.685,983.65,1,981.62,320,983.75,80,983.75,981.62,981.62,320,981.6,760,979.51,80,979.49,240,979.48,360,978.92,520,978.58,40,978.55,80,978.54,40,978.53,40,983.75,80,984.0,40,984.7,120,,,,,,,,,,,,,,
2026-01-16 09:31:47,982.685,982.68,1,981.62,800,983.75,160,983.75,981.62,981.62,800,981.6,760,979.51,80,979.49,240,979.48,360,978.92,520,978.58,40,978.55,80,978.54,40,978.53,40,983.75,160,984.0,40,984.7,120,,,,,,,,,,,,,,
2026-01-16 09:31:48,982.685,982.68,1,981.62,800,983.75,160,983.75,981.62,981.62,800,981.6,760,979.51,80,979.49,240,979.48,360,978.92,520,978.58,40,978.55,80,978.54,40,978.53,40,983.75,160,984.0,40,984.7,120,,,,,,,,,,,,,,
2026-01-16 09:31:49,982.685,982.68,1,981.62,800,983.75,160,983.75,981.62,981.62,800,981.6,760,979.51,80,979.49,240,979.48,360,978.92,520,978.58,40,978.55,80,978.54,40,978.53,40,983.75,160,984.0,40,984.7,120,,,,,,,,,,,,,,
2026-01-16 09:31:50,982.94,982.68,2,982.13,480,983.75,160,983.75,982.13,982.13,480,981.63,40,981.62,800,981.6,760,979.51,80,979.49,240,979.48,360,978.92,520,978.58,40,978.55,80,983.75,160,984.0,40,984.7,120,,,,,,,,,,,,,,
2026-01-16 09:31:51,983.535,983.75,1,983.32,120,983.75,160,983.75,983.32,983.32,120,982.9,40,982.89,280,982.14,40,982.13,480,981.63,40,981.62,800,981.6,760,979.51,80,979.49,240,983.75,160,984.0,40,984.7,120,,,,,,,,,,,,,,
2026-01-16 09:31:52,984.015,983.75,1,983.33,560,984.7,80,984.7,983.33,983.33,560,983.32,480,982.9,40,982.89,280,982.14,40,982.13,480,981.63,40,981.62,800,981.6,760,979.51,80,984.7,80,,,,,,,,,,,,,,,,,,
2026-01-16 09:31:53,984.015,984.02,1,983.33,560,984.7,80,984.7,983.33,983.33,560,983.32,480,982.9,40,982.89,280,982.14,40,982.13,480,981.63,40,981.62,800,981.6,760,979.51,80,984.7,80,,,,,,,,,,,,,,,,,,
2026-01-16 09:31:54,984.015,984.02,1,983.33,560,984.7,80,984.7,983.33,983.33,560,983.32,480,982.9,40,982.89,280,982.14,40,982.13,480,981.63,40,981.62,800,981.6,760,979.51,80,984.7,80,,,,,,,,,,,,,,,,,,
2026-01-16 09:31:55,982.73,984.02,2,982.13,560,983.33,80,983.33,982.13,982.13,560,981.63,40,981.62,800,981.6,760,979.51,80,979.49,240,979.48,360,978.92,520,978.58,40,978.55,80,983.33,80,983.34,400,984.69,40,984.7,80,,,,,,,,,,,,
2026-01-16 09:31:56,982.73,982.13,1,982.13,600,983.33,80,983.33,982.13,982.13,600,981.63,40,981.62,800,981.6,760,979.51,80,979.49,240,979.48,360,978.92,520,978.58,40,978.55,80,983.33,80,983.34,400,984.69,40,984.7,80,,,,,,,,,,,,
2026-01-16 09:31:57,981.49,982.13,1,979.65,160,983.33,360,983.33,979.65,979.65,160,978.48,40,978.3,40,977.7,40,977.69,40,977.68,240,977.67,120,977.65,160,977.64,320,974.68,120,983.33,360,983.34,400,984.69,40,984.7,80,,,,,,,,,,,,
2026-01-16 09:31:58,981.49,982.13,1,979.65,80,983.33,360,983.33,979.65,979.65,80,978.48,40,978.3,40,977.7,40,977.69,40,977.68,240,977.67,120,977.65,160,977.64,320,974.68,120,983.33,360,983.34,400,984.69,40,984.7,80,,,,,,,,,,,,
2026-01-16 09:31:59,980.825,982.13,1,979.65,80,982.0,280,982.0,979.65,979.65,80,978.48,40,978.3,40,977.7,40,977.69,40,977.68,240,977.67,120,977.65,160,977.64,320,974.68,120,982.0,280,983.33,360,983.34,400,984.69,40,984.7,80,,,,,,,,,,
2026-01-16 09:32:00,981.44,982.13,1,980.88,120,982.0,240,982.0,980.88,980.88,120,979.65,80,978.48,40,978.3,40,977.7,40,977.69,40,977.68,240,977.67,120,977.65,160,977.64,320,982.0,240,983.33,360,983.34,400,984.69,40,984.7,80,,,,,,,,,,
2026-01-16 09:32:01,981.825,982.13,1,981.65,80,982.0,240,982.0,981.65,981.65,80,981.35,40,980.88,80,979.65,80,978.48,40,978.3,40,977.7,40,977.69,40,977.68,240,977.67,120,982.0,240,983.33,360,983.34,400,984.69,40,984.7,80,,,,,,,,,,
2026-01-16 09:32:02,980.8,980.2,1,979.6,80,982.0,200,982.0,979.6,979.6,80,978.42,40,978.3,40,977.7,40,977.69,40,977.68,240,977.67,120,977.65,160,977.64,320,974.68,120,982.0,200,983.33,360,983.34,400,984.69,40,984.7,80,,,,,,,,,,
2026-01-16 09:32:03,980.83,980.2,1,979.66,40,982.0,200,982.0,979.66,979.66,40,979.6,280,978.42,40,978.3,40,977.7,40,977.69,40,977.68,240,977.67,120,977.65,160,977.64,320,982.0,200,983.33,360,983.34,400,984.69,40,984.7,80,,,,,,,,,,
2026-01-16 09:32:04,980.66,980.2,1,979.67,40,981.65,80,981.65,979.67,979.67,40,979.66,120,979.6,280,978.42,40,978.3,40,977.7,40,977.69,40,977.68,240,977.67,120,977.65,160,981.65,80,982.0,200,983.33,360,983.34,400,984.69,40,984.7,80,,,,,,,,
2026-01-16 09:32:05,980.66,980.2,1,979.67,160,981.65,80,981.65,979.67,979.67,160,979.66,120,979.6,280,978.42,40,978.3,40,977.7,40,977.69,40,977.68,240,977.67,120,977.65,160,981.65,80,982.0,200,983.33,360,983.34,400,984.69,40,984.7,80,,,,,,,,
2026-01-16 09:32:06,981.18,980.2,1,980.36,40,982.0,200,982.0,980.36,980.36,40,980.04,160,979.67,240,979.66,120,979.6,280,978.42,40,978.3,40,977.7,40,977.69,40,977.68,240,982.0,200,983.33,360,983.34,400,984.69,40,984.7,80,,,,,,,,,,
2026-01-16 09:32:07,981.02,980.2,1,980.04,120,982.0,200,982.0,980.04,980.04,120,979.67,240,979.66,120,979.6,280,978.42,40,978.3,40,977.7,40,977.69,40,977.68,240,977.67,120,982.0,200,983.33,360,983.34,400,984.69,40,984.7,80,,,,,,,,,,
2026-01-16 09:32:08,981.18,980.2,1,980.36,40,982.0,200,982.0,980.36,980.36,40,980.04,120,979.67,240,979.66,120,979.6,280,978.42,40,978.3,40,977.7,40,977.69,40,977.68,240,982.0,200,983.33,360,983.34,400,984.69,40,984.7,80,,,,,,,,,,
2026-01-16 09:32:09,981.605,980.2,1,981.21,280,982.0,200,982.0,981.21,981.21,280,980.36,40,980.04,120,979.67,240,979.66,120,979.6,280,978.42,40,978.3,40,977.7,40,977.69,40,982.0,200,983.33,360,983.34,400,984.69,40,984.7,80,,,,,,,,,,
2026-01-16 09:32:10,981.605,980.2,1,981.21,280,982.0,200,982.0,981.21,981.21,280,980.36,40,980.04,120,979.67,240,979.66,120,979.6,280,978.42,40,978.3,40,977.7,40,977.69,40,982.0,200,983.33,360,983.34,400,984.69,40,984.7,80,,,,,,,,,,
2026-01-16 09:32:11,980.835,981.21,3,979.67,40,982.0,280,982.0,979.67,979.67,40,979.66,160,979.6,280,978.42,40,978.3,40,977.7,40,977.69,40,977.68,240,977.67,120,977.65,160,982.0,280,983.33,360,983.34,400,984.69,40,984.7,80,,,,,,,,,,
2026-01-16 09:32:12,980.835,981.21,3,979.67,40,982.0,280,982.0,979.67,979.67,40,979.66,160,979.6,280,978.42,40,978.3,40,977.7,40,977.69,40,977.68,240,977.67,120,977.65,160,982.0,280,983.33,360,983.34,400,984.69,40,984.7,80,,,,,,,,,,
2026-01-16 09:32:13,980.83,981.21,3,979.67,80,981.99,80,981.99,979.67,979.67,80,979.66,160,979.6,280,978.42,40,978.3,40,977.7,40,977.69,40,977.68,240,977.67,120,977.65,160,981.99,80,982.0,320,983.33,360,983.34,400,984.69,40,984.7,80,,,,,,,,
2026-01-16 09:32:14,980.83,981.21,3,979.67,80,981.99,80,981.99,979.67,979.67,80,979.66,160,979.6,280,978.42,40,978.3,40,977.7,40,977.69,40,977.68,240,977.67,120,977.65,160,981.99,80,982.0,320,983.33,360,983.34,400,984.69,40,984.7,80,,,,,,,,
2026-01-16 09:32:15,980.83,981.21,3,979.67,80,981.99,80,981.99,979.67,979.67,80,979.66,160,979.6,280,978.42,40,978.3,40,977.7,40,977.69,40,977.68,240,977.67,120,977.65,160,981.99,80,982.0,320,983.33,360,983.34,400,984.69,40,984.7,80,,,,,,,,
2026-01-16 09:32:16,980.83,981.21,3,979.67,80,981.99,80,981.99,979.67,979.67,80,979.66,160,979.6,280,978.42,40,978.3,40,977.7,40,977.69,40,977.68,240,977.67,120,977.65,160,981.99,80,982.0,320,983.33,360,983.34,400,984.69,40,984.7,80,,,,,,,,
2026-01-16 09:32:17,980.83,981.21,3,979.67,80,981.99,80,981.99,979.67,979.67,80,979.66,160,979.6,280,978.42,40,978.3,40,977.7,40,977.69,40,977.68,240,977.67,120,977.65,160,981.99,80,982.0,320,983.33,360,983.34,400,984.69,40,984.7,80,,,,,,,,
2026-01-16 09:32:18,980.845,981.99,1,979.69,80,982.0,280,982.0,979.69,979.69,80,979.67,80,979.66,160,979.6,280,978.42,40,978.3,40,977.7,40,977.69,40,977.68,240,977.67,120,982.0,280,983.33,360,983.34,400,984.69,40,984.7,80,,,,,,,,,,
2026-01-16 09:32:19,980.845,982.0,1,979.69,80,982.0,280,982.0,979.69,979.69,80,979.67,80,979.66,160,979.6,280,978.42,40,978.3,40,977.7,40,977.69,40,977.68,240,977.67,120,982.0,280,983.33,360,983.34,400,984.69,40,984.7,80,,,,,,,,,,
2026-01-16 09:32:20,980.845,980.85,1,979.69,80,982.0,280,982.0,979.69,979.69,80,979.67,80,979.66,160,979.6,280,978.42,40,978.3,40,977.7,40,977.69,40,977.68,240,977.67,120,982.0,280,983.33,360,983.34,400,984.69,40,984.7,80,,,,,,,,,,
2026-01-16 09:32:21,980.845,980.85,1,979.69,80,982.0,280,982.0,979.69,979.69,80,979.67,80,979.66,160,979.6,280,978.42,40,978.3,40,977.7,40,977.69,40,977.68,240,977.67,120,982.0,280,983.33,360,983.34,400,984.69,40,984.7,80,,,,,,,,,,
2026-01-16 09:32:22,979.845,980.85,1,977.69,80,982.0,200,982.0,977.69,977.69,80,977.39,40,974.68,120,974.64,80,973.86,400,973.44,280,972.25,40,972.0,280,971.54,40,970.51,40,982.0,200,983.33,360,983.34,400,984.69,40,984.7,80,,,,,,,,,,
2026-01-16 09:32:24,979.845,980.85,1,977.69,80,982.0,280,982.0,977.69,977.69,80,977.39,40,974.68,120,974.64,80,973.86,400,973.44,280,972.25,40,972.0,280,971.54,40,970.51,40,982.0,280,983.33,360,983.34,400,984.69,40,984.7,80,,,,,,,,,,
2026-01-16 09:32:25,980.025,980.85,1,978.05,80,982.0,280,982.0,978.05,978.05,80,977.69,80,977.39,40,974.68,120,974.64,80,973.86,400,973.44,280,972.25,40,972.0,280,971.54,40,982.0,280,983.33,360,983.34,400,984.69,40,984.7,80,,,,,,,,,,
2026-01-16 09:32:26,980.025,980.85,1,978.05,80,982.0,280,982.0,978.05,978.05,80,977.69,80,977.39,40,974.68,120,974.64,80,973.86,400,973.44,280,972.25,40,972.0,280,971.54,40,982.0,280,983.33,360,983.34,400,984.69,40,984.7,80,,,,,,,,,,
2026-01-16 09:32:26,980.225,982.0,2,978.45,40,982.0,440,982.0,978.45,978.45,40,978.05,80,977.69,80,977.39,40,974.68,120,974.64,80,973.86,400,973.44,280,972.25,40,972.0,280,982.0,440,983.33,360,983.34,400,984.69,40,984.7,80,,,,,,,,,,
2026-01-16 09:32:27,980.225,982.0,2,978.45,40,982.0,400,982.0,978.45,978.45,40,978.05,80,977.69,80,977.39,40,974.68,120,974.64,80,973.86,400,973.44,280,972.25,40,972.0,280,982.0,400,983.33,360,983.34,400,984.69,40,984.7,80,,,,,,,,,,
2026-01-16 09:32:29,980.065,982.0,2,978.45,200,981.68,40,981.68,978.45,978.45,200,978.05,80,977.69,80,977.39,40,974.68,120,974.64,80,973.86,400,973.44,280,972.25,40,972.0,280,981.68,40,982.0,400,983.33,360,983.34,400,984.69,40,984.7,80,,,,,,,,
2026-01-16 09:32:30,980.06,982.0,2,978.45,200,981.67,80,981.67,978.45,978.45,200,978.05,80,977.69,80,977.39,40,974.68,120,974.64,80,973.86,400,973.44,280,972.25,40,972.0,280,981.67,80,981.68,40,982.0,400,983.33,360,983.34,400,984.69,40,984.7,80,,,,,,
2026-01-16 09:32:30,980.04,981.67,1,978.45,200,981.63,40,981.63,978.45,978.45,200,978.05,80,977.69,80,977.39,40,974.68,120,974.64,80,973.86,400,973.44,280,972.25,40,972.0,280,981.63,40,981.64,40,981.66,40,981.67,80,981.68,40,982.0,400,983.33,360,983.34,400,984.69,40,984.7,80
2026-01-16 09:32:31,980.05,981.67,1,978.49,40,981.61,40,981.61,978.49,978.49,40,978.45,200,978.05,80,977.69,80,977.39,40,974.68,120,974.64,80,973.86,400,973.44,280,972.25,40,981.61,40,981.62,40,981.63,40,981.64,40,981.66,40,981.67,80,981.68,40,982.0,400,983.33,360,983.34,400
2026-01-16 09:32:33,980.065,981.67,1,978.55,40,981.58,40,981.58,978.55,978.55,40,978.49,40,978.45,200,978.05,80,977.69,80,977.39,40,974.68,120,974.64,80,973.86,400,973.44,280,981.58,40,981.59,120,981.6,40,981.61,120,981.62,40,981.63,40,981.64,40,981.66,40,981.67,80,981.68,40
2026-01-16 09:32:33,979.515,981.67,1,978.49,80,980.54,40,980.54,978.49,978.49,80,978.45,200,978.05,80,977.69,80,977.39,40,974.68,120,974.64,80,973.86,400,973.44,280,972.25,40,980.54,40,981.61,120,981.62,40,981.63,40,981.64,40,981.66,40,981.67,80,981.68,40,982.0,400,983.33,360
2026-01-16 09:32:35,979.5,981.67,1,978.49,440,980.51,40,980.51,978.49,978.49,440,978.45,200,978.05,80,977.69,80,977.39,40,974.68,120,974.64,80,973.86,400,973.44,280,972.25,40,980.51,40,980.52,40,980.53,40,980.54,40,981.61,120,981.62,40,981.63,40,981.64,40,981.66,40,981.67,80
2026-01-16 09:32:36,979.485,978.49,5,978.49,440,980.48,40,980.48,978.49,978.49,440,978.45,200,978.05,80,977.69,80,977.39,40,974.68,120,974.64,80,973.86,400,973.44,280,972.25,40,980.48,40,980.49,40,980.5,40,980.51,40,980.52,40,980.53,40,980.54,40,981.61,120,981.62,40,981.63,40
2026-01-16 09:32:36,979.475,979.48,1,978.49,440,980.46,40,980.46,978.49,978.49,440,978.45,200,978.05,80,977.69,80,977.39,40,974.68,120,974.64,80,973.86,400,973.44,280,972.25,40,980.46,40,980.47,40,980.48,40,980.49,40,980.5,40,980.51,40,980.52,40,980.53,40,980.54,40,981.61,120
2026-01-16 09:32:37,979.5,979.48,1,978.55,40,980.45,40,980.45,978.55,978.55,40,978.49,720,978.45,200,978.05,80,977.69,80,977.39,40,974.68,120,974.64,80,973.86,400,973.44,280,980.45,40,980.46,200,980.47,40,980.48,40,980.49,40,980.5,40,980.51,40,980.52,40,980.53,40,980.54,40
2026-01-16 09:32:39,979.5,979.48,1,978.55,40,980.45,40,980.45,978.55,978.55,40,978.49,720,978.45,200,978.05,80,977.69,80,977.39,40,974.68,120,974.64,80,973.86,400,973.44,280,980.45,40,980.46,200,980.47,40,980.48,40,980.49,40,980.5,40,980.51,40,980.52,40,980.53,40,980.54,40
2026-01-16 09:32:40,979.5,979.48,1,978.55,40,980.45,40,980.45,978.55,978.55,40,978.49,720,978.45,200,978.05,80,977.69,80,977.39,40,974.68,120,974.64,80,973.86,400,973.44,280,980.45,40,980.46,200,980.47,40,980.48,40,980.49,40,980.5,40,980.51,40,980.52,40,980.53,40,980.54,40
2026-01-16 09:32:41,979.4,979.48,1,978.49,720,980.31,120,980.31,978.49,978.49,720,978.45,200,978.05,80,977.69,80,977.39,40,974.68,120,974.64,80,973.86,400,973.44,280,972.25,40,980.31,120,980.32,40,980.33,40,980.45,40,980.46,200,980.47,40,980.48,40,980.49,40,980.5,40,980.51,40
2026-01-16 09:32:42,979.395,979.48,1,978.49,720,980.3,40,980.3,978.49,978.49,720,978.45,200,978.05,80,977.69,80,977.39,40,974.68,120,974.64,80,973.86,400,973.44,280,972.25,40,980.3,40,980.31,120,980.32,40,980.33,40,980.45,40,980.46,200,980.47,40,980.48,40,980.49,40,980.5,40
2026-01-16 09:32:43,978.045,978.49,2,977.0,80,979.09,40,979.09,977.0,977.0,80,976.38,40,974.68,120,974.64,80,973.86,400,973.44,280,972.25,40,972.0,280,971.54,40,970.51,40,979.09,40,979.4,80,980.3,80,980.31,120,980.32,40,980.33,40,980.45,40,980.46,200,980.47,40,980.48,40
2026-01-16 09:32:44,978.045,978.49,2,977.0,160,979.09,160,979.09,977.0,977.0,160,976.38,40,974.68,120,974.64,80,973.86,400,973.44,280,972.25,40,972.0,280,971.54,40,970.51,40,979.09,160,979.4,80,980.3,80,980.31,120,980.32,40,980.33,40,980.45,40,980.46,200,980.47,40,980.48,40
2026-01-16 09:32:45,978.545,978.49,2,978.0,40,979.09,160,979.09,978.0,978.0,40,977.0,160,976.38,40,974.68,120,974.64,80,973.86,400,973.44,280,972.25,40,972.0,280,971.54,40,979.09,160,979.4,80,980.3,80,980.31,120,980.32,40,980.33,40,980.45,40,980.46,200,980.47,40,980.48,40
2026-01-16 09:32:46,978.545,978.55,1,978.0,120,979.09,160,979.09,978.0,978.0,120,977.0,160,976.38,40,974.68,120,974.64,80,973.86,400,973.44,280,972.25,40,972.0,280,971.54,40,979.09,160,979.4,80,980.3,80,980.31,120,980.32,40,980.33,40,980.45,40,980.46,200,980.47,40,980.48,40
2026-01-16 09:32:47,978.49,978.64,1,977.0,160,979.98,40,979.98,977.0,977.0,160,976.38,40,974.68,120,974.64,80,973.86,400,973.44,280,972.25,40,972.0,280,971.54,40,970.51,40,979.98,40,980.3,120,980.31,120,980.32,40,980.33,40,980.45,40,980.46,200,980.47,40,980.48,40,980.49,40
2026-01-16 09:32:48,978.485,978.64,1,977.0,240,979.97,40,979.97,977.0,977.0,240,976.38,40,974.68,120,974.64,80,973.86,400,973.44,280,972.25,40,972.0,280,971.54,40,970.51,40,979.97,40,979.98,120,980.3,120,980.31,120,980.32,40,980.33,40,980.45,40,980.46,200,980.47,40,980.48,40
2026-01-16 09:32:48,978.485,978.64,1,977.0,240,979.97,200,979.97,977.0,977.0,240,976.38,40,974.68,120,974.64,80,973.86,400,973.44,280,972.25,40,972.0,280,971.54,40,970.51,40,979.97,200,979.98,120,980.3,120,980.31,120,980.32,40,980.33,40,980.45,40,980.46,200,980.47,40,980.48,40
2026-01-16 09:32:50,978.485,978.64,1,977.0,240,979.97,200,979.97,977.0,977.0,240,976.38,40,974.68,120,974.64,80,973.86,400,973.44,280,972.25,40,972.0,280,971.54,40,970.51,40,979.97,200,979.98,120,980.3,120,980.31,120,980.32,40,980.33,40,980.45,40,980.46,200,980.47,40,980.48,40
2026-01-16 09:32:51,978.975,978.64,1,978.0,120,979.95,40,979.95,978.0,978.0,120,977.0,240,976.38,40,974.68,120,974.64,80,973.86,400,973.44,280,972.25,40,972.0,280,971.54,40,979.95,40,979.97,200,979.98,120,980.3,120,980.31,120,980.32,40,980.33,40,980.45,40,980.46,200,980.47,40
2026-01-16 09:32:52,978.985,978.01,1,978.0,200,979.97,200,979.97,978.0,978.0,200,977.0,240,976.38,40,974.68,120,974.64,80,973.86,400,973.44,280,972.25,40,972.0,280,971.54,40,979.97,200,979.98,120,980.3,120,980.31,120,980.32,40,980.33,40,980.45,40,980.46,200,980.47,40,980.48,40
2026-01-16 09:32:52,978.985,978.01,1,978.0,240,979.97,200,979.97,978.0,978.0,240,977.0,240,976.38,40,974.68,120,974.64,80,973.86,400,973.44,280,972.25,40,972.0,280,971.54,40,979.97,200,979.98,120,980.3,120,980.31,120,980.32,40,980.33,40,980.45,40,980.46,200,980.47,40,980.48,40
2026-01-16 09:32:54,978.985,978.01,1,978.0,240,979.97,200,979.97,978.0,978.0,240,977.0,240,976.38,40,974.68,120,974.64,80,973.86,400,973.44,280,972.25,40,972.0,280,971.54,40,979.97,200,979.98,120,980.3,120,980.31,120,980.32,40,980.33,40,980.45,40,980.46,200,980.47,40,980.48,40
2026-01-16 09:32:55,978.985,978.01,1,978.0,240,979.97,200,979.97,978.0,978.0,240,977.0,240,976.38,40,974.68,120,974.64,80,973.86,400,973.44,280,972.25,40,972.0,280,971.54,40,979.97,200,979.98,120,980.3,120,980.31,120,980.32,40,980.33,40,980.45,40,980.46,200,980.47,40,980.48,40
2026-01-16 09:32:56,978.975,978.01,1,978.0,240,979.95,160,979.95,978.0,978.0,240,977.0,240,976.38,40,974.68,120,974.64,80,973.86,400,973.44,280,972.25,40,972.0,280,971.54,40,979.95,160,979.97,200,979.98,120,980.3,120,980.31,120,980.32,40,980.33,40,980.45,40,980.46,200,980.47,40
2026-01-16 09:32:57,978.975,978.01,1,978.0,240,979.95,160,979.95,978.0,978.0,240,977.0,240,976.38,40,974.68,120,974.64,80,973.86,400,973.44,280,972.25,40,972.0,280,971.54,40,979.95,160,979.97,200,979.98,120,980.3,120,980.31,120,980.32,40,980.33,40,980.45,40,980.46,200,980.47,40
2026-01-16 09:32:58,978.975,978.01,1,978.0,240,979.95,160,979.95,978.0,978.0,240,977.0,240,976.38,40,974.68,120,974.64,80,973.86,400,973.44,280,972.25,40,972.0,280,971.54,40,979.95,160,979.97,200,979.98,120,980.3,120,980.31,120,980.32,40,980.33,40,980.45,40,980.46,200,980.47,40
2026-01-16 09:32:59,978.11,978.01,1,977.0,200,979.22,160,979.22,977.0,977.0,200,976.38,40,974.68,120,974.64,80,973.86,400,973.44,280,972.25,40,972.0,280,971.54,40,970.51,40,979.22,160,979.95,160,979.97,200,979.98,120,980.3,120,980.31,120,980.32,40,980.33,40,980.45,40,980.46,200
2026-01-16 09:33:00,978.11,978.01,1,977.0,200,979.22,160,979.22,977.0,977.0,200,976.38,40,974.68,120,974.64,80,973.86,400,973.44,280,972.25,40,972.0,280,971.54,40,970.51,40,979.22,160,979.95,160,979.97,200,979.98,120,980.3,120,980.31,120,980.32,40,980.33,40,980.45,40,980.46,200
2026-01-16 09:33:01,978.51,978.01,1,977.8,80,979.22,160,979.22,977.8,977.8,80,977.0,200,976.38,40,974.68,120,974.64,80,973.86,400,973.44,280,972.25,40,972.0,280,971.54,40,979.22,160,979.95,160,979.97,200,979.98,120,980.3,120,980.31,120,980.32,40,980.33,40,980.45,40,980.46,200
2026-01-16 09:33:02,978.51,978.01,1,977.8,80,979.22,160,979.22,977.8,977.8,80,977.0,200,976.38,40,974.68,120,974.64,80,973.86,400,973.44,280,972.25,40,972.0,280,971.54,40,979.22,160,979.95,160,979.97,200,979.98,120,980.3,120,980.31,120,980.32,40,980.33,40,980.45,40,980.46,200
2026-01-16 09:33:03,978.14,978.01,1,977.8,80,978.48,360,978.48,977.8,977.8,80,977.0,200,976.38,40,974.68,120,974.64,80,973.86,400,973.44,280,972.25,40,972.0,280,971.54,40,978.48,360,979.22,160,979.95,160,979.97,200,979.98,120,980.3,120,980.31,120,980.32,40,980.33,40,980.45,40
2026-01-16 09:33:04,978.14,978.01,1,977.8,80,978.48,360,978.48,977.8,977.8,80,977.0,200,976.38,40,974.68,120,974.64,80,973.86,400,973.44,280,972.25,40,972.0,280,971.54,40,978.48,360,979.22,160,979.95,160,979.97,200,979.98,120,980.3,120,980.31,120,980.32,40,980.33,40,980.45,40
2026-01-16 09:33:05,977.74,978.01,1,977.0,360,978.48,440,978.48,977.0,977.0,360,976.38,40,974.68,120,974.64,80,973.86,400,973.44,280,972.25,40,972.0,280,971.54,40,970.51,40,978.48,440,979.22,160,979.95,160,979.97,200,979.98,120,980.3,120,980.31,120,980.32,40,980.33,40,980.45,40
2026-01-16 09:33:06,977.74,978.01,1,977.0,360,978.48,440,978.48,977.0,977.0,360,976.38,40,974.68,120,974.64,80,973.86,400,973.44,280,972.25,40,972.0,280,971.54,40,970.51,40,978.48,440,979.22,160,979.95,160,979.97,200,979.98,120,980.3,120,980.31,120,980.32,40,980.33,40,980.45,40
2026-01-16 09:33:07,977.445,978.01,1,976.41,80,978.48,520,978.48,976.41,976.41,80,976.4,40,975.47,80,974.32,160,973.86,400,973.44,280,972.25,40,972.0,280,971.54,40,970.51,40,978.48,520,979.22,160,979.95,160,979.97,200,979.98,120,980.3,120,980.31,120,980.32,40,980.33,40,980.45,40
2026-01-16 09:33:08,977.205,978.01,1,976.41,80,978.0,80,978.0,976.41,976.41,80,976.4,40,975.47,80,974.32,160,973.86,400,973.44,280,972.25,40,972.0,280,971.54,40,970.51,40,978.0,80,978.48,520,979.22,160,979.95,160,979.97,200,979.98,120,980.3,120,980.31,120,980.32,40,980.33,40
2026-01-16 09:33:09,977.205,978.01,1,976.41,80,978.0,80,978.0,976.41,976.41,80,976.4,40,975.47,80,974.32,160,973.86,400,973.44,280,972.25,40,972.0,280,971.54,40,970.51,40,978.0,80,978.48,520,979.22,160,979.95,160,979.97,200,979.98,120,980.3,120,980.31,120,980.32,40,980.33,40
2026-01-16 09:33:10,977.315,978.01,1,976.63,40,978.0,80,978.0,976.63,976.63,40,976.41,80,976.4,40,975.47,80,974.32,160,973.86,400,973.44,280,972.25,40,972.0,280,971.54,40,978.0,80,978.48,520,979.22,160,979.95,160,979.97,200,979.98,120,980.3,120,980.31,120,980.32,40,980.33,40
2026-01-16 09:33:11,977.135,978.01,1,976.41,80,977.86,40,977.86,976.41,976.41,80,976.4,40,975.47,80,974.32,160,973.86,400,973.44,280,972.25,40,972.0,280,971.54,40,970.51,40,977.86,40,977.87,40,978.0,80,978.48,520,979.22,160,979.95,160,979.97,200,979.98,120,980.3,120,980.31,120
2026-01-16 09:33:12,977.195,978.01,1,976.41,80,977.98,120,977.98,976.41,976.41,80,976.4,40,975.47,80,974.32,160,973.86,400,973.44,280,972.25,40,972.0,280,971.54,40,970.51,40,977.98,120,977.99,40,978.0,160,978.48,520,979.22,160,979.95,160,979.97,200,979.98,120,980.3,120,980.31,120
2026-01-16 09:33:13,977.19,978.01,1,976.41,80,977.97,40,977.97,976.41,976.41,80,976.4,40,975.47,80,974.32,160,973.86,400,973.44,280,972.25,40,972.0,280,971.54,40,970.51,40,977.97,40,977.98,120,977.99,40,978.0,160,978.48,520,979.22,160,979.95,160,979.97,200,979.98,120,980.3,120
2026-01-16 09:33:14,977.175,977.18,1,976.41,80,977.94,40,977.94,976.41,976.41,80,976.4,40,975.47,80,974.32,160,973.86,400,973.44,280,972.25,40,972.0,280,971.54,40,970.51,40,977.94,40,977.95,40,977.96,40,977.97,40,977.98,120,977.99,40,978.0,160,978.48,520,979.22,160,979.95,160
2026-01-16 09:33:15,977.155,977.18,1,976.41,80,977.9,40,977.9,976.41,976.41,80,976.4,40,975.47,80,974.32,160,973.86,400,973.44,280,972.25,40,972.0,280,971.54,40,970.51,40,977.9,40,977.91,40,977.92,40,977.93,40,977.94,40,977.95,40,977.96,40,977.97,40,977.98,120,977.99,40
2026-01-16 09:33:16,977.14,976.54,1,976.41,120,977.87,40,977.87,976.41,976.41,120,976.4,40,975.47,80,974.32,160,973.86,400,973.44,280,972.25,40,972.0,280,971.54,40,970.51,40,977.87,40,977.88,40,977.89,40,977.9,40,977.91,40,977.92,40,977.93,40,977.94,40,977.95,40,977.96,40
2026-01-16 09:33:17,977.135,976.54,1,976.41,160,977.86,40,977.86,976.41,976.41,160,976.4,40,975.47,80,974.32,160,973.86,400,973.44,280,972.25,40,972.0,280,971.54,40,970.51,40,977.86,40,977.87,40,977.88,40,977.89,40,977.9,40,977.91,40,977.92,40,977.93,40,977.94,40,977.95,40
2026-01-16 09:33:18,977.125,976.6,1,976.41,240,977.84,40,977.84,976.41,976.41,240,976.4,40,975.47,80,974.32,160,973.86,400,973.44,280,972.25,40,972.0,280,971.54,40,970.51,40,977.84,40,977.85,120,977.86,40,977.87,40,977.88,40,977.89,40,977.9,40,977.91,40,977.92,40,977.93,40
2026-01-16 09:33:19,977.22,976.6,1,976.6,40,977.84,40,977.84,976.6,976.6,40,976.41,240,976.4,40,975.47,80,974.32,160,973.86,400,973.44,280,972.25,40,972.0,280,971.54,40,977.84,40,977.85,120,977.86,40,977.87,40,977.88,40,977.89,40,977.9,40,977.91,40,977.92,40,977.93,40
2026-01-16 09:33:20,977.21,976.6,1,976.6,40,977.82,40,977.82,976.6,976.6,40,976.41,240,976.4,40,975.47,80,974.32,160,973.86,400,973.44,280,972.25,40,972.0,280,971.54,40,977.82,40,977.83,40,977.84,40,977.85,120,977.86,40,977.87,40,977.88,40,977.89,40,977.9,40,977.91,40
2026-01-16 09:33:21,977.21,976.6,1,976.6,40,977.82,80,977.82,976.6,976.6,40,976.41,240,976.4,40,975.47,80,974.32,160,973.86,400,973.44,280,972.25,40,972.0,280,971.54,40,977.82,80,977.83,40,977.84,40,977.85,120,977.86,40,977.87,40,977.88,40,977.89,40,977.9,40,977.91,40
2026-01-16 09:33:22,977.205,976.88,4,976.6,40,977.81,40,977.81,976.6,976.6,40,976.41,240,976.4,40,975.47,80,974.32,160,973.86,400,973.44,280,972.25,40,972.0,280,971.54,40,977.81,40,977.82,120,977.83,40,977.84,40,977.85,120,977.86,40,977.87,40,977.88,40,977.89,40,977.9,40
2026-01-16 09:33:23,977.21,976.88,4,976.6,120,977.82,120,977.82,976.6,976.6,120,976.41,240,976.4,40,975.47,80,974.32,160,973.86,400,973.44,280,972.25,40,972.0,280,971.54,40,977.82,120,977.83,40,977.84,40,977.85,120,977.86,40,977.87,40,977.88,40,977.89,40,977.9,40,977.91,40
2026-01-16 09:33:24,977.865,976.88,4,977.26,280,978.47,40,978.47,977.26,977.26,280,976.6,160,976.41,240,976.4,40,975.47,80,974.32,160,973.86,400,973.44,280,972.25,40,972.0,280,978.47,40,978.48,360,979.22,160,979.95,160,979.97,200,979.98,120,980.3,120,980.31,120,980.32,40,980.33,40
2026-01-16 09:33:25,977.865,976.88,4,977.26,320,978.47,40,978.47,977.26,977.26,320,976.6,160,976.41,240,976.4,40,975.47,80,974.32,160,973.86,400,973.44,280,972.25,40,972.0,280,978.47,40,978.48,360,979.22,160,979.95,160,979.97,200,979.98,120,980.3,120,980.31,120,980.32,40,980.33,40
2026-01-16 09:33:26,979.185,978.48,3,978.47,80,979.9,80,979.9,978.47,978.47,80,978.13,240,977.69,80,977.63,200,977.26,320,976.6,160,976.41,240,976.4,40,975.47,80,974.32,160,979.9,80,979.95,160,979.97,200,979.98,120,980.3,120,980.31,120,980.32,40,980.33,40,980.45,40,980.46,200
2026-01-16 09:33:27,979.185,978.48,3,978.47,320,979.9,80,979.9,978.47,978.47,320,978.13,240,977.69,80,977.63,200,977.26,320,976.6,160,976.41,240,976.4,40,975.47,80,974.32,160,979.9,80,979.95,160,979.97,200,979.98,120,980.3,120,980.31,120,980.32,40,980.33,40,980.45,40,980.46,200
2026-01-16 09:33:28,979.185,979.18,1,978.47,520,979.9,80,979.9,978.47,978.47,520,978.13,240,977.69,80,977.63,200,977.26,320,976.6,160,976.41,240,976.4,40,975.47,80,974.32,160,979.9,80,979.95,160,979.97,200,979.98,120,980.3,120,980.31,120,980.32,40,980.33,40,980.45,40,980.46,200
2026-01-16 09:33:29,979.185,979.18,1,978.47,520,979.9,80,979.9,978.47,978.47,520,978.13,240,977.69,80,977.63,200,977.26,320,976.6,160,976.41,240,976.4,40,975.47,80,974.32,160,979.9,80,979.95,160,979.97,200,979.98,120,980.3,120,980.31,120,980.32,40,980.33,40,980.45,40,980.46,200
2026-01-16 09:33:30,979.185,979.18,1,978.47,520,979.9,80,979.9,978.47,978.47,520,978.13,240,977.69,80,977.63,200,977.26,320,976.6,160,976.41,240,976.4,40,975.47,80,974.32,160,979.9,80,979.95,160,979.97,200,979.98,120,980.3,120,980.31,120,980.32,40,980.33,40,980.45,40,980.46,200
2026-01-16 09:33:31,979.18,979.18,1,978.47,560,979.89,40,979.89,978.47,978.47,560,978.13,240,977.69,80,977.63,200,977.26,320,976.6,160,976.41,240,976.4,40,975.47,80,974.32,160,979.89,40,979.9,80,979.95,160,979.97,200,979.98,120,980.3,120,980.31,120,980.32,40,980.33,40,980.45,40
2026-01-16 09:33:32,979.34,979.18,1,978.79,80,979.89,40,979.89,978.79,978.79,80,978.47,560,978.13,240,977.69,80,977.63,200,977.26,320,976.6,160,976.41,240,976.4,40,975.47,80,979.89,40,979.9,80,979.95,160,979.97,200,979.98,120,980.3,120,980.31,120,980.32,40,980.33,40,980.45,40
2026-01-16 09:33:33,979.18,979.18,1,978.47,560,979.89,40,979.89,978.47,978.47,560,978.13,240,977.69,80,977.63,200,977.26,320,976.6,160,976.41,240,976.4,40,975.47,80,974.32,160,979.89,40,979.9,80,979.95,160,979.97,200,979.98,120,980.3,120,980.31,120,980.32,40,980.33,40,980.45,40
2026-01-16 09:33:34,978.825,978.48,1,978.47,320,979.18,80,979.18,978.47,978.47,320,976.82,40,976.6,200,976.41,240,976.4,40,975.47,80,974.32,160,973.86,400,973.44,280,972.25,40,979.18,80,979.88,40,979.89,80,979.9,80,979.95,160,979.97,200,979.98,120,980.3,120,980.31,120,980.32,40
2026-01-16 09:33:35,978.825,978.48,1,978.47,320,979.18,80,979.18,978.47,978.47,320,976.82,40,976.6,200,976.41,240,976.4,40,975.47,80,974.32,160,973.86,400,973.44,280,972.25,40,979.18,80,979.88,40,979.89,80,979.9,80,979.95,160,979.97,200,979.98,120,980.3,120,980.31,120,980.32,40
2026-01-16 09:33:36,978.825,979.04,1,978.47,320,979.18,80,979.18,978.47,978.47,320,976.82,40,976.6,200,976.41,240,976.4,40,975.47,80,974.32,160,973.86,400,973.44,280,972.25,40,979.18,80,979.88,40,979.89,80,979.9,80,979.95,160,979.97,200,979.98,120,980.3,120,980.31,120,980.32,40
2026-01-16 09:33:37,978.8,978.8,2,978.44,40,979.16,80,979.16,978.44,978.44,40,976.6,120,976.41,240,976.4,40,975.47,80,974.32,160,973.86,400,973.44,280,972.25,40,972.0,280,979.16,80,979.18,120,979.88,40,979.89,80,979.9,80,979.95,160,979.97,200,979.98,120,980.3,120,980.31,120
2026-01-16 09:33:38,978.6,978.02,1,978.02,120,979.18,120,979.18,978.02,978.02,120,976.6,120,976.41,240,976.4,40,975.47,80,974.32,160,973.86,400,973.44,280,972.25,40,972.0,280,979.18,120,979.88,40,979.89,80,979.9,80,979.95,160,979.97,200,979.98,120,980.3,120,980.31,120,980.32,40
2026-01-16 09:33:39,978.6,978.02,1,978.02,120,979.18,120,979.18,978.02,978.02,120,976.6,120,976.41,240,976.4,40,975.47,80,974.32,160,973.86,400,973.44,280,972.25,40,972.0,280,979.18,120,979.88,40,979.89,80,979.9,80,979.95,160,979.97,200,979.98,120,980.3,120,980.31,120,980.32,40
2026-01-16 09:33:40,977.89,978.02,1,976.6,160,979.18,120,979.18,976.6,976.6,160,976.41,240,976.4,40,975.47,80,974.32,160,973.86,400,973.44,280,972.25,40,972.0,280,971.54,40,979.18,120,979.88,40,979.89,80,979.9,80,979.95,160,979.97,200,979.98,120,980.3,120,980.31,120,980.32,40
2026-01-16 09:33:41,979.35,978.02,1,978.81,40,979.89,160,979.89,978.81,978.81,40,978.6,280,978.02,280,977.26,40,976.6,160,976.41,240,976.4,40,975.47,80,974.32,160,973.86,400,979.89,160,979.9,80,979.95,160,979.97,200,979.98,120,980.3,120,980.31,120,980.32,40,980.33,40,980.45,40
2026-01-16 09:33:42,979.39,978.02,1,978.89,40,979.89,160,979.89,978.89,978.89,40,978.81,160,978.6,280,978.02,280,977.26,40,976.6,160,976.41,240,976.4,40,975.47,80,974.32,160,979.89,160,979.9,80,979.95,160,979.97,200,979.98,120,980.3,120,980.31,120,980.32,40,980.33,40,980.45,40
2026-01-16 09:33:43,979.35,978.02,1,978.81,160,979.89,200,979.89,978.81,978.81,160,978.6,280,978.02,280,977.26,40,976.6,160,976.41,240,976.4,40,975.47,80,974.32,160,973.86,400,979.89,200,979.9,80,979.95,160,979.97,200,979.98,120,980.3,120,980.31,120,980.32,40,980.33,40,980.45,40
2026-01-16 09:33:44,979.35,978.02,1,978.81,160,979.89,200,979.89,978.81,978.81,160,978.6,280,978.02,280,977.26,40,976.6,160,976.41,240,976.4,40,975.47,80,974.32,160,973.86,400,979.89,200,979.9,80,979.95,160,979.97,200,979.98,120,980.3,120,980.31,120,980.32,40,980.33,40,980.45,40
2026-01-16 09:33:45,979.35,978.02,1,978.81,160,979.89,200,979.89,978.81,978.81,160,978.6,280,978.02,280,977.26,40,976.6,160,976.41,240,976.4,40,975.47,80,974.32,160,973.86,400,979.89,200,979.9,80,979.95,160,979.97,200,979.98,120,980.3,120,980.31,120,980.32,40,980.33,40,980.45,40
2026-01-16 09:33:46,978.22,978.81,1,977.26,160,979.18,40,979.18,977.26,977.26,160,976.6,160,976.41,240,976.4,40,975.47,80,974.32,160,973.86,400,973.44,280,972.25,40,972.0,280,979.18,40,979.89,200,979.9,80,979.95,160,979.97,200,979.98,120,980.3,120,980.31,120,980.32,40,980.33,40
2026-01-16 09:33:47,977.93,978.22,1,977.26,240,978.6,40,978.6,977.26,977.26,240,976.6,160,976.41,240,976.4,40,975.47,80,974.32,160,973.86,400,973.44,280,972.25,40,972.0,280,978.6,40,979.18,160,979.89,200,979.9,80,979.95,160,979.97,200,979.98,120,980.3,120,980.31,120,980.32,40
2026-01-16 09:33:48,978.21,978.22,1,977.26,240,979.16,40,979.16,977.26,977.26,240,976.6,160,976.41,240,976.4,40,975.47,80,974.32,160,973.86,400,973.44,280,972.25,40,972.0,280,979.16,40,979.18,160,979.89,200,979.9,80,979.95,160,979.97,200,979.98,120,980.3,120,980.31,120,980.32,40
2026-01-16 09:33:49,978.2,978.2,2,977.26,240,979.14,40,979.14,977.26,977.26,240,976.6,160,976.41,240,976.4,40,975.47,80,974.32,160,973.86,400,973.44,280,972.25,40,972.0,280,979.14,40,979.18,160,979.89,200,979.9,80,979.95,160,979.97,200,979.98,120,980.3,120,980.31,120,980.32,40
2026-01-16 09:33:50,978.21,978.2,2,977.26,320,979.16,40,979.16,977.26,977.26,320,976.6,160,976.41,240,976.4,40,975.47,80,974.32,160,973.86,400,973.44,280,972.25,40,972.0,280,979.16,40,979.18,160,979.89,200,979.9,80,979.95,160,979.97,200,979.98,120,980.3,120,980.31,120,980.32,40
2026-01-16 09:33:51,978.22,978.2,2,977.26,320,979.18,200,979.18,977.26,977.26,320,976.6,160,976.41,240,976.4,40,975.47,80,974.32,160,973.86,400,973.44,280,972.25,40,972.0,280,979.18,200,979.89,200,979.9,80,979.95,160,979.97,200,979.98,120,980.3,120,980.31,120,980.32,40,980.33,40
2026-01-16 09:33:52,978.22,978.2,2,977.26,320,979.18,160,979.18,977.26,977.26,320,976.6,160,976.41,240,976.4,40,975.47,80,974.32,160,973.86,400,973.44,280,972.25,40,972.0,280,979.18,160,979.89,200,979.9,80,979.95,160,979.97,200,979.98,120,980.3,120,980.31,120,980.32,40,980.33,40
2026-01-16 09:33:53,977.73,977.26,1,977.25,80,978.21,80,978.21,977.25,977.25,80,976.57,40,976.41,240,976.4,40,975.47,80,974.32,160,973.86,400,973.44,280,972.25,40,972.0,280,978.21,80,978.22,40,979.12,40,979.13,40,979.17,40,979.18,200,979.89,200,979.9,80,979.95,160,979.97,200
2026-01-16 09:33:54,977.725,977.26,1,977.25,80,978.2,40,978.2,977.25,977.25,80,976.57,40,976.41,240,976.4,40,975.47,80,974.32,160,973.86,400,973.44,280,972.25,40,972.0,280,978.2,40,978.21,120,978.22,40,979.12,40,979.13,40,979.17,40,979.18,200,979.89,200,979.9,80,979.95,160
2026-01-16 09:33:55,977.73,977.26,1,977.25,160,978.21,120,978.21,977.25,977.25,160,976.57,40,976.41,240,976.4,40,975.47,80,974.32,160,973.86,400,973.44,280,972.25,40,972.0,280,978.21,120,978.22,40,979.12,40,979.13,40,979.17,40,979.18,200,979.89,200,979.9,80,979.95,160,979.97,200
2026-01-16 09:33:56,977.73,977.26,1,977.25,240,978.21,120,978.21,977.25,977.25,240,976.57,40,976.41,240,976.4,40,975.47,80,974.32,160,973.86,400,973.44,280,972.25,40,972.0,280,978.21,120,978.22,40,979.12,40,979.13,40,979.17,40,979.18,200,979.89,200,979.9,80,979.95,160,979.97,200
2026-01-16 09:33:57,977.73,977.26,1,977.25,280,978.21,120,978.21,977.25,977.25,280,976.57,40,976.41,240,976.4,40,975.47,80,974.32,160,973.86,400,973.44,280,972.25,40,972.0,280,978.21,120,978.22,40,979.12,40,979.13,40,979.17,40,979.18,200,979.89,200,979.9,80,979.95,160,979.97,200
2026-01-16 09:33:58,977.73,977.68,1,977.25,240,978.21,120,978.21,977.25,977.25,240,976.57,40,976.41,240,976.4,40,975.47,80,974.32,160,973.86,400,973.44,280,972.25,40,972.0,280,978.21,120,978.22,40,979.12,40,979.13,40,979.17,40,979.18,200,979.89,200,979.9,80,979.95,160,979.97,200
2026-01-16 09:33:59,977.73,977.68,1,977.25,280,978.21,120,978.21,977.25,977.25,280,976.57,40,976.41,240,976.4,40,975.47,80,974.32,160,973.86,400,973.44,280,972.25,40,972.0,280,978.21,120,978.22,40,979.12,40,979.13,40,979.17,40,979.18,200,979.89,200,979.9,80,979.95,160,979.97,200
2026-01-16 09:34:00,977.73,977.68,1,977.25,280,978.21,120,978.21,977.25,977.25,280,976.57,40,976.41,240,976.4,40,975.47,80,974.32,160,973.86,400,973.44,280,972.25,40,972.0,280,978.21,120,978.22,40,979.12,40,979.13,40,979.17,40,979.18,200,979.89,200,979.9,80,979.95,160,979.97,200
2026-01-16 09:34:01,977.73,977.68,1,977.25,280,978.21,120,978.21,977.25,977.25,280,976.57,40,976.41,240,976.4,40,975.47,80,974.32,160,973.86,400,973.44,280,972.25,40,972.0,280,978.21,120,978.22,40,979.12,40,979.13,40,979.17,40,979.18,200,979.89,200,979.9,80,979.95,160,979.97,200
2026-01-16 09:34:02,977.165,977.68,1,976.6,40,977.73,80,977.73,976.6,976.6,40,976.57,40,976.41,240,976.4,40,975.47,80,974.32,160,973.86,400,973.44,280,972.25,40,972.0,280,977.73,80,978.21,120,978.22,40,979.12,40,979.13,40,979.17,40,979.18,200,979.89,200,979.9,80,979.95,160
2026-01-16 09:34:03,977.145,977.68,1,976.57,40,977.72,40,977.72,976.57,976.57,40,976.41,240,976.4,40,975.47,80,974.32,160,973.86,400,973.44,280,972.25,40,972.0,280,971.54,40,977.72,40,977.73,80,978.21,120,978.22,40,979.12,40,979.13,40,979.17,40,979.18,200,979.89,200,979.9,80
2026-01-16 09:34:04,976.415,977.68,1,975.17,40,977.66,40,977.66,975.17,975.17,40,974.32,160,973.86,400,973.44,280,972.25,40,972.0,280,971.54,40,970.51,40,970.5,160,,,977.66,40,977.67,40,977.68,40,977.69,40,977.7,40,977.71,40,977.72,40,977.73,80,978.21,120,978.22,40
2026-01-16 09:34:05,976.41,977.68,1,975.17,40,977.65,40,977.65,975.17,975.17,40,974.32,160,973.86,400,973.44,280,972.25,40,972.0,280,971.54,40,970.51,40,970.5,160,,,977.65,40,977.66,40,977.67,40,977.68,40,977.69,40,977.7,40,977.71,40,977.72,40,977.73,80,978.21,120
2026-01-16 09:34:06,976.395,977.68,1,975.17,40,977.62,40,977.62,975.17,975.17,40,974.32,160,973.86,400,973.44,280,972.25,40,972.0,280,971.54,40,970.51,40,970.5,160,,,977.62,40,977.63,40,977.64,40,977.65,40,977.66,40,977.67,40,977.68,40,977.69,40,977.7,40,977.71,40
2026-01-16 09:34:07,976.69,976.69,1,975.17,40,978.21,120,978.21,975.17,975.17,40,974.32,160,973.86,400,973.44,280,972.25,40,972.0,280,971.54,40,970.51,40,970.5,160,,,978.21,120,978.22,40,979.12,40,979.13,40,979.17,40,979.18,200,979.89,200,979.9,80,979.95,160,979.97,200
2026-01-16 09:34:08,977.19,976.69,1,976.5,40,977.88,160,977.88,976.5,976.5,40,975.14,40,974.32,160,973.86,400,973.44,280,972.25,40,972.0,280,971.54,40,970.51,40,970.5,160,977.88,160,978.2,40,978.21,120,978.22,40,979.12,40,979.13,40,979.17,40,979.18,200,979.89,200,979.9,80
2026-01-16 09:34:09,976.0,976.0,1,975.0,120,977.0,80,977.0,975.0,975.0,120,974.32,160,973.86,400,973.44,280,972.25,40,972.0,280,971.54,40,970.51,40,970.5,160,,,977.0,80,977.88,160,978.2,40,978.21,120,978.22,40,979.12,40,979.13,40,979.17,40,979.18,200,979.89,200
2026-01-16 09:34:10,976.0,976.0,1,975.0,120,977.0,80,977.0,975.0,975.0,120,974.32,160,973.86,400,973.44,280,972.25,40,972.0,280,971.54,40,970.51,40,970.5,160,,,977.0,80,977.88,160,978.2,40,978.21,120,978.22,40,979.12,40,979.13,40,979.17,40,979.18,200,979.89,200
2026-01-16 09:34:11,976.0,976.0,1,975.0,120,977.0,80,977.0,975.0,975.0,120,974.32,160,973.86,400,973.44,280,972.25,40,972.0,280,971.54,40,970.51,40,970.5,160,,,977.0,80,977.88,160,978.2,40,978.21,120,978.22,40,979.12,40,979.13,40,979.17,40,979.18,200,979.89,200
2026-01-16 09:34:12,976.0,976.03,1,975.0,80,977.0,80,977.0,975.0,975.0,80,974.32,160,973.86,400,973.44,280,972.25,40,972.0,280,971.54,40,970.51,40,970.5,160,,,977.0,80,977.88,160,978.2,40,978.21,120,978.22,40,979.12,40,979.13,40,979.17,40,979.18,200,979.89,200
2026-01-16 09:34:13,975.5,976.03,1,975.0,80,976.0,80,976.0,975.0,975.0,80,974.32,160,973.86,400,973.44,280,972.25,40,972.0,280,971.54,40,970.51,40,970.5,160,,,976.0,80,977.0,160,977.88,160,978.2,40,978.21,120,978.22,40,979.12,40,979.13,40,979.17,40,979.18,200
2026-01-16 09:34:14,975.505,976.03,1,975.02,200,975.99,40,975.99,975.02,975.02,200,975.0,80,974.32,160,973.86,400,973.44,280,972.25,40,972.0,280,971.54,40,970.51,40,970.5,160,975.99,40,976.0,80,977.0,160,977.88,160,978.2,40,978.21,120,978.22,40,979.12,40,979.13,40,979.17,40
2026-01-16 09:34:15,975.505,975.51,1,975.02,200,975.99,320,975.99,975.02,975.02,200,975.0,80,974.32,160,973.86,400,973.44,280,972.25,40,972.0,280,971.54,40,970.51,40,970.5,160,975.99,320,976.0,80,977.0,160,977.88,160,978.2,40,978.21,120,978.22,40,979.12,40,979.13,40,979.17,40
2026-01-16 09:34:16,975.5,975.51,1,975.01,80,975.99,320,975.99,975.01,975.01,80,975.0,80,974.32,160,973.86,400,973.44,280,972.25,40,972.0,280,971.54,40,970.51,40,970.5,160,975.99,320,976.0,80,977.0,160,977.88,160,978.2,40,978.21,120,978.22,40,979.12,40,979.13,40,979.17,40
2026-01-16 09:34:17,975.5,975.51,1,975.01,80,975.99,320,975.99,975.01,975.01,80,975.0,80,974.32,160,973.86,400,973.44,280,972.25,40,972.0,280,971.54,40,970.51,40,970.5,160,975.99,320,976.0,80,977.0,160,977.88,160,978.2,40,978.21,120,978.22,40,979.12,40,979.13,40,979.17,40
2026-01-16 09:34:18,975.5,975.51,1,975.01,80,975.99,320,975.99,975.01,975.01,80,975.0,80,974.32,160,973.86,400,973.44,280,972.25,40,972.0,280,971.54,40,970.51,40,970.5,160,975.99,320,976.0,80,977.0,160,977.88,160,978.2,40,978.21,120,978.22,40,979.12,40,979.13,40,979.17,40
2026-01-16 09:34:19,975.5,975.51,1,975.01,80,975.99,320,975.99,975.01,975.01,80,975.0,80,974.32,160,973.86,400,973.44,280,972.25,40,972.0,280,971.54,40,970.51,40,970.5,160,975.99,320,976.0,80,977.0,160,977.88,160,978.2,40,978.21,120,978.22,40,979.12,40,979.13,40,979.17,40
2026-01-16 09:34:20,975.785,975.99,1,975.01,80,976.56,120,976.56,975.01,975.01,80,975.0,80,974.32,160,973.86,400,973.44,280,972.25,40,972.0,280,971.54,40,970.51,40,970.5,160,976.56,120,977.0,160,977.88,160,978.2,40,978.21,120,978.22,40,979.12,40,979.13,40,979.17,40,979.18,200
2026-01-16 09:34:21,975.795,975.99,1,975.03,80,976.56,160,976.56,975.03,975.03,80,975.01,80,975.0,80,974.32,160,973.86,400,973.44,280,972.25,40,972.0,280,971.54,40,970.51,40,976.56,160,977.0,160,977.88,160,978.2,40,978.21,120,978.22,40,979.12,40,979.13,40,979.17,40,979.18,200
2026-01-16 09:34:22,975.795,975.99,1,975.03,80,976.56,160,976.56,975.03,975.03,80,975.01,80,975.0,80,974.32,160,973.86,400,973.44,280,972.25,40,972.0,280,971.54,40,970.51,40,976.56,160,977.0,160,977.88,160,978.2,40,978.21,120,978.22,40,979.12,40,979.13,40,979.17,40,979.18,200
2026-01-16 09:34:23,974.895,975.03,1,974.0,480,975.79,120,975.79,974.0,974.0,480,973.86,400,973.44,280,972.25,40,972.0,280,971.54,40,970.51,40,970.5,160,,,,,975.79,120,976.55,40,976.56,320,977.0,160,977.88,160,978.2,40,978.21,120,978.22,40,979.12,40,979.13,40
2026-01-16 09:34:24,974.895,975.03,1,974.0,480,975.79,120,975.79,974.0,974.0,480,973.86,400,973.44,280,972.25,40,972.0,280,971.54,40,970.51,40,970.5,160,,,,,975.79,120,976.55,40,976.56,320,977.0,160,977.88,160,978.2,40,978.21,120,978.22,40,979.12,40,979.13,40
2026-01-16 09:34:25,974.895,974.0,5,974.0,480,975.79,160,975.79,974.0,974.0,480,973.86,400,973.44,280,972.25,40,972.0,280,971.54,40,970.51,40,970.5,160,,,,,975.79,160,976.55,40,976.56,320,977.0,160,977.88,160,978.2,40,978.21,120,978.22,40,979.12,40,979.13,40
2026-01-16 09:34:26,975.19,974.0,5,974.59,40,975.79,80,975.79,974.59,974.59,40,974.01,40,974.0,480,973.86,400,973.44,280,972.25,40,972.0,280,971.54,40,970.51,40,970.5,160,975.79,80,976.55,40,976.56,320,977.0,160,977.88,160,978.2,40,978.21,120,978.22,40,979.12,40,979.13,40
2026-01-16 09:34:27,974.895,974.0,5,974.0,480,975.79,160,975.79,974.0,974.0,480,973.86,400,973.44,280,972.25,40,972.0,280,971.54,40,970.51,40,970.5,160,,,,,975.79,160,976.55,40,976.56,320,977.0,160,977.88,160,978.2,40,978.21,120,978.22,40,979.12,40,979.13,40
2026-01-16 09:34:28,974.895,974.0,5,974.0,480,975.79,160,975.79,974.0,974.0,480,973.86,400,973.44,280,972.25,40,972.0,280,971.54,40,970.51,40,970.5,160,,,,,975.79,160,976.55,40,976.56,320,977.0,160,977.88,160,978.2,40,978.21,120,978.22,40,979.12,40,979.13,40
2026-01-16 09:34:29,975.23,975.43,1,974.67,40,975.79,80,975.79,974.67,974.67,40,974.51,40,974.0,560,973.86,400,973.44,280,972.25,40,972.0,280,971.54,40,970.51,40,970.5,160,975.79,80,976.55,40,976.56,320,977.0,160,977.88,160,978.2,40,978.21,120,978.22,40,979.12,40,979.13,40
2026-01-16 09:34:30,975.23,975.43,1,974.67,40,975.79,80,975.79,974.67,974.67,40,974.51,40,974.0,560,973.86,400,973.44,280,972.25,40,972.0,280,971.54,40,970.51,40,970.5,160,975.79,80,976.55,40,976.56,320,977.0,160,977.88,160,978.2,40,978.21,120,978.22,40,979.12,40,979.13,40
2026-01-16 09:34:31,975.23,975.43,1,974.67,40,975.79,80,975.79,974.67,974.67,40,974.51,40,974.0,560,973.86,400,973.44,280,972.25,40,972.0,280,971.54,40,970.51,40,970.5,160,975.79,80,976.55,40,976.56,320,977.0,160,977.88,160,978.2,40,978.21,120,978.22,40,979.12,40,979.13,40
2026-01-16 09:34:32,974.615,975.43,1,974.0,480,975.23,80,975.23,974.0,974.0,480,973.86,400,973.44,280,972.25,40,972.0,280,971.54,40,970.51,40,970.5,160,,,,,975.23,80,975.79,80,976.55,40,976.56,320,977.0,160,977.88,160,978.2,40,978.21,120,978.22,40,979.12,40
2026-01-16 09:34:33,974.615,975.43,1,974.0,480,975.23,80,975.23,974.0,974.0,480,973.86,400,973.44,280,972.25,40,972.0,280,971.54,40,970.51,40,970.5,160,,,,,975.23,80,975.79,80,976.55,40,976.56,320,977.0,160,977.88,160,978.2,40,978.21,120,978.22,40,979.12,40
2026-01-16 09:34:34,974.615,975.43,1,974.0,480,975.23,80,975.23,974.0,974.0,480,973.86,400,973.44,280,972.25,40,972.0,280,971.54,40,970.51,40,970.5,160,,,,,975.23,80,975.79,80,976.55,40,976.56,320,977.0,160,977.88,160,978.2,40,978.21,120,978.22,40,979.12,40
2026-01-16 09:34:35,975.2,975.43,1,974.61,40,975.79,80,975.79,974.61,974.61,40,974.0,480,973.86,400,973.44,280,972.25,40,972.0,280,971.54,40,970.51,40,970.5,160,,,975.79,80,976.55,40,976.56,320,977.0,160,977.88,160,978.2,40,978.21,120,978.22,40,979.12,40,979.13,40
2026-01-16 09:34:36,974.895,975.43,1,974.0,480,975.79,80,975.79,974.0,974.0,480,973.86,400,973.44,280,972.25,40,972.0,280,971.54,40,970.51,40,970.5,160,,,,,975.79,80,976.55,40,976.56,320,977.0,160,977.88,160,978.2,40,978.21,120,978.22,40,979.12,40,979.13,40
2026-01-16 09:34:37,975.15,975.43,1,974.51,80,975.79,80,975.79,974.51,974.51,80,974.0,480,973.86,400,973.44,280,972.25,40,972.0,280,971.54,40,970.51,40,970.5,160,,,975.79,80,976.55,40,976.56,320,977.0,160,977.88,160,978.2,40,978.21,120,978.22,40,979.12,40,979.13,40
2026-01-16 09:34:38,975.15,975.43,1,974.51,160,975.79,40,975.79,974.51,974.51,160,974.0,480,973.86,400,973.44,280,972.25,40,972.0,280,971.54,40,970.51,40,970.5,160,,,975.79,40,976.56,280,977.0,160,977.88,160,978.2,40,978.21,120,978.22,40,979.12,40,979.13,40,979.17,40
2026-01-16 09:34:39,975.15,974.9,1,974.51,160,975.79,40,975.79,974.51,974.51,160,974.0,480,973.86,400,973.44,280,972.25,40,972.0,280,971.54,40,970.51,40,970.5,160,,,975.79,40,976.56,280,977.0,160,977.88,160,978.2,40,978.21,120,978.22,40,979.12,40,979.13,40,979.17,40
2026-01-16 09:34:40,974.925,974.9,1,974.51,160,975.34,120,975.34,974.51,974.51,160,974.0,480,973.86,400,973.44,280,972.25,40,972.0,280,971.54,40,970.51,40,970.5,160,,,975.34,120,975.79,40,976.56,280,977.0,160,977.88,160,978.2,40,978.21,120,978.22,40,979.12,40,979.13,40
2026-01-16 09:34:41,975.155,974.9,1,974.52,40,975.79,40,975.79,974.52,974.52,40,974.51,240,974.0,480,973.86,400,973.44,280,972.25,40,972.0,280,971.54,40,970.51,40,970.5,160,975.79,40,975.9,40,976.56,280,977.0,160,977.88,160,978.2,40,978.21,120,978.22,40,979.12,40,979.13,40
2026-01-16 09:34:42,975.15,975.16,1,974.52,120,975.78,120,975.78,974.52,974.52,120,974.51,240,974.0,480,973.86,400,973.44,280,972.25,40,972.0,280,971.54,40,970.51,40,970.5,160,975.78,120,975.79,160,975.9,40,976.56,280,977.0,160,977.88,160,978.2,40,978.21,120,978.22,40,979.12,40
2026-01-16 09:34:43,975.15,975.16,1,974.52,120,975.78,120,975.78,974.52,974.52,120,974.51,240,974.0,480,973.86,400,973.44,280,972.25,40,972.0,280,971.54,40,970.51,40,970.5,160,975.78,120,975.79,160,975.9,40,976.56,280,977.0,160,977.88,160,978.2,40,978.21,120,978.22,40,979.12,40
2026-01-16 09:34:44,974.86,975.16,1,974.51,160,975.21,360,975.21,974.51,974.51,160,974.0,480,973.86,400,973.44,280,972.25,40,972.0,280,971.54,40,970.51,40,970.5,160,,,975.21,360,975.22,120,975.24,280,975.56,40,975.77,160,975.78,360,975.79,160,975.9,40,976.56,280,977.0,160
2026-01-16 09:34:45,974.85,975.16,1,974.51,160,975.19,120,975.19,974.51,974.51,160,974.0,480,973.86,400,973.44,280,972.25,40,972.0,280,971.54,40,970.51,40,970.5,160,,,975.19,120,975.2,120,975.21,360,975.22,120,975.24,280,975.56,40,975.77,160,975.78,360,975.79,160,975.9,40
2026-01-16 09:34:46,974.84,975.16,1,974.51,160,975.17,120,975.17,974.51,974.51,160,974.0,480,973.86,400,973.44,280,972.25,40,972.0,280,971.54,40,970.51,40,970.5,160,,,975.17,120,975.18,120,975.19,120,975.2,120,975.21,360,975.22,120,975.24,280,975.56,40,975.77,160,975.78,360
2026-01-16 09:34:47,975.35,975.35,2,974.52,160,976.18,40,976.18,974.52,974.52,160,974.51,160,974.0,480,973.86,400,973.44,280,972.25,40,972.0,280,971.54,40,970.51,40,970.5,160,976.18,40,976.56,280,977.0,160,977.88,160,978.2,40,978.21,120,978.22,40,979.12,40,979.13,40,979.17,40
2026-01-16 09:34:48,975.35,975.35,2,974.52,160,976.18,200,976.18,974.52,974.52,160,974.51,160,974.0,480,973.86,400,973.44,280,972.25,40,972.0,280,971.54,40,970.51,40,970.5,160,976.18,200,976.56,280,977.0,160,977.88,160,978.2,40,978.21,120,978.22,40,979.12,40,979.13,40,979.17,40
2026-01-16 09:34:49,975.675,975.35,2,975.17,40,976.18,200,976.18,975.17,975.17,40,974.52,160,974.51,160,974.0,480,973.86,400,973.44,280,972.25,40,972.0,280,971.54,40,970.51,40,976.18,200,976.56,280,977.0,160,977.88,160,978.2,40,978.21,120,978.22,40,979.12,40,979.13,40,979.17,40
2026-01-16 09:34:50,975.1,975.35,2,974.52,240,975.68,200,975.68,974.52,974.52,240,974.51,160,974.0,480,973.86,400,973.44,280,972.25,40,972.0,280,971.54,40,970.51,40,970.5,160,975.68,200,976.06,40,976.18,280,976.56,280,977.0,160,977.88,160,978.2,40,978.21,120,978.22,40,979.12,40
2026-01-16 09:34:51,975.1,975.35,2,974.52,240,975.68,200,975.68,974.52,974.52,240,974.51,160,974.0,480,973.86,400,973.44,280,972.25,40,972.0,280,971.54,40,970.51,40,970.5,160,975.68,200,976.06,40,976.18,280,976.56,280,977.0,160,977.88,160,978.2,40,978.21,120,978.22,40,979.12,40
2026-01-16 09:34:52,974.84,975.35,2,974.0,600,975.68,240,975.68,974.0,974.0,600,973.86,400,973.44,280,972.25,40,972.0,280,971.54,40,970.51,40,970.5,160,,,,,975.68,240,976.06,40,976.18,280,976.56,280,977.0,160,977.88,160,978.2,40,978.21,120,978.22,40,979.12,40
2026-01-16 09:34:53,974.84,975.35,2,974.0,520,975.68,240,975.68,974.0,974.0,520,973.86,400,973.44,280,972.25,40,972.0,280,971.54,40,970.51,40,970.5,160,,,,,975.68,240,976.06,40,976.18,280,976.56,280,977.0,160,977.88,160,978.2,40,978.21,120,978.22,40,979.12,40
2026-01-16 09:34:54,974.84,975.35,2,974.0,520,975.68,240,975.68,974.0,974.0,520,973.86,400,973.44,280,972.25,40,972.0,280,971.54,40,970.51,40,970.5,160,,,,,975.68,240,976.06,40,976.18,280,976.56,280,977.0,160,977.88,160,978.2,40,978.21,120,978.22,40,979.12,40
2026-01-16 09:34:55,975.325,974.52,1,974.97,40,975.68,240,975.68,974.97,974.97,40,974.0,520,973.86,400,973.44,280,972.25,40,972.0,280,971.54,40,970.51,40,970.5,160,,,975.68,240,976.06,40,976.18,280,976.56,280,977.0,160,977.88,160,978.2,40,978.21,120,978.22,40,979.12,40
2026-01-16 09:34:56,975.33,974.52,1,974.98,80,975.68,240,975.68,974.98,974.98,80,974.97,40,974.0,520,973.86,400,973.44,280,972.25,40,972.0,280,971.54,40,970.51,40,970.5,160,975.68,240,976.06,40,976.18,280,976.56,280,977.0,160,977.88,160,978.2,40,978.21,120,978.22,40,979.12,40
2026-01-16 09:34:57,975.33,974.52,1,974.98,80,975.68,240,975.68,974.98,974.98,80,974.97,40,974.0,520,973.86,400,973.44,280,972.25,40,972.0,280,971.54,40,970.51,40,970.5,160,975.68,240,976.06,40,976.18,280,976.56,280,977.0,160,977.88,160,978.2,40,978.21,120,978.22,40,979.12,40
2026-01-16 09:34:58,974.5,974.52,1,974.0,520,975.0,320,975.0,974.0,974.0,520,973.86,400,973.44,280,972.25,40,972.0,280,971.54,40,970.51,40,970.5,160,,,,,975.0,320,975.68,560,976.06,40,976.18,280,976.56,280,977.0,160,977.88,160,978.2,40,978.21,120,978.22,40
2026-01-16 09:34:59,974.5,974.52,1,974.0,520,975.0,320,975.0,974.0,974.0,520,973.86,400,973.44,280,972.25,40,972.0,280,971.54,40,970.51,40,970.5,160,,,,,975.0,320,975.68,560,976.06,40,976.18,280,976.56,280,977.0,160,977.88,160,978.2,40,978.21,120,978.22,40
2026-01-16 09:35:00,974.845,975.0,1,974.01,120,975.68,200,975.68,974.01,974.01,120,974.0,560,973.86,400,973.44,280,972.25,40,972.0,280,971.54,40,970.51,40,970.5,160,,,975.68,200,976.06,40,976.18,280,976.56,280,977.0,160,977.88,160,978.2,40,978.21,120,978.22,40,979.12,40
2026-01-16 09:35:01,974.845,975.0,1,974.01,120,975.68,200,975.68,974.01,974.01,120,974.0,560,973.86,400,973.44,280,972.25,40,972.0,280,971.54,40,970.51,40,970.5,160,,,975.68,200,976.06,40,976.18,280,976.56,280,977.0,160,977.88,160,978.2,40,978.21,120,978.22,40,979.12,40
2026-01-16 09:35:02,975.085,975.0,1,974.49,40,975.68,200,975.68,974.49,974.49,40,974.01,200,974.0,560,973.86,400,973.44,280,972.25,40,972.0,280,971.54,40,970.51,40,970.5,160,975.68,200,976.06,40,976.18,280,976.56,280,977.0,160,977.88,160,978.2,40,978.21,120,978.22,40,979.12,40
2026-01-16 09:35:03,975.085,975.0,1,974.49,120,975.68,280,975.68,974.49,974.49,120,974.01,200,974.0,560,973.86,400,973.44,280,972.25,40,972.0,280,971.54,40,970.51,40,970.5,160,975.68,280,976.06,40,976.18,280,976.56,280,977.0,160,977.88,160,978.2,40,978.21,120,978.22,40,979.12,40
2026-01-16 09:35:04,975.085,975.55,1,974.49,80,975.68,280,975.68,974.49,974.49,80,974.01,200,974.0,560,973.86,400,973.44,280,972.25,40,972.0,280,971.54,40,970.51,40,970.5,160,975.68,280,976.06,40,976.18,280,976.56,280,977.0,160,977.88,160,978.2,40,978.21,120,978.22,40,979.12,40
2026-01-16 09:35:05,975.085,975.55,1,974.49,80,975.68,280,975.68,974.49,974.49,80,974.01,200,974.0,560,973.86,400,973.44,280,972.25,40,972.0,280,971.54,40,970.51,40,970.5,160,975.68,280,976.06,40,976.18,280,976.56,280,977.0,160,977.88,160,978.2,40,978.21,120,978.22,40,979.12,40
2026-01-16 09:35:06,975.085,975.55,1,974.49,80,975.68,280,975.68,974.49,974.49,80,974.01,200,974.0,560,973.86,400,973.44,280,972.25,40,972.0,280,971.54,40,970.51,40,970.5,160,975.68,280,976.06,40,976.18,280,976.56,280,977.0,160,977.88,160,978.2,40,978.21,120,978.22,40,979.12,40
2026-01-16 09:35:07,975.085,975.09,1,974.49,80,975.68,280,975.68,974.49,974.49,80,974.01,200,974.0,560,973.86,400,973.44,280,972.25,40,972.0,280,971.54,40,970.51,40,970.5,160,975.68,280,976.06,40,976.18,280,976.56,280,977.0,160,977.88,160,978.2,40,978.21,120,978.22,40,979.12,40
2026-01-16 09:35:08,975.085,975.09,1,974.49,80,975.68,280,975.68,974.49,974.49,80,974.01,200,974.0,560,973.86,400,973.44,280,972.25,40,972.0,280,971.54,40,970.51,40,970.5,160,975.68,280,976.06,40,976.18,280,976.56,280,977.0,160,977.88,160,978.2,40,978.21,120,978.22,40,979.12,40
2026-01-16 09:35:09,975.38,975.09,1,975.08,80,975.68,240,975.68,975.08,975.08,80,974.49,80,974.01,200,974.0,560,973.86,400,973.44,280,972.25,40,972.0,280,971.54,40,970.51,40,975.68,240,976.06,40,976.18,280,976.56,280,977.0,160,977.88,160,978.2,40,978.21,120,978.22,40,979.12,40
2026-01-16 09:35:10,975.01,975.09,1,974.49,80,975.53,120,975.53,974.49,974.49,80,974.01,200,974.0,560,973.86,400,973.44,280,972.25,40,972.0,280,971.54,40,970.51,40,970.5,160,975.53,120,975.68,240,976.06,40,976.18,280,976.56,280,977.0,160,977.88,160,978.2,40,978.21,120,978.22,40
2026-01-16 09:35:11,975.01,975.09,1,974.49,80,975.53,120,975.53,974.49,974.49,80,974.01,200,974.0,560,973.86,400,973.44,280,972.25,40,972.0,280,971.54,40,970.51,40,970.5,160,975.53,120,975.68,240,976.06,40,976.18,280,976.56,280,977.0,160,977.88,160,978.2,40,978.21,120,978.22,40
2026-01-16 09:35:12,975.01,975.09,1,974.49,80,975.53,120,975.53,974.49,974.49,80,974.01,200,974.0,560,973.86,400,973.44,280,972.25,40,972.0,280,971.54,40,970.51,40,970.5,160,975.53,120,975.68,240,976.06,40,976.18,280,976.56,280,977.0,160,977.88,160,978.2,40,978.21,120,978.22,40
2026-01-16 09:35:13,975.01,975.09,1,974.49,80,975.53,120,975.53,974.49,974.49,80,974.01,200,974.0,560,973.86,400,973.44,280,972.25,40,972.0,280,971.54,40,970.51,40,970.5,160,975.53,120,975.68,240,976.06,40,976.18,280,976.56,280,977.0,160,977.88,160,978.2,40,978.21,120,978.22,40
2026-01-16 09:35:14,975.005,975.09,1,974.49,80,975.52,80,975.52,974.49,974.49,80,974.01,200,974.0,560,973.86,400,973.44,280,972.25,40,972.0,280,971.54,40,970.51,40,970.5,160,975.52,80,975.53,160,975.68,240,976.06,40,976.18,280,976.56,280,977.0,160,977.88,160,978.2,40,978.21,120
2026-01-16 09:35:15,974.915,975.09,1,974.49,80,975.34,120,975.34,974.49,974.49,80,974.01,200,974.0,560,973.86,400,973.44,280,972.25,40,972.0,280,971.54,40,970.51,40,970.5,160,975.34,120,975.52,80,975.53,160,975.68,240,976.06,40,976.18,280,976.56,280,977.0,160,977.88,160,978.2,40
2026-01-16 09:35:16,974.915,975.09,1,974.49,80,975.34,160,975.34,974.49,974.49,80,974.01,200,974.0,560,973.86,400,973.44,280,972.25,40,972.0,280,971.54,40,970.51,40,970.5,160,975.34,160,975.52,80,975.53,160,975.68,240,976.06,40,976.18,280,976.56,280,977.0,160,977.88,160,978.2,40
2026-01-16 09:35:17,974.915,975.09,1,974.49,80,975.34,160,975.34,974.49,974.49,80,974.01,200,974.0,560,973.86,400,973.44,280,972.25,40,972.0,280,971.54,40,970.51,40,970.5,160,975.34,160,975.52,80,975.53,160,975.68,240,976.06,40,976.18,280,976.56,280,977.0,160,977.88,160,978.2,40
2026-01-16 09:35:18,974.05,973.96,2,973.19,480,974.91,120,974.91,973.19,973.19,480,973.0,80,972.25,40,972.0,280,971.54,40,970.51,40,970.5,160,,,,,,,974.91,120,974.92,160,975.01,40,975.08,40,975.13,120,975.34,160,975.52,80,975.53,160,975.68,240,976.06,40
2026-01-16 09:35:19,973.43,973.19,1,973.0,480,973.86,160,973.86,973.0,973.0,480,972.25,40,972.0,280,971.54,40,970.51,40,970.5,160,,,,,,,,,973.86,160,974.07,40,974.85,240,974.91,120,974.92,160,975.01,40,975.08,40,975.13,120,975.34,160,975.52,80
2026-01-16 09:35:20,973.43,973.19,1,973.0,600,973.86,160,973.86,973.0,973.0,600,972.25,40,972.0,280,971.54,40,970.51,40,970.5,160,,,,,,,,,973.86,160,974.07,40,974.85,240,974.91,120,974.92,160,975.01,40,975.08,40,975.13,120,975.34,160,975.52,80
2026-01-16 09:35:21,973.47,973.47,1,973.08,40,973.86,160,973.86,973.08,973.08,40,973.0,600,972.25,40,972.0,280,971.54,40,970.51,40,970.5,160,,,,,,,973.86,160,974.07,40,974.85,240,974.91,120,974.92,160,975.01,40,975.08,40,975.13,120,975.34,160,975.52,80
2026-01-16 09:35:22,973.47,973.47,1,973.08,120,973.86,160,973.86,973.08,973.08,120,973.0,600,972.25,40,972.0,280,971.54,40,970.51,40,970.5,160,,,,,,,973.86,160,974.07,40,974.85,240,974.91,120,974.92,160,975.01,40,975.08,40,975.13,120,975.34,160,975.52,80
2026-01-16 09:35:23,973.47,973.47,1,973.08,80,973.86,160,973.86,973.08,973.08,80,973.0,600,972.25,40,972.0,280,971.54,40,970.51,40,970.5,160,,,,,,,973.86,160,974.07,40,974.85,240,974.91,120,974.92,160,975.01,40,975.08,40,975.13,120,975.34,160,975.52,80
2026-01-16 09:35:24,973.47,973.47,1,973.08,80,973.86,160,973.86,973.08,973.08,80,973.0,600,972.25,40,972.0,280,971.54,40,970.51,40,970.5,160,,,,,,,973.86,160,974.07,40,974.85,240,974.91,120,974.92,160,975.01,40,975.08,40,975.13,120,975.34,160,975.52,80
2026-01-16 09:35:25,973.47,973.47,1,973.08,80,973.86,160,973.86,973.08,973.08,80,973.0,600,972.25,40,972.0,280,971.54,40,970.51,40,970.5,160,,,,,,,973.86,160,974.07,40,974.85,240,974.91,120,974.92,160,975.01,40,975.08,40,975.13,120,975.34,160,975.52,80
2026-01-16 09:35:26,973.47,973.47,1,973.08,80,973.86,160,973.86,973.08,973.08,80,973.0,600,972.25,40,972.0,280,971.54,40,970.51,40,970.5,160,,,,,,,973.86,160,974.07,40,974.85,240,974.91,120,974.92,160,975.01,40,975.08,40,975.13,120,975.34,160,975.52,80
2026-01-16 09:35:27,973.475,973.47,1,973.09,40,973.86,160,973.86,973.09,973.09,40,973.08,80,973.0,600,972.25,40,972.0,280,971.54,40,970.51,40,970.5,160,,,,,973.86,160,974.07,40,974.85,240,974.91,120,974.92,160,975.01,40,975.08,40,975.13,120,975.34,160,975.52,80
2026-01-16 09:35:28,973.925,973.86,2,973.47,80,974.38,80,974.38,973.47,973.47,80,973.1,40,973.09,160,973.08,80,973.0,600,972.25,40,972.0,280,971.54,40,970.51,40,970.5,160,974.38,80,974.7,80,974.9,40,974.91,320,974.92,160,975.01,40,975.08,40,975.13,120,975.34,160,975.52,80
2026-01-16 09:35:29,973.925,973.86,2,973.47,80,974.38,160,974.38,973.47,973.47,80,973.1,40,973.09,160,973.08,80,973.0,600,972.25,40,972.0,280,971.54,40,970.51,40,970.5,160,974.38,160,974.7,80,974.9,40,974.91,320,974.92,160,975.01,40,975.08,40,975.13,120,975.34,160,975.52,80
2026-01-16 09:35:30,973.625,973.86,2,973.09,80,974.16,160,974.16,973.09,973.09,80,973.08,80,973.0,600,972.25,40,972.0,280,971.54,40,970.51,40,970.5,160,,,,,974.16,160,974.37,40,974.38,160,974.7,80,974.9,40,974.91,320,974.92,160,975.01,40,975.08,40,975.13,120
2026-01-16 09:35:31,973.635,973.86,2,973.11,40,974.16,160,974.16,973.11,973.11,40,973.1,40,973.09,80,973.08,80,973.0,600,972.25,40,972.0,280,971.54,40,970.51,40,970.5,160,974.16,160,974.37,40,974.38,160,974.7,80,974.9,40,974.91,320,974.92,160,975.01,40,975.08,40,975.13,120
2026-01-16 09:35:32,973.73,973.86,2,973.3,80,974.16,200,974.16,973.3,973.3,80,973.09,120,973.08,80,973.0,600,972.25,40,972.0,280,971.54,40,970.51,40,970.5,160,,,974.16,200,974.37,40,974.38,160,974.7,80,974.9,40,974.91,320,974.92,160,975.01,40,975.08,40,975.13,120
2026-01-16 09:35:33,974.105,973.86,2,973.3,200,974.91,280,974.91,973.3,973.3,200,973.09,120,973.08,80,973.0,600,972.25,40,972.0,280,971.54,40,970.51,40,970.5,160,,,974.91,280,974.92,160,975.01,40,975.08,40,975.13,120,975.34,160,975.52,80,975.53,160,975.68,240,976.06,40
2026-01-16 09:35:34,974.21,973.86,2,973.51,120,974.91,200,974.91,973.51,973.51,120,973.3,240,973.09,120,973.08,80,973.0,600,972.25,40,972.0,280,971.54,40,970.51,40,970.5,160,974.91,200,974.92,160,975.01,40,975.08,40,975.13,120,975.34,160,975.52,80,975.53,160,975.68,240,976.06,40
2026-01-16 09:35:35,974.45,973.86,2,973.99,240,974.91,200,974.91,973.99,973.99,240,973.51,80,973.3,240,973.09,120,973.08,80,973.0,600,972.25,40,972.0,280,971.54,40,970.51,40,974.91,200,974.92,160,975.01,40,975.08,40,975.13,120,975.34,160,975.52,80,975.53,160,975.68,240,976.06,40
2026-01-16 09:35:36,975.03,975.59,1,974.47,240,975.59,200,975.59,974.47,974.47,240,974.46,40,974.45,40,974.22,80,973.99,240,973.51,80,973.3,240,973.09,120,973.08,80,973.0,600,975.59,200,975.68,280,976.06,40,976.18,280,976.56,280,977.0,160,977.88,160,978.2,40,978.21,120,978.22,40
2026-01-16 09:35:37,975.25,975.59,1,974.54,120,975.96,240,975.96,974.54,974.54,120,974.48,280,974.47,280,974.46,40,974.45,40,974.22,80,973.99,240,973.51,80,973.3,240,973.09,120,975.96,240,976.18,240,976.56,280,977.0,160,977.88,160,978.2,40,978.21,120,978.22,40,979.12,40,979.13,40
2026-01-16 09:35:38,975.205,975.59,1,974.45,120,975.96,240,975.96,974.45,974.45,120,974.22,80,973.99,240,973.51,80,973.3,240,973.09,120,973.08,80,973.0,600,972.25,40,972.0,280,975.96,240,976.18,240,976.56,280,977.0,160,977.88,160,978.2,40,978.21,120,978.22,40,979.12,40,979.13,40
2026-01-16 09:35:39,975.205,975.59,1,974.45,120,975.96,240,975.96,974.45,974.45,120,974.22,80,973.99,240,973.51,80,973.3,240,973.09,120,973.08,80,973.0,600,972.25,40,972.0,280,975.96,240,976.18,240,976.56,280,977.0,160,977.88,160,978.2,40,978.21,120,978.22,40,979.12,40,979.13,40
2026-01-16 09:35:40,975.395,975.59,1,974.83,40,975.96,240,975.96,974.83,974.83,40,974.45,120,974.22,80,973.99,240,973.51,80,973.3,240,973.09,120,973.08,80,973.0,600,972.25,40,975.96,240,976.18,240,976.56,280,977.0,160,977.88,160,978.2,40,978.21,120,978.22,40,979.12,40,979.13,40
2026-01-16 09:35:41,975.4,975.59,1,974.84,40,975.96,280,975.96,974.84,974.84,40,974.83,40,974.45,120,974.22,80,973.99,240,973.51,80,973.3,240,973.09,120,973.08,80,973.0,600,975.96,280,976.18,240,976.56,280,977.0,160,977.88,160,978.2,40,978.21,120,978.22,40,979.12,40,979.13,40
2026-01-16 09:35:42,975.4,975.59,1,974.84,40,975.96,280,975.96,974.84,974.84,40,974.83,40,974.45,120,974.22,80,973.99,240,973.51,80,973.3,240,973.09,120,973.08,80,973.0,600,975.96,280,976.18,240,976.56,280,977.0,160,977.88,160,978.2,40,978.21,120,978.22,40,979.12,40,979.13,40
2026-01-16 09:35:43,974.925,974.84,1,974.45,120,975.4,40,975.4,974.45,974.45,120,974.22,80,973.99,240,973.51,80,973.3,240,973.09,120,973.08,80,973.0,600,972.25,40,972.0,280,975.4,40,975.88,80,975.92,80,975.96,280,976.18,240,976.56,280,977.0,160,977.88,160,978.2,40,978.21,120
2026-01-16 09:35:44,974.115,974.93,3,973.3,200,974.93,200,974.93,973.3,973.3,200,973.09,120,973.08,80,973.0,600,972.25,40,972.0,280,971.54,40,970.51,40,970.5,160,,,974.93,200,975.39,80,975.4,80,975.88,80,975.92,80,975.96,280,976.18,240,976.56,280,977.0,160,977.88,160
2026-01-16 09:35:45,974.46,974.93,3,973.99,40,974.93,200,974.93,973.99,973.99,40,973.3,200,973.09,120,973.08,80,973.0,600,972.25,40,972.0,280,971.54,40,970.51,40,970.5,160,974.93,200,975.39,80,975.4,80,975.88,80,975.92,80,975.96,280,976.18,240,976.56,280,977.0,160,977.88,160
2026-01-16 09:35:46,974.46,974.93,3,973.99,40,974.93,200,974.93,973.99,973.99,40,973.3,200,973.09,120,973.08,80,973.0,600,972.25,40,972.0,280,971.54,40,970.51,40,970.5,160,974.93,200,975.39,80,975.4,80,975.88,80,975.92,80,975.96,280,976.18,240,976.56,280,977.0,160,977.88,160
2026-01-16 09:35:47,974.7,974.93,3,973.99,80,975.41,40,975.41,973.99,973.99,80,973.3,200,973.09,120,973.08,80,973.0,600,972.25,40,972.0,280,971.54,40,970.51,40,970.5,160,975.41,40,975.88,80,975.92,80,975.96,280,976.18,240,976.56,280,977.0,160,977.88,160,978.2,40,978.21,120
2026-01-16 09:35:48,975.35,974.93,3,974.79,40,975.91,120,975.91,974.79,974.79,40,974.63,80,974.26,120,973.99,80,973.3,200,973.09,120,973.08,80,973.0,600,972.25,40,972.0,280,975.91,120,975.92,80,975.96,280,976.18,240,976.56,280,977.0,160,977.88,160,978.2,40,978.21,120,978.22,40
2026-01-16 09:35:49,975.35,974.93,3,974.79,120,975.91,120,975.91,974.79,974.79,120,974.63,80,974.26,120,973.99,80,973.3,200,973.09,120,973.08,80,973.0,600,972.25,40,972.0,280,975.91,120,975.92,80,975.96,280,976.18,240,976.56,280,977.0,160,977.88,160,978.2,40,978.21,120,978.22,40
2026-01-16 09:35:50,975.365,974.93,3,974.82,200,975.91,120,975.91,974.82,974.82,200,974.79,120,974.63,80,974.26,120,973.99,80,973.3,200,973.09,120,973.08,80,973.0,600,972.25,40,975.91,120,975.92,80,975.96,280,976.18,240,976.56,280,977.0,160,977.88,160,978.2,40,978.21,120,978.22,40
2026-01-16 09:35:51,975.635,974.93,3,975.36,40,975.91,120,975.91,975.36,975.36,40,974.82,200,974.79,120,974.63,80,974.26,120,973.99,80,973.3,200,973.09,120,973.08,80,973.0,600,975.91,120,975.92,80,975.96,280,976.18,240,976.56,280,977.0,160,977.88,160,978.2,40,978.21,120,978.22,40
2026-01-16 09:35:52,975.385,974.93,3,974.86,80,975.91,120,975.91,974.86,974.86,80,974.82,200,974.79,120,974.63,80,974.26,120,973.99,80,973.3,200,973.09,120,973.08,80,973.0,600,975.91,120,975.92,80,975.96,280,976.18,240,976.56,280,977.0,160,977.88,160,978.2,40,978.21,120,978.22,40
2026-01-16 09:35:53,975.385,974.93,3,974.86,120,975.91,120,975.91,974.86,974.86,120,974.82,200,974.79,120,974.63,80,974.26,120,973.99,80,973.3,200,973.09,120,973.08,80,973.0,600,975.91,120,975.92,80,975.96,280,976.18,240,976.56,280,977.0,160,977.88,160,978.2,40,978.21,120,978.22,40
2026-01-16 09:35:54,975.385,974.93,3,974.86,120,975.91,120,975.91,974.86,974.86,120,974.82,200,974.79,120,974.63,80,974.26,120,973.99,80,973.3,200,973.09,120,973.08,80,973.0,600,975.91,120,975.92,80,975.96,280,976.18,240,976.56,280,977.0,160,977.88,160,978.2,40,978.21,120,978.22,40
2026-01-16 09:35:55,975.385,974.93,3,974.86,120,975.91,120,975.91,974.86,974.86,120,974.82,200,974.79,120,974.63,80,974.26,120,973.99,80,973.3,200,973.09,120,973.08,80,973.0,600,975.91,120,975.92,80,975.96,280,976.18,240,976.56,280,977.0,160,977.88,160,978.2,40,978.21,120,978.22,40
2026-01-16 09:35:56,975.035,974.7,1,974.26,80,975.81,80,975.81,974.26,974.26,80,973.99,80,973.3,200,973.09,120,973.08,80,973.0,600,972.25,40,972.0,280,971.54,40,970.51,40,975.81,80,975.91,120,975.92,80,975.96,280,976.18,240,976.56,280,977.0,160,977.88,160,978.2,40,978.21,120
2026-01-16 09:35:57,975.035,974.7,1,974.26,80,975.81,160,975.81,974.26,974.26,80,973.99,80,973.3,200,973.09,120,973.08,80,973.0,600,972.25,40,972.0,280,971.54,40,970.51,40,975.81,160,975.91,120,975.92,80,975.96,280,976.18,240,976.56,280,977.0,160,977.88,160,978.2,40,978.21,120
2026-01-16 09:35:58,974.87,974.7,1,974.26,80,975.48,80,975.48,974.26,974.26,80,973.99,80,973.3,200,973.09,120,973.08,80,973.0,600,972.25,40,972.0,280,971.54,40,970.51,40,975.48,80,975.81,160,975.91,120,975.92,80,975.96,280,976.18,240,976.56,280,977.0,160,977.88,160,978.2,40
2026-01-16 09:35:59,974.87,974.7,1,974.26,80,975.48,80,975.48,974.26,974.26,80,973.99,80,973.3,200,973.09,120,973.08,80,973.0,600,972.25,40,972.0,280,971.54,40,970.51,40,975.48,80,975.81,160,975.91,120,975.92,80,975.96,280,976.18,240,976.56,280,977.0,160,977.88,160,978.2,40
2026-01-16 09:36:00,974.87,974.7,1,974.26,80,975.48,160,975.48,974.26,974.26,80,973.99,80,973.3,200,973.09,120,973.08,80,973.0,600,972.25,40,972.0,280,971.54,40,970.51,40,975.48,160,975.81,160,975.91,120,975.92,80,975.96,280,976.18,240,976.56,280,977.0,160,977.88,160,978.2,40
2026-01-16 09:36:01,973.975,974.7,1,973.3,280,974.65,120,974.65,973.3,973.3,280,973.09,120,973.08,80,973.0,600,972.25,40,972.0,280,971.54,40,970.51,40,970.5,160,,,974.65,120,974.7,80,975.0,80,975.04,40,975.14,40,975.48,160,975.81,160,975.91,120,975.92,80,975.96,280
2026-01-16 09:36:02,974.13,974.7,1,973.3,280,974.96,80,974.96,973.3,973.3,280,973.09,120,973.08,80,973.0,600,972.25,40,972.0,280,971.54,40,970.51,40,970.5,160,,,974.96,80,975.0,40,975.04,40,975.14,40,975.48,160,975.81,160,975.91,120,975.92,80,975.96,280,976.18,240
2026-01-16 09:36:03,974.475,974.7,1,973.99,40,974.96,120,974.96,973.99,973.99,40,973.3,280,973.09,120,973.08,80,973.0,600,972.25,40,972.0,280,971.54,40,970.51,40,970.5,160,974.96,120,975.0,40,975.04,40,975.14,40,975.48,160,975.81,160,975.91,120,975.92,80,975.96,280,976.18,240
2026-01-16 09:36:04,974.475,974.7,1,973.99,80,974.96,120,974.96,973.99,973.99,80,973.3,280,973.09,120,973.08,80,973.0,600,972.25,40,972.0,280,971.54,40,970.51,40,970.5,160,974.96,120,975.0,40,975.04,40,975.14,40,975.48,160,975.81,160,975.91,120,975.92,80,975.96,280,976.18,240
2026-01-16 09:36:05,974.475,974.7,1,973.99,80,974.96,120,974.96,973.99,973.99,80,973.3,280,973.09,120,973.08,80,973.0,600,972.25,40,972.0,280,971.54,40,970.51,40,970.5,160,974.96,120,975.0,40,975.04,40,975.14,40,975.48,160,975.81,160,975.91,120,975.92,80,975.96,280,976.18,240
2026-01-16 09:36:06,974.475,974.7,1,973.99,80,974.96,120,974.96,973.99,973.99,80,973.3,280,973.09,120,973.08,80,973.0,600,972.25,40,972.0,280,971.54,40,970.51,40,970.5,160,974.96,120,975.0,40,975.04,40,975.14,40,975.48,160,975.81,160,975.91,120,975.92,80,975.96,280,976.18,240
2026-01-16 09:36:07,974.475,974.7,1,973.99,80,974.96,80,974.96,973.99,973.99,80,973.3,280,973.09,120,973.08,80,973.0,600,972.25,40,972.0,280,971.54,40,970.51,40,970.5,160,974.96,80,975.0,40,975.04,40,975.14,40,975.48,160,975.81,160,975.91,120,975.92,80,975.96,280,976.18,240
2026-01-16 09:36:08,974.475,974.7,1,973.99,80,974.96,80,974.96,973.99,973.99,80,973.3,280,973.09,120,973.08,80,973.0,600,972.25,40,972.0,280,971.54,40,970.51,40,970.5,160,974.96,80,975.0,40,975.04,40,975.14,40,975.48,160,975.81,160,975.91,120,975.92,80,975.96,280,976.18,240
2026-01-16 09:36:09,974.475,974.7,1,973.99,80,974.96,80,974.96,973.99,973.99,80,973.3,280,973.09,120,973.08,80,973.0,600,972.25,40,972.0,280,971.54,40,970.51,40,970.5,160,974.96,80,975.0,40,975.04,40,975.14,40,975.48,160,975.81,160,975.91,120,975.92,80,975.96,280,976.18,240
2026-01-16 09:36:10,974.475,974.7,1,973.99,80,974.96,80,974.96,973.99,973.99,80,973.3,280,973.09,120,973.08,80,973.0,600,972.25,40,972.0,280,971.54,40,970.51,40,970.5,160,974.96,80,975.0,40,975.04,40,975.14,40,975.48,160,975.81,160,975.91,120,975.92,80,975.96,280,976.18,240
2026-01-16 09:36:11,974.475,974.86,1,973.99,80,974.96,120,974.96,973.99,973.99,80,973.3,280,973.09,120,973.08,80,973.0,600,972.25,40,972.0,280,971.54,40,970.51,40,970.5,160,974.96,120,975.0,40,975.04,40,975.14,40,975.48,160,975.81,160,975.91,120,975.92,80,975.96,280,976.18,240
2026-01-16 09:36:12,974.475,974.86,1,973.99,80,974.96,120,974.96,973.99,973.99,80,973.3,280,973.09,120,973.08,80,973.0,600,972.25,40,972.0,280,971.54,40,970.51,40,970.5,160,974.96,120,975.0,40,975.04,40,975.14,40,975.48,160,975.81,160,975.91,120,975.92,80,975.96,280,976.18,240
2026-01-16 09:36:13,974.475,974.86,1,973.99,80,974.96,120,974.96,973.99,973.99,80,973.3,280,973.09,120,973.08,80,973.0,600,972.25,40,972.0,280,971.54,40,970.51,40,970.5,160,974.96,120,975.0,40,975.04,40,975.14,40,975.48,160,975.81,160,975.91,120,975.92,80,975.96,280,976.18,240
2026-01-16 09:36:14,974.475,974.86,1,973.99,80,974.96,120,974.96,973.99,973.99,80,973.3,280,973.09,120,973.08,80,973.0,600,972.25,40,972.0,280,971.54,40,970.51,40,970.5,160,974.96,120,975.0,40,975.04,40,975.14,40,975.48,160,975.81,160,975.91,120,975.92,80,975.96,280,976.18,240
2026-01-16 09:36:15,974.475,974.86,1,973.99,80,974.96,120,974.96,973.99,973.99,80,973.3,280,973.09,120,973.08,80,973.0,600,972.25,40,972.0,280,971.54,40,970.51,40,970.5,160,974.96,120,975.0,40,975.04,40,975.14,40,975.48,160,975.81,160,975.91,120,975.92,80,975.96,280,976.18,240
2026-01-16 09:36:16,974.025,974.86,1,973.55,40,974.5,200,974.5,973.55,973.55,40,973.3,280,973.09,120,973.08,80,973.0,600,972.25,40,972.0,280,971.54,40,970.51,40,970.5,160,974.5,200,974.69,40,974.95,40,974.96,160,975.0,40,975.04,40,975.14,40,975.48,160,975.81,160,975.91,120
2026-01-16 09:36:17,974.475,974.86,1,973.99,40,974.96,160,974.96,973.99,973.99,40,973.55,40,973.3,280,973.09,120,973.08,80,973.0,600,972.25,40,972.0,280,971.54,40,970.51,40,974.96,160,975.0,40,975.04,40,975.14,40,975.48,160,975.81,160,975.91,120,975.92,80,975.96,280,976.18,240
2026-01-16 09:36:18,974.255,974.86,1,973.55,80,974.96,240,974.96,973.55,973.55,80,973.3,280,973.09,120,973.08,80,973.0,600,972.25,40,972.0,280,971.54,40,970.51,40,970.5,160,974.96,240,975.0,40,975.04,40,975.14,40,975.48,160,975.81,160,975.91,120,975.92,80,975.96,280,976.18,240
2026-01-16 09:36:19,974.255,974.86,1,973.55,80,974.96,240,974.96,973.55,973.55,80,973.3,280,973.09,120,973.08,80,973.0,600,972.25,40,972.0,280,971.54,40,970.51,40,970.5,160,974.96,240,975.0,40,975.04,40,975.14,40,975.48,160,975.81,160,975.91,120,975.92,80,975.96,280,976.18,240
2026-01-16 09:36:20,975.115,974.86,1,974.5,40,975.73,80,975.73,974.5,974.5,40,973.6,160,973.55,80,973.3,280,973.09,120,973.08,80,973.0,600,972.25,40,972.0,280,971.54,40,975.73,80,975.81,160,975.91,120,975.92,80,975.96,280,976.18,240,976.56,280,977.0,160,977.88,160,978.2,40
2026-01-16 09:36:21,975.42,974.86,1,975.11,80,975.73,80,975.73,975.11,975.11,80,975.04,80,974.5,40,973.6,160,973.55,80,973.3,280,973.09,120,973.08,80,973.0,600,972.25,40,975.73,80,975.81,160,975.91,120,975.92,80,975.96,280,976.18,240,976.56,280,977.0,160,977.88,160,978.2,40
2026-01-16 09:36:22,974.765,974.86,1,974.07,40,975.46,40,975.46,974.07,974.07,40,973.6,160,973.55,80,973.3,280,973.09,120,973.08,80,973.0,600,972.25,40,972.0,280,971.54,40,975.46,40,975.51,40,975.56,80,975.73,80,975.81,160,975.91,120,975.92,80,975.96,280,976.18,240,976.56,280
2026-01-16 09:36:23,974.765,974.86,1,974.07,80,975.46,40,975.46,974.07,974.07,80,973.6,160,973.55,80,973.3,280,973.09,120,973.08,80,973.0,600,972.25,40,972.0,280,971.54,40,975.46,40,975.51,40,975.56,80,975.73,80,975.81,160,975.91,120,975.92,80,975.96,280,976.18,240,976.56,280
2026-01-16 09:36:25,976.07,974.86,1,975.58,240,976.56,280,976.56,975.58,975.58,240,975.53,40,975.34,40,975.17,40,975.16,40,975.03,40,974.76,240,974.08,40,974.07,200,973.6,160,976.56,280,977.0,160,977.88,160,978.2,40,978.21,120,978.22,40,979.12,40,979.13,40,979.17,40,979.18,200
2026-01-16 09:36:26,976.07,974.86,1,975.58,240,976.56,280,976.56,975.58,975.58,240,975.53,40,975.34,40,975.17,40,975.16,40,975.03,40,974.76,240,974.08,40,974.07,200,973.6,160,976.56,280,977.0,160,977.88,160,978.2,40,978.21,120,978.22,40,979.12,40,979.13,40,979.17,40,979.18,200
2026-01-16 09:36:27,976.225,974.86,1,975.89,80,976.56,280,976.56,975.89,975.89,80,975.58,120,975.53,40,975.34,40,975.17,40,975.16,40,975.03,40,974.76,240,974.08,40,974.07,200,976.56,280,977.0,160,977.88,160,978.2,40,978.21,120,978.22,40,979.12,40,979.13,40,979.17,40,979.18,200
2026-01-16 09:36:28,976.225,974.86,1,975.89,120,976.56,320,976.56,975.89,975.89,120,975.58,120,975.53,40,975.34,40,975.17,40,975.16,40,975.03,40,974.76,240,974.08,40,974.07,200,976.56,320,977.0,160,977.88,160,978.2,40,978.21,120,978.22,40,979.12,40,979.13,40,979.17,40,979.18,200
2026-01-16 09:36:29,975.785,974.86,1,975.17,40,976.4,200,976.4,975.17,975.17,40,975.16,40,974.08,40,974.07,200,973.6,160,973.55,80,973.3,280,973.09,120,973.08,80,973.0,600,976.4,200,976.56,280,977.0,160,977.88,160,978.2,40,978.21,120,978.22,40,979.12,40,979.13,40,979.17,40
2026-01-16 09:36:30,975.785,974.86,1,975.17,40,976.4,240,976.4,975.17,975.17,40,975.16,40,974.08,40,974.07,200,973.6,160,973.55,80,973.3,280,973.09,120,973.08,80,973.0,600,976.4,240,976.56,280,977.0,160,977.88,160,978.2,40,978.21,120,978.22,40,979.12,40,979.13,40,979.17,40
2026-01-16 09:36:31,975.785,974.86,1,975.17,40,976.4,240,976.4,975.17,975.17,40,975.16,40,974.08,40,974.07,200,973.6,160,973.55,80,973.3,280,973.09,120,973.08,80,973.0,600,976.4,240,976.56,280,977.0,160,977.88,160,978.2,40,978.21,120,978.22,40,979.12,40,979.13,40,979.17,40
2026-01-16 09:36:32,975.785,974.86,1,975.17,40,976.4,240,976.4,975.17,975.17,40,975.16,40,974.08,40,974.07,200,973.6,160,973.55,80,973.3,280,973.09,120,973.08,80,973.0,600,976.4,240,976.56,280,977.0,160,977.88,160,978.2,40,978.21,120,978.22,40,979.12,40,979.13,40,979.17,40
2026-01-16 09:36:33,975.785,974.86,1,975.17,40,976.4,240,976.4,975.17,975.17,40,975.16,40,974.08,40,974.07,200,973.6,160,973.55,80,973.3,280,973.09,120,973.08,80,973.0,600,976.4,240,976.56,280,977.0,160,977.88,160,978.2,40,978.21,120,978.22,40,979.12,40,979.13,40,979.17,40
2026-01-16 09:36:34,975.79,974.86,1,975.18,40,976.4,240,976.4,975.18,975.18,40,974.7,120,974.08,40,974.07,200,973.6,160,973.55,80,973.3,280,973.09,120,973.08,80,973.0,600,976.4,240,976.56,280,977.0,160,977.88,160,978.2,40,978.21,120,978.22,40,979.12,40,979.13,40,979.17,40
2026-01-16 09:36:35,975.79,974.86,1,975.18,40,976.4,240,976.4,975.18,975.18,40,974.7,120,974.08,40,974.07,200,973.6,160,973.55,80,973.3,280,973.09,120,973.08,80,973.0,600,976.4,240,976.56,280,977.0,160,977.88,160,978.2,40,978.21,120,978.22,40,979.12,40,979.13,40,979.17,40
2026-01-16 09:36:36,975.79,974.86,1,975.18,40,976.4,240,976.4,975.18,975.18,40,974.7,120,974.08,40,974.07,200,973.6,160,973.55,80,973.3,280,973.09,120,973.08,80,973.0,600,976.4,240,976.56,280,977.0,160,977.88,160,978.2,40,978.21,120,978.22,40,979.12,40,979.13,40,979.17,40
2026-01-16 09:36:37,975.79,974.86,1,975.18,40,976.4,240,976.4,975.18,975.18,40,974.7,120,974.08,40,974.07,200,973.6,160,973.55,80,973.3,280,973.09,120,973.08,80,973.0,600,976.4,240,976.56,280,977.0,160,977.88,160,978.2,40,978.21,120,978.22,40,979.12,40,979.13,40,979.17,40
2026-01-16 09:36:38,975.79,974.86,1,975.18,120,976.4,240,976.4,975.18,975.18,120,974.7,120,974.08,40,974.07,200,973.6,160,973.55,80,973.3,280,973.09,120,973.08,80,973.0,600,976.4,240,976.56,280,977.0,160,977.88,160,978.2,40,978.21,120,978.22,40,979.12,40,979.13,40,979.17,40
2026-01-16 09:36:39,975.79,974.86,1,975.18,120,976.4,240,976.4,975.18,975.18,120,974.7,120,974.08,40,974.07,200,973.6,160,973.55,80,973.3,280,973.09,120,973.08,80,973.0,600,976.4,240,976.56,280,977.0,160,977.88,160,978.2,40,978.21,120,978.22,40,979.12,40,979.13,40,979.17,40
2026-01-16 09:36:40,975.79,974.86,1,975.18,80,976.4,240,976.4,975.18,975.18,80,974.7,120,974.08,40,974.07,200,973.6,160,973.55,80,973.3,280,973.09,120,973.08,80,973.0,600,976.4,240,976.56,280,977.0,160,977.88,160,978.2,40,978.21,120,978.22,40,979.12,40,979.13,40,979.17,40
2026-01-16 09:36:41,975.795,974.86,1,975.19,40,976.4,240,976.4,975.19,975.19,40,975.18,80,974.7,120,974.08,40,974.07,200,973.6,160,973.55,80,973.3,280,973.09,120,973.08,80,976.4,240,976.56,280,977.0,160,977.88,160,978.2,40,978.21,120,978.22,40,979.12,40,979.13,40,979.17,40
2026-01-16 09:36:42,974.71,975.0,5,973.62,80,975.8,240,975.8,973.62,973.62,80,973.6,120,973.55,80,973.3,280,973.09,120,973.08,80,973.0,600,972.25,40,972.0,280,971.54,40,975.8,240,976.4,200,976.56,280,977.0,160,977.88,160,978.2,40,978.21,120,978.22,40,979.12,40,979.13,40
2026-01-16 09:36:43,974.71,974.71,1,973.62,80,975.8,240,975.8,973.62,973.62,80,973.6,120,973.55,80,973.3,280,973.09,120,973.08,80,973.0,600,972.25,40,972.0,280,971.54,40,975.8,240,976.4,200,976.56,280,977.0,160,977.88,160,978.2,40,978.21,120,978.22,40,979.12,40,979.13,40
2026-01-16 09:36:44,974.605,974.71,1,973.62,80,975.59,80,975.59,973.62,973.62,80,973.6,120,973.55,80,973.3,280,973.09,120,973.08,80,973.0,600,972.25,40,972.0,280,971.54,40,975.59,80,975.8,240,976.4,200,976.56,280,977.0,160,977.88,160,978.2,40,978.21,120,978.22,40,979.12,40
2026-01-16 09:36:45,974.605,974.71,1,973.62,80,975.59,80,975.59,973.62,973.62,80,973.6,120,973.55,80,973.3,280,973.09,120,973.08,80,973.0,600,972.25,40,972.0,280,971.54,40,975.59,80,975.8,240,976.4,200,976.56,280,977.0,160,977.88,160,978.2,40,978.21,120,978.22,40,979.12,40
2026-01-16 09:36:46,974.605,974.71,1,973.62,80,975.59,80,975.59,973.62,973.62,80,973.6,120,973.55,80,973.3,280,973.09,120,973.08,80,973.0,600,972.25,40,972.0,280,971.54,40,975.59,80,975.8,240,976.4,200,976.56,280,977.0,160,977.88,160,978.2,40,978.21,120,978.22,40,979.12,40
2026-01-16 09:36:47,973.845,973.01,1,973.0,640,974.69,80,974.69,973.0,973.0,640,972.25,40,972.0,280,971.54,40,970.51,40,970.5,160,,,,,,,,,974.69,80,975.23,160,975.59,80,975.8,240,976.4,200,976.56,280,977.0,160,977.88,160,978.2,40,978.21,120
2026-01-16 09:36:48,974.085,973.01,1,973.0,640,975.17,80,975.17,973.0,973.0,640,972.25,40,972.0,280,971.54,40,970.51,40,970.5,160,,,,,,,,,975.17,80,975.23,160,975.59,80,975.8,240,976.4,200,976.56,280,977.0,160,977.88,160,978.2,40,978.21,120
2026-01-16 09:36:49,974.135,973.01,1,973.1,40,975.17,120,975.17,973.1,973.1,40,973.0,640,972.25,40,972.0,280,971.54,40,970.51,40,970.5,160,,,,,,,975.17,120,975.23,160,975.59,80,975.8,240,976.4,200,976.56,280,977.0,160,977.88,160,978.2,40,978.21,120
2026-01-16 09:36:50,974.245,973.01,1,973.32,80,975.17,120,975.17,973.32,973.32,80,973.1,40,973.0,640,972.25,40,972.0,280,971.54,40,970.51,40,970.5,160,,,,,975.17,120,975.23,160,975.59,80,975.8,240,976.4,200,976.56,280,977.0,160,977.88,160,978.2,40,978.21,120
2026-01-16 09:36:51,974.485,973.01,1,973.8,40,975.17,120,975.17,973.8,973.8,40,973.32,80,973.1,40,973.0,640,972.25,40,972.0,280,971.54,40,970.51,40,970.5,160,,,975.17,120,975.23,160,975.59,80,975.8,240,976.4,200,976.56,280,977.0,160,977.88,160,978.2,40,978.21,120
2026-01-16 09:36:52,974.245,973.01,1,973.32,80,975.17,120,975.17,973.32,973.32,80,973.1,40,973.0,640,972.25,40,972.0,280,971.54,40,970.51,40,970.5,160,,,,,975.17,120,975.23,160,975.59,80,975.8,240,976.4,200,976.56,280,977.0,160,977.88,160,978.2,40,978.21,120
2026-01-16 09:36:53,974.245,973.01,1,973.32,80,975.17,120,975.17,973.32,973.32,80,973.1,40,973.0,640,972.25,40,972.0,280,971.54,40,970.51,40,970.5,160,,,,,975.17,120,975.23,160,975.59,80,975.8,240,976.4,200,976.56,280,977.0,160,977.88,160,978.2,40,978.21,120
2026-01-16 09:36:54,974.245,973.01,1,973.32,80,975.17,120,975.17,973.32,973.32,80,973.1,40,973.0,640,972.25,40,972.0,280,971.54,40,970.51,40,970.5,160,,,,,975.17,120,975.23,160,975.59,80,975.8,240,976.4,200,976.56,280,977.0,160,977.88,160,978.2,40,978.21,120
