sim_time,mid_price,last_price,last_size,best_bid_price,best_bid_size,best_ask_price,best_ask_size,close_price_buy,close_price_sell,bid1_price,bid1_size,bid2_price,bid2_size,bid3_price,bid3_size,bid4_price,bid4_size,bid5_price,bid5_size,bid6_price,bid6_size,bid7_price,bid7_size,bid8_price,bid8_size,bid9_price,bid9_size,bid10_price,bid10_size,ask1_price,ask1_size,ask2_price,ask2_size,ask3_price,ask3_size,ask4_price,ask4_size,ask5_price,ask5_size,ask6_price,ask6_size,ask7_price,ask7_size,ask8_price,ask8_size,ask9_price,ask9_size,ask10_price,ask10_size
2026-01-16 09:30:36,379.24,379.24,1,378.9,320,379.58,80,379.58,378.9,378.9,320,378.7,80,378.0,120,,,,,,,,,,,,,,,379.58,80,379.59,200,379.68,920,379.9,80,,,,,,,,,,,,
2026-01-16 09:30:37,379.24,379.24,1,378.9,360,379.58,80,379.58,378.9,378.9,360,378.7,80,378.0,120,,,,,,,,,,,,,,,379.58,80,379.59,200,379.68,920,379.9,80,,,,,,,,,,,,
2026-01-16 09:30:38,379.24,379.24,1,378.9,360,379.58,80,379.58,378.9,378.9,360,378.7,80,378.0,120,,,,,,,,,,,,,,,379.58,80,379.59,200,379.68,920,379.9,80,,,,,,,,,,,,
2026-01-16 09:30:38,379.24,379.24,1,378.9,360,379.58,80,379.58,378.9,378.9,360,378.7,80,378.0,120,,,,,,,,,,,,,,,379.58,80,379.59,200,379.68,920,379.9,80,,,,,,,,,,,,
2026-01-16 09:30:39,379.24,379.24,1,378.9,360,379.58,80,379.58,378.9,378.9,360,378.7,80,378.0,120,,,,,,,,,,,,,,,379.58,80,379.59,200,379.68,920,379.9,80,,,,,,,,,,,,
2026-01-16 09:30:39,379.24,379.24,1,378.9,360,379.58,80,379.58,378.9,378.9,360,378.7,80,378.0,120,,,,,,,,,,,,,,,379.58,80,379.59,200,379.68,920,379.9,80,,,,,,,,,,,,
2026-01-16 09:30:41,379.24,379.24,1,378.9,320,379.58,80,379.58,378.9,378.9,320,378.7,80,378.0,120,,,,,,,,,,,,,,,379.58,80,379.59,200,379.68,920,379.9,80,,,,,,,,,,,,
2026-01-16 09:30:43,379.24,379.24,1,378.9,320,379.58,160,379.58,378.9,378.9,320,378.7,80,378.0,120,,,,,,,,,,,,,,,379.58,160,379.59,200,379.68,920,379.9,80,,,,,,,,,,,,
2026-01-16 09:30:44,379.24,379.24,1,378.9,320,379.58,160,379.58,378.9,378.9,320,378.7,80,378.0,120,,,,,,,,,,,,,,,379.58,160,379.59,200,379.68,920,379.9,80,,,,,,,,,,,,
2026-01-16 09:30:45,379.24,379.24,1,378.9,320,379.58,160,379.58,378.9,378.9,320,378.7,80,378.0,120,,,,,,,,,,,,,,,379.58,160,379.59,200,379.68,920,379.9,80,,,,,,,,,,,,
2026-01-16 09:30:46,379.24,379.24,1,378.9,320,379.58,160,379.58,378.9,378.9,320,378.7,80,378.0,120,,,,,,,,,,,,,,,379.58,160,379.59,200,379.68,920,379.9,80,,,,,,,,,,,,
2026-01-16 09:30:47,379.155,378.87,1,378.9,40,379.41,360,379.41,378.9,378.9,40,378.85,120,378.7,80,378.0,120,,,,,,,,,,,,,379.41,360,379.53,320,379.58,160,379.59,200,379.68,920,379.9,80,,,,,,,,
2026-01-16 09:30:48,379.155,378.87,1,378.9,120,379.41,320,379.41,378.9,378.9,120,378.85,120,378.7,80,378.0,120,,,,,,,,,,,,,379.41,320,379.53,320,379.58,160,379.59,200,379.68,920,379.9,80,,,,,,,,
2026-01-16 09:30:49,379.155,378.87,1,378.9,120,379.41,320,379.41,378.9,378.9,120,378.85,120,378.7,80,378.0,120,,,,,,,,,,,,,379.41,320,379.53,320,379.58,160,379.59,200,379.68,920,379.9,80,,,,,,,,
2026-01-16 09:30:50,379.155,378.87,1,378.9,120,379.41,320,379.41,378.9,378.9,120,378.85,120,378.7,80,378.0,120,,,,,,,,,,,,,379.41,320,379.53,320,379.58,160,379.59,200,379.68,920,379.9,80,,,,,,,,
2026-01-16 09:30:51,379.155,379.15,1,378.9,120,379.41,520,379.41,378.9,378.9,120,378.85,120,378.7,80,378.0,120,,,,,,,,,,,,,379.41,520,379.53,320,379.58,160,379.59,200,379.68,920,379.9,80,,,,,,,,
2026-01-16 09:30:52,379.155,379.15,1,378.9,120,379.41,520,379.41,378.9,378.9,120,378.85,120,378.7,80,378.0,120,,,,,,,,,,,,,379.41,520,379.53,320,379.58,160,379.59,200,379.68,920,379.9,80,,,,,,,,
2026-01-16 09:30:53,379.155,379.15,1,378.9,120,379.41,520,379.41,378.9,378.9,120,378.85,120,378.7,80,378.0,120,,,,,,,,,,,,,379.41,520,379.53,320,379.58,160,379.59,200,379.68,920,379.9,80,,,,,,,,
2026-01-16 09:30:54,379.155,379.15,1,378.9,120,379.41,520,379.41,378.9,378.9,120,378.85,120,378.7,80,378.0,120,,,,,,,,,,,,,379.41,520,379.53,320,379.58,160,379.59,200,379.68,920,379.9,80,,,,,,,,
2026-01-16 09:30:55,379.365,379.54,1,379.15,80,379.58,120,379.58,379.15,379.15,80,379.0,40,378.9,120,378.85,120,378.7,80,378.0,120,,,,,,,,,379.58,120,379.59,200,379.68,920,379.9,80,,,,,,,,,,,,
2026-01-16 09:30:56,379.345,379.54,1,379.15,80,379.54,40,379.54,379.15,379.15,80,379.0,40,378.9,120,378.85,120,378.7,80,378.0,120,,,,,,,,,379.54,40,379.58,120,379.59,200,379.68,920,379.9,80,,,,,,,,,,
2026-01-16 09:30:57,379.365,379.54,1,379.15,80,379.58,120,379.58,379.15,379.15,80,379.0,40,378.9,120,378.85,120,378.7,80,378.0,120,,,,,,,,,379.58,120,379.59,200,379.68,920,379.9,80,,,,,,,,,,,,
2026-01-16 09:30:58,379.365,379.54,1,379.15,160,379.58,120,379.58,379.15,379.15,160,379.0,40,378.9,120,378.85,120,378.7,80,378.0,120,,,,,,,,,379.58,120,379.59,200,379.68,920,379.9,80,,,,,,,,,,,,
2026-01-16 09:30:59,379.365,379.37,1,379.15,160,379.58,120,379.58,379.15,379.15,160,379.0,40,378.9,120,378.85,120,378.7,80,378.0,120,,,,,,,,,379.58,120,379.59,200,379.68,920,379.9,80,,,,,,,,,,,,
2026-01-16 09:31:00,379.365,379.37,1,379.15,160,379.58,120,379.58,379.15,379.15,160,379.0,40,378.9,120,378.85,120,378.7,80,378.0,120,,,,,,,,,379.58,120,379.59,200,379.68,920,379.9,80,,,,,,,,,,,,
2026-01-16 09:31:01,379.365,379.2,1,379.15,160,379.58,120,379.58,379.15,379.15,160,379.0,40,378.9,120,378.85,120,378.7,80,378.0,120,,,,,,,,,379.58,120,379.59,200,379.68,920,379.9,80,,,,,,,,,,,,
2026-01-16 09:31:02,379.29,379.29,1,379.15,240,379.43,1680,379.43,379.15,379.15,240,379.0,40,378.9,120,378.85,120,378.7,80,378.0,120,,,,,,,,,379.43,1680,379.58,120,379.59,200,379.68,920,379.9,80,,,,,,,,,,
2026-01-16 09:31:03,379.29,379.29,1,379.15,240,379.43,1680,379.43,379.15,379.15,240,379.0,40,378.9,120,378.85,120,378.7,80,378.0,120,,,,,,,,,379.43,1680,379.58,120,379.59,200,379.68,920,379.9,80,,,,,,,,,,
2026-01-16 09:31:04,379.29,379.29,1,379.15,240,379.43,1680,379.43,379.15,379.15,240,379.0,40,378.9,120,378.85,120,378.7,80,378.0,120,,,,,,,,,379.43,1680,379.58,120,379.59,200,379.68,920,379.9,80,,,,,,,,,,
2026-01-16 09:31:05,379.29,379.29,1,379.15,240,379.43,1680,379.43,379.15,379.15,240,379.0,40,378.9,120,378.85,120,378.7,80,378.0,120,,,,,,,,,379.43,1680,379.58,120,379.59,200,379.68,920,379.9,80,,,,,,,,,,
2026-01-16 09:31:06,379.29,379.29,1,379.15,240,379.43,1680,379.43,379.15,379.15,240,379.0,40,378.9,120,378.85,120,378.7,80,378.0,120,,,,,,,,,379.43,1680,379.58,120,379.59,200,379.68,920,379.9,80,,,,,,,,,,
2026-01-16 09:31:07,379.29,379.29,1,379.15,240,379.43,1680,379.43,379.15,379.15,240,379.0,40,378.9,120,378.85,120,378.7,80,378.0,120,,,,,,,,,379.43,1680,379.58,120,379.59,200,379.68,920,379.9,80,,,,,,,,,,
2026-01-16 09:31:08,379.29,379.29,1,379.15,240,379.43,1680,379.43,379.15,379.15,240,379.0,40,378.9,120,378.85,120,378.7,80,378.0,120,,,,,,,,,379.43,1680,379.58,120,379.59,200,379.68,920,379.9,80,,,,,,,,,,
2026-01-16 09:31:09,379.29,379.29,1,379.15,240,379.43,1680,379.43,379.15,379.15,240,379.0,40,378.9,120,378.85,120,378.7,80,378.0,120,,,,,,,,,379.43,1680,379.58,120,379.59,200,379.68,920,379.9,80,,,,,,,,,,
2026-01-16 09:31:10,379.29,379.29,1,379.15,240,379.43,1680,379.43,379.15,379.15,240,379.0,40,378.9,120,378.85,120,378.7,80,378.0,120,,,,,,,,,379.43,1680,379.58,120,379.59,200,379.68,920,379.9,80,,,,,,,,,,
2026-01-16 09:31:11,379.6,379.58,1,379.3,160,379.9,120,379.9,379.3,379.3,160,379.15,360,379.0,40,378.9,120,378.85,120,378.7,80,378.0,120,,,,,,,379.9,120,,,,,,,,,,,,,,,,,,
2026-01-16 09:31:12,379.62,379.79,1,379.34,440,379.9,160,379.9,379.34,379.34,440,379.3,160,379.15,360,379.0,40,378.9,120,378.85,120,378.7,80,378.0,120,,,,,379.9,160,,,,,,,,,,,,,,,,,,
2026-01-16 09:31:13,379.62,379.79,1,379.34,440,379.9,160,379.9,379.34,379.34,440,379.3,160,379.15,360,379.0,40,378.9,120,378.85,120,378.7,80,378.0,120,,,,,379.9,160,,,,,,,,,,,,,,,,,,
2026-01-16 09:31:14,379.715,379.72,1,379.53,120,379.9,160,379.9,379.53,379.53,120,379.44,40,379.34,440,379.3,160,379.15,360,379.0,40,378.9,120,378.85,120,378.7,80,378.0,120,379.9,160,,,,,,,,,,,,,,,,,,
2026-01-16 09:31:15,379.715,379.72,1,379.53,120,379.9,160,379.9,379.53,379.53,120,379.44,40,379.34,440,379.3,160,379.15,360,379.0,40,378.9,120,378.85,120,378.7,80,378.0,120,379.9,160,,,,,,,,,,,,,,,,,,
2026-01-16 09:31:16,379.715,379.72,1,379.53,120,379.9,160,379.9,379.53,379.53,120,379.44,40,379.34,440,379.3,160,379.15,360,379.0,40,378.9,120,378.85,120,378.7,80,378.0,120,379.9,160,,,,,,,,,,,,,,,,,,
2026-01-16 09:31:17,379.715,379.72,1,379.53,120,379.9,160,379.9,379.53,379.53,120,379.44,40,379.34,440,379.3,160,379.15,360,379.0,40,378.9,120,378.85,120,378.7,80,378.0,120,379.9,160,,,,,,,,,,,,,,,,,,
2026-01-16 09:31:18,379.97,380.0,2,379.76,280,380.18,80,380.18,379.76,379.76,280,379.53,120,379.44,40,379.34,440,379.3,160,379.15,360,379.0,40,378.9,120,378.85,120,378.7,80,380.18,80,380.25,160,,,,,,,,,,,,,,,,
2026-01-16 09:31:19,379.97,379.97,1,379.76,320,380.18,120,380.18,379.76,379.76,320,379.53,120,379.44,40,379.34,440,379.3,160,379.15,360,379.0,40,378.9,120,378.85,120,378.7,80,380.18,120,380.25,160,,,,,,,,,,,,,,,,
2026-01-16 09:31:20,379.97,379.99,1,379.76,320,380.18,80,380.18,379.76,379.76,320,379.53,120,379.44,40,379.34,440,379.3,160,379.15,360,379.0,40,378.9,120,378.85,120,378.7,80,380.18,80,380.25,160,,,,,,,,,,,,,,,,
2026-01-16 09:31:21,379.97,379.99,1,379.76,320,380.18,80,380.18,379.76,379.76,320,379.53,120,379.44,40,379.34,440,379.3,160,379.15,360,379.0,40,378.9,120,378.85,120,378.7,80,380.18,80,380.25,160,,,,,,,,,,,,,,,,
2026-01-16 09:31:22,379.97,379.97,1,379.76,320,380.18,80,380.18,379.76,379.76,320,379.53,120,379.44,40,379.34,440,379.3,160,379.15,360,379.0,40,378.9,120,378.85,120,378.7,80,380.18,80,380.25,160,,,,,,,,,,,,,,,,
2026-01-16 09:31:23,379.97,379.97,1,379.76,320,380.18,80,380.18,379.76,379.76,320,379.53,120,379.44,40,379.34,440,379.3,160,379.15,360,379.0,40,378.9,120,378.85,120,378.7,80,380.18,80,380.25,160,,,,,,,,,,,,,,,,
2026-01-16 09:31:24,379.97,379.97,1,379.76,320,380.18,80,380.18,379.76,379.76,320,379.53,120,379.44,40,379.34,440,379.3,160,379.15,360,379.0,40,378.9,120,378.85,120,378.7,80,380.18,80,380.25,160,,,,,,,,,,,,,,,,
2026-01-16 09:31:25,379.97,379.97,1,379.76,320,380.18,80,380.18,379.76,379.76,320,379.53,120,379.44,40,379.34,440,379.3,160,379.15,360,379.0,40,378.9,120,378.85,120,378.7,80,380.18,80,380.25,160,,,,,,,,,,,,,,,,
2026-01-16 09:31:26,379.97,379.97,1,379.76,320,380.18,80,380.18,379.76,379.76,320,379.53,120,379.44,40,379.34,440,379.3,160,379.15,360,379.0,40,378.9,120,378.85,120,378.7,80,380.18,80,380.25,160,,,,,,,,,,,,,,,,
2026-01-16 09:31:27,379.97,379.97,1,379.76,320,380.18,80,380.18,379.76,379.76,320,379.53,120,379.44,40,379.34,440,379.3,160,379.15,360,379.0,40,378.9,120,378.85,120,378.7,80,380.18,80,380.25,160,,,,,,,,,,,,,,,,
2026-01-16 09:31:28,379.97,379.97,1,379.76,320,380.18,80,380.18,379.76,379.76,320,379.53,120,379.44,40,379.34,440,379.3,160,379.15,360,379.0,40,378.9,120,378.85,120,378.7,80,380.18,80,380.25,160,,,,,,,,,,,,,,,,
2026-01-16 09:31:29,379.97,379.97,1,379.76,320,380.18,80,380.18,379.76,379.76,320,379.53,120,379.44,40,379.34,440,379.3,160,379.15,360,379.0,40,378.9,120,378.85,120,378.7,80,380.18,80,380.25,160,,,,,,,,,,,,,,,,
2026-01-16 09:31:30,380.245,380.25,1,380.07,160,380.42,40,380.42,380.07,380.07,160,379.76,240,379.53,120,379.44,40,379.34,440,379.3,160,379.15,360,379.0,40,378.9,120,378.85,120,380.42,40,,,,,,,,,,,,,,,,,,
2026-01-16 09:31:31,380.245,380.25,2,380.07,160,380.42,40,380.42,380.07,380.07,160,379.76,240,379.53,120,379.44,40,379.34,440,379.3,160,379.15,360,379.0,40,378.9,120,378.85,120,380.42,40,,,,,,,,,,,,,,,,,,
2026-01-16 09:31:32,380.09,380.25,2,379.76,280,380.42,80,380.42,379.76,379.76,280,379.53,120,379.44,40,379.34,440,379.3,160,379.15,360,379.0,40,378.9,120,378.85,120,378.7,80,380.42,80,,,,,,,,,,,,,,,,,,
2026-01-16 09:31:33,380.09,380.25,2,379.76,320,380.42,80,380.42,379.76,379.76,320,379.53,120,379.44,40,379.34,440,379.3,160,379.15,360,379.0,40,378.9,120,378.85,120,378.7,80,380.42,80,,,,,,,,,,,,,,,,,,
2026-01-16 09:31:34,380.09,380.25,2,379.76,320,380.42,80,380.42,379.76,379.76,320,379.53,120,379.44,40,379.34,440,379.3,160,379.15,360,379.0,40,378.9,120,378.85,120,378.7,80,380.42,80,,,,,,,,,,,,,,,,,,
2026-01-16 09:31:35,380.1,380.25,2,379.76,320,380.44,40,380.44,379.76,379.76,320,379.53,120,379.44,40,379.34,440,379.3,160,379.15,360,379.0,40,378.9,120,378.85,120,378.7,80,380.44,40,,,,,,,,,,,,,,,,,,
2026-01-16 09:31:36,380.1,380.25,2,379.76,320,380.44,40,380.44,379.76,379.76,320,379.53,120,379.44,40,379.34,440,379.3,160,379.15,360,379.0,40,378.9,120,378.85,120,378.7,80,380.44,40,,,,,,,,,,,,,,,,,,
2026-01-16 09:31:37,380.1,380.25,2,379.76,320,380.44,40,380.44,379.76,379.76,320,379.53,120,379.44,40,379.34,440,379.3,160,379.15,360,379.0,40,378.9,120,378.85,120,378.7,80,380.44,40,,,,,,,,,,,,,,,,,,
2026-01-16 09:31:38,380.1,379.9,2,379.76,320,380.44,40,380.44,379.76,379.76,320,379.53,120,379.44,40,379.34,440,379.3,160,379.15,360,379.0,40,378.9,120,378.85,120,378.7,80,380.44,40,,,,,,,,,,,,,,,,,,
2026-01-16 09:31:39,380.1,379.9,2,379.76,320,380.44,40,380.44,379.76,379.76,320,379.53,120,379.44,40,379.34,440,379.3,160,379.15,360,379.0,40,378.9,120,378.85,120,378.7,80,380.44,40,,,,,,,,,,,,,,,,,,
2026-01-16 09:31:40,380.1,379.9,2,379.76,320,380.44,40,380.44,379.76,379.76,320,379.53,120,379.44,40,379.34,440,379.3,160,379.15,360,379.0,40,378.9,120,378.85,120,378.7,80,380.44,40,,,,,,,,,,,,,,,,,,
2026-01-16 09:31:41,380.1,379.9,2,379.76,320,380.44,40,380.44,379.76,379.76,320,379.53,120,379.44,40,379.34,440,379.3,160,379.15,360,379.0,40,378.9,120,378.85,120,378.7,80,380.44,40,,,,,,,,,,,,,,,,,,
2026-01-16 09:31:42,380.1,379.9,2,379.76,320,380.44,40,380.44,379.76,379.76,320,379.53,120,379.44,40,379.34,440,379.3,160,379.15,360,379.0,40,378.9,120,378.85,120,378.7,80,380.44,40,,,,,,,,,,,,,,,,,,
2026-01-16 09:31:43,380.1,379.9,2,379.76,320,380.44,40,380.44,379.76,379.76,320,379.53,120,379.44,40,379.34,440,379.3,160,379.15,360,379.0,40,378.9,120,378.85,120,378.7,80,380.44,40,,,,,,,,,,,,,,,,,,
2026-01-16 09:31:44,380.1,379.9,2,379.76,320,380.44,40,380.44,379.76,379.76,320,379.53,120,379.44,40,379.34,440,379.3,160,379.15,360,379.0,40,378.9,120,378.85,120,378.7,80,380.44,40,,,,,,,,,,,,,,,,,,
2026-01-16 09:31:45,380.1,379.9,2,379.76,320,380.44,120,380.44,379.76,379.76,320,379.53,120,379.44,40,379.34,440,379.3,160,379.15,360,379.0,40,378.9,120,378.85,120,378.7,80,380.44,120,,,,,,,,,,,,,,,,,,
2026-01-16 09:31:46,380.1,379.9,2,379.76,320,380.44,160,380.44,379.76,379.76,320,379.53,120,379.44,40,379.34,440,379.3,160,379.15,360,379.0,40,378.9,120,378.85,120,378.7,80,380.44,160,,,,,,,,,,,,,,,,,,
2026-01-16 09:31:47,380.1,379.9,2,379.76,320,380.44,160,380.44,379.76,379.76,320,379.53,120,379.44,40,379.34,440,379.3,160,379.15,360,379.0,40,378.9,120,378.85,120,378.7,80,380.44,160,,,,,,,,,,,,,,,,,,
2026-01-16 09:31:48,380.1,379.9,2,379.76,320,380.44,160,380.44,379.76,379.76,320,379.53,120,379.44,40,379.34,440,379.3,160,379.15,360,379.0,40,378.9,120,378.85,120,378.7,80,380.44,160,,,,,,,,,,,,,,,,,,
2026-01-16 09:31:49,380.1,379.9,2,379.76,320,380.44,160,380.44,379.76,379.76,320,379.53,120,379.44,40,379.34,440,379.3,160,379.15,360,379.0,40,378.9,120,378.85,120,378.7,80,380.44,160,,,,,,,,,,,,,,,,,,
2026-01-16 09:31:50,380.1,380.44,1,379.76,320,380.44,160,380.44,379.76,379.76,320,379.53,120,379.44,40,379.34,440,379.3,160,379.15,360,379.0,40,378.9,120,378.85,120,378.7,80,380.44,160,,,,,,,,,,,,,,,,,,
2026-01-16 09:31:51,380.1,380.44,1,379.76,320,380.44,160,380.44,379.76,379.76,320,379.53,120,379.44,40,379.34,440,379.3,160,379.15,360,379.0,40,378.9,120,378.85,120,378.7,80,380.44,160,,,,,,,,,,,,,,,,,,
2026-01-16 09:31:52,380.1,380.44,1,379.76,320,380.44,160,380.44,379.76,379.76,320,379.53,120,379.44,40,379.34,440,379.3,160,379.15,360,379.0,40,378.9,120,378.85,120,378.7,80,380.44,160,,,,,,,,,,,,,,,,,,
2026-01-16 09:31:53,380.1,380.44,1,379.76,320,380.44,160,380.44,379.76,379.76,320,379.53,120,379.44,40,379.34,440,379.3,160,379.15,360,379.0,40,378.9,120,378.85,120,378.7,80,380.44,160,,,,,,,,,,,,,,,,,,
2026-01-16 09:31:54,380.065,379.77,1,379.69,160,380.44,160,380.44,379.69,379.69,160,379.53,40,379.44,40,379.34,440,379.3,160,379.15,360,379.0,40,378.9,120,378.85,120,378.7,80,380.44,160,,,,,,,,,,,,,,,,,,
2026-01-16 09:31:55,380.065,379.77,1,379.69,160,380.44,160,380.44,379.69,379.69,160,379.53,40,379.44,40,379.34,440,379.3,160,379.15,360,379.0,40,378.9,120,378.85,120,378.7,80,380.44,160,,,,,,,,,,,,,,,,,,
2026-01-16 09:31:56,380.065,379.77,1,379.69,280,380.44,160,380.44,379.69,379.69,280,379.53,40,379.44,40,379.34,440,379.3,160,379.15,360,379.0,40,378.9,120,378.85,120,378.7,80,380.44,160,,,,,,,,,,,,,,,,,,
2026-01-16 09:31:57,380.065,379.77,1,379.69,280,380.44,160,380.44,379.69,379.69,280,379.53,40,379.44,40,379.34,440,379.3,160,379.15,360,379.0,40,378.9,120,378.85,120,378.7,80,380.44,160,,,,,,,,,,,,,,,,,,
2026-01-16 09:31:58,380.065,379.77,1,379.69,280,380.44,160,380.44,379.69,379.69,280,379.53,40,379.44,40,379.34,440,379.3,160,379.15,360,379.0,40,378.9,120,378.85,120,378.7,80,380.44,160,,,,,,,,,,,,,,,,,,
2026-01-16 09:31:59,380.195,379.77,1,379.95,80,380.44,160,380.44,379.95,379.95,80,379.69,280,379.53,40,379.44,40,379.34,440,379.3,160,379.15,360,379.0,40,378.9,120,378.85,120,380.44,160,,,,,,,,,,,,,,,,,,
2026-01-16 09:32:00,380.195,379.77,1,379.95,200,380.44,160,380.44,379.95,379.95,200,379.69,280,379.53,40,379.44,40,379.34,440,379.3,160,379.15,360,379.0,40,378.9,120,378.85,120,380.44,160,,,,,,,,,,,,,,,,,,
2026-01-16 09:32:01,380.195,379.77,1,379.95,200,380.44,160,380.44,379.95,379.95,200,379.69,280,379.53,40,379.44,40,379.34,440,379.3,160,379.15,360,379.0,40,378.9,120,378.85,120,380.44,160,,,,,,,,,,,,,,,,,,
2026-01-16 09:32:02,380.3,380.24,1,380.16,80,380.44,160,380.44,380.16,380.16,80,380.04,160,379.97,40,379.95,280,379.69,280,379.53,40,379.44,40,379.34,440,379.3,160,379.15,360,380.44,160,,,,,,,,,,,,,,,,,,
2026-01-16 09:32:03,380.3,380.3,1,380.16,80,380.44,120,380.44,380.16,380.16,80,380.04,160,379.97,40,379.95,280,379.69,280,379.53,40,379.44,40,379.34,440,379.3,160,379.15,360,380.44,120,,,,,,,,,,,,,,,,,,
2026-01-16 09:32:04,380.3,380.3,1,380.16,80,380.44,120,380.44,380.16,380.16,80,380.04,160,379.97,40,379.95,280,379.69,280,379.53,40,379.44,40,379.34,440,379.3,160,379.15,360,380.44,120,,,,,,,,,,,,,,,,,,
2026-01-16 09:32:05,380.3,380.3,1,380.16,80,380.44,120,380.44,380.16,380.16,80,380.04,160,379.97,40,379.95,280,379.69,280,379.53,40,379.44,40,379.34,440,379.3,160,379.15,360,380.44,120,,,,,,,,,,,,,,,,,,
2026-01-16 09:32:06,380.3,380.3,1,380.16,80,380.44,120,380.44,380.16,380.16,80,380.04,160,379.97,40,379.95,280,379.69,280,379.53,40,379.44,40,379.34,440,379.3,160,379.15,360,380.44,120,,,,,,,,,,,,,,,,,,
2026-01-16 09:32:07,380.51,380.3,1,380.27,200,380.75,40,380.75,380.27,380.27,200,380.16,320,380.04,160,379.97,40,379.95,280,379.69,280,379.53,40,379.44,40,379.34,440,379.3,160,380.75,40,,,,,,,,,,,,,,,,,,
2026-01-16 09:32:08,380.51,380.3,1,380.27,200,380.75,40,380.75,380.27,380.27,200,380.16,320,380.04,160,379.97,40,379.95,280,379.69,280,379.53,40,379.44,40,379.34,440,379.3,160,380.75,40,,,,,,,,,,,,,,,,,,
2026-01-16 09:32:09,380.51,380.3,1,380.27,200,380.75,40,380.75,380.27,380.27,200,380.16,320,380.04,160,379.97,40,379.95,280,379.69,280,379.53,40,379.44,40,379.34,440,379.3,160,380.75,40,,,,,,,,,,,,,,,,,,
2026-01-16 09:32:10,380.52,380.3,1,380.27,360,380.77,200,380.77,380.27,380.27,360,380.16,320,380.04,160,379.97,40,379.95,280,379.69,280,379.53,40,379.44,40,379.34,440,379.3,160,380.77,200,,,,,,,,,,,,,,,,,,
2026-01-16 09:32:11,380.675,380.68,1,380.45,120,380.9,40,380.9,380.45,380.45,120,380.27,360,380.16,320,380.04,160,379.97,40,379.95,280,379.69,280,379.53,40,379.44,40,379.34,440,380.9,40,,,,,,,,,,,,,,,,,,
2026-01-16 09:32:12,380.675,380.68,1,380.45,160,380.9,40,380.9,380.45,380.45,160,380.27,360,380.16,320,380.04,160,379.97,40,379.95,280,379.69,280,379.53,40,379.44,40,379.34,440,380.9,40,,,,,,,,,,,,,,,,,,
2026-01-16 09:32:13,380.675,380.68,1,380.45,160,380.9,40,380.9,380.45,380.45,160,380.27,360,380.16,320,380.04,160,379.97,40,379.95,280,379.69,280,379.53,40,379.44,40,379.34,440,380.9,40,,,,,,,,,,,,,,,,,,
2026-01-16 09:32:14,380.69,380.68,1,380.45,240,380.93,40,380.93,380.45,380.45,240,380.27,360,380.16,320,380.04,160,379.97,40,379.95,280,379.69,280,379.53,40,379.44,40,379.34,440,380.93,40,,,,,,,,,,,,,,,,,,
2026-01-16 09:32:15,380.69,380.68,1,380.45,240,380.93,40,380.93,380.45,380.45,240,380.27,360,380.16,320,380.04,160,379.97,40,379.95,280,379.69,280,379.53,40,379.44,40,379.34,440,380.93,40,,,,,,,,,,,,,,,,,,
2026-01-16 09:32:16,380.69,380.93,2,380.45,240,380.93,40,380.93,380.45,380.45,240,380.27,360,380.16,320,380.04,160,379.97,40,379.95,280,379.69,280,379.53,40,379.44,40,379.34,440,380.93,40,,,,,,,,,,,,,,,,,,
2026-01-16 09:32:17,380.69,380.93,2,380.45,240,380.93,40,380.93,380.45,380.45,240,380.27,360,380.16,320,380.04,160,379.97,40,379.95,280,379.69,280,379.53,40,379.44,40,379.34,440,380.93,40,,,,,,,,,,,,,,,,,,
2026-01-16 09:32:18,380.69,380.93,1,380.45,240,380.93,40,380.93,380.45,380.45,240,380.27,360,380.16,320,380.04,160,379.97,40,379.95,280,379.69,280,379.53,40,379.44,40,379.34,440,380.93,40,,,,,,,,,,,,,,,,,,
2026-01-16 09:32:19,380.69,380.93,1,380.45,240,380.93,40,380.93,380.45,380.45,240,380.27,360,380.16,320,380.04,160,379.97,40,379.95,280,379.69,280,379.53,40,379.44,40,379.34,440,380.93,40,,,,,,,,,,,,,,,,,,
2026-01-16 09:32:20,380.695,380.93,1,380.46,160,380.93,40,380.93,380.46,380.46,160,380.45,240,380.27,360,380.16,320,380.04,160,379.97,40,379.95,280,379.69,280,379.53,40,379.44,40,380.93,40,,,,,,,,,,,,,,,,,,
2026-01-16 09:32:21,380.695,380.93,1,380.46,160,380.93,40,380.93,380.46,380.46,160,380.45,240,380.27,360,380.16,320,380.04,160,379.97,40,379.95,280,379.69,280,379.53,40,379.44,40,380.93,40,,,,,,,,,,,,,,,,,,
2026-01-16 09:32:22,380.27,380.35,5,379.91,720,380.63,120,380.63,379.91,379.91,720,379.69,280,379.53,40,379.44,40,379.34,440,379.3,160,379.15,360,379.0,40,378.9,120,378.85,120,380.63,120,380.66,80,380.76,40,380.93,40,,,,,,,,,,,,
2026-01-16 09:32:24,380.27,380.35,5,379.91,720,380.63,120,380.63,379.91,379.91,720,379.69,280,379.53,40,379.44,40,379.34,440,379.3,160,379.15,360,379.0,40,378.9,120,378.85,120,380.63,120,380.66,80,380.76,40,380.93,40,,,,,,,,,,,,
2026-01-16 09:32:25,380.27,380.35,5,379.91,720,380.63,120,380.63,379.91,379.91,720,379.69,280,379.53,40,379.44,40,379.34,440,379.3,160,379.15,360,379.0,40,378.9,120,378.85,120,380.63,120,380.66,80,380.76,40,380.93,40,,,,,,,,,,,,
2026-01-16 09:32:26,380.27,380.27,1,379.91,720,380.63,120,380.63,379.91,379.91,720,379.69,280,379.53,40,379.44,40,379.34,440,379.3,160,379.15,360,379.0,40,378.9,120,378.85,120,380.63,120,380.66,80,380.76,40,380.93,40,,,,,,,,,,,,
2026-01-16 09:32:26,380.27,380.27,1,379.91,720,380.63,120,380.63,379.91,379.91,720,379.69,280,379.53,40,379.44,40,379.34,440,379.3,160,379.15,360,379.0,40,378.9,120,378.85,120,380.63,120,380.66,80,380.76,40,380.93,40,,,,,,,,,,,,
2026-01-16 09:32:27,380.27,380.27,1,379.91,720,380.63,120,380.63,379.91,379.91,720,379.69,280,379.53,40,379.44,40,379.34,440,379.3,160,379.15,360,379.0,40,378.9,120,378.85,120,380.63,120,380.66,80,380.76,40,380.93,40,,,,,,,,,,,,
2026-01-16 09:32:29,380.27,380.27,1,379.91,720,380.63,120,380.63,379.91,379.91,720,379.69,280,379.53,40,379.44,40,379.34,440,379.3,160,379.15,360,379.0,40,378.9,120,378.85,120,380.63,120,380.66,80,380.76,40,380.93,40,,,,,,,,,,,,
2026-01-16 09:32:30,380.27,380.27,1,379.91,720,380.63,160,380.63,379.91,379.91,720,379.69,280,379.53,40,379.44,40,379.34,440,379.3,160,379.15,360,379.0,40,378.9,120,378.85,120,380.63,160,380.66,80,380.76,40,380.93,40,,,,,,,,,,,,
2026-01-16 09:32:30,380.27,380.27,1,379.91,720,380.63,160,380.63,379.91,379.91,720,379.69,280,379.53,40,379.44,40,379.34,440,379.3,160,379.15,360,379.0,40,378.9,120,378.85,120,380.63,160,380.66,80,380.76,40,380.93,40,,,,,,,,,,,,
2026-01-16 09:32:31,380.27,380.27,1,379.91,760,380.63,160,380.63,379.91,379.91,760,379.69,280,379.53,40,379.44,40,379.34,440,379.3,160,379.15,360,379.0,40,378.9,120,378.85,120,380.63,160,380.66,80,380.76,40,380.93,40,,,,,,,,,,,,
2026-01-16 09:32:33,380.27,380.27,1,379.91,760,380.63,160,380.63,379.91,379.91,760,379.69,280,379.53,40,379.44,40,379.34,440,379.3,160,379.15,360,379.0,40,378.9,120,378.85,120,380.63,160,380.66,80,380.76,40,380.93,40,,,,,,,,,,,,
2026-01-16 09:32:33,379.69,379.66,1,379.41,160,379.97,80,379.97,379.41,379.41,160,379.35,80,379.34,440,379.3,160,379.15,360,379.0,40,378.9,120,378.85,120,378.7,80,378.0,120,379.97,80,379.98,40,380.24,40,380.31,40,380.32,40,380.55,40,380.58,80,380.63,160,380.66,80,380.76,40
2026-01-16 09:32:35,379.1,378.97,1,378.79,240,379.41,40,379.41,378.79,378.79,240,378.66,200,378.6,80,378.0,120,,,,,,,,,,,,,379.41,40,379.43,80,379.61,40,379.7,40,379.71,120,379.82,160,379.97,80,379.98,40,380.24,40,380.31,40
2026-01-16 09:32:36,379.385,378.97,1,378.86,200,379.91,80,379.91,378.86,378.86,200,378.79,360,378.66,200,378.6,80,378.0,120,,,,,,,,,,,379.91,80,379.97,80,379.98,40,380.24,40,380.31,40,380.32,40,380.55,40,380.58,80,380.63,160,380.66,80
2026-01-16 09:32:36,379.385,378.97,1,378.86,240,379.91,160,379.91,378.86,378.86,240,378.79,360,378.66,200,378.6,80,378.0,120,,,,,,,,,,,379.91,160,379.97,80,379.98,40,380.24,40,380.31,40,380.32,40,380.55,40,380.58,80,380.63,160,380.66,80
2026-01-16 09:32:37,379.39,378.97,1,378.87,200,379.91,160,379.91,378.87,378.87,200,378.86,320,378.79,360,378.66,200,378.6,80,378.0,120,,,,,,,,,379.91,160,379.97,80,379.98,40,380.24,40,380.31,40,380.32,40,380.55,40,380.58,80,380.63,160,380.66,80
2026-01-16 09:32:39,379.395,378.97,1,378.88,200,379.91,160,379.91,378.88,378.88,200,378.87,200,378.86,320,378.79,360,378.66,200,378.6,80,378.0,120,,,,,,,379.91,160,379.97,80,379.98,40,380.24,40,380.31,40,380.32,40,380.55,40,380.58,80,380.63,160,380.66,80
2026-01-16 09:32:40,379.395,378.97,1,378.88,200,379.91,160,379.91,378.88,378.88,200,378.87,200,378.86,320,378.79,360,378.66,200,378.6,80,378.0,120,,,,,,,379.91,160,379.97,80,379.98,40,380.24,40,380.31,40,380.32,40,380.55,40,380.58,80,380.63,160,380.66,80
2026-01-16 09:32:41,379.395,378.97,1,378.88,200,379.91,160,379.91,378.88,378.88,200,378.87,200,378.86,320,378.79,360,378.66,200,378.6,80,378.0,120,,,,,,,379.91,160,379.97,80,379.98,40,380.24,40,380.31,40,380.32,40,380.55,40,380.58,80,380.63,160,380.66,80
2026-01-16 09:32:42,379.395,378.97,1,378.88,200,379.91,160,379.91,378.88,378.88,200,378.87,200,378.86,320,378.79,360,378.66,200,378.6,80,378.0,120,,,,,,,379.91,160,379.97,80,379.98,40,380.24,40,380.31,40,380.32,40,380.55,40,380.58,80,380.63,160,380.66,80
2026-01-16 09:32:43,379.395,378.97,1,378.89,200,379.9,40,379.9,378.89,378.89,200,378.88,240,378.87,200,378.86,320,378.79,360,378.66,200,378.6,80,378.0,120,,,,,379.9,40,379.91,160,379.97,80,379.98,40,380.24,40,380.31,40,380.32,40,380.55,40,380.58,80,380.63,160
2026-01-16 09:32:44,379.395,378.97,1,378.89,200,379.9,120,379.9,378.89,378.89,200,378.88,240,378.87,200,378.86,320,378.79,360,378.66,200,378.6,80,378.0,120,,,,,379.9,120,379.91,160,379.97,80,379.98,40,380.24,40,380.31,40,380.32,40,380.55,40,380.58,80,380.63,160
2026-01-16 09:32:45,379.425,379.4,1,378.94,40,379.91,40,379.91,378.94,378.94,40,378.93,40,378.89,880,378.88,240,378.87,200,378.86,320,378.79,360,378.66,200,378.6,80,378.0,120,379.91,40,379.92,80,379.93,80,380.24,80,380.31,40,380.32,40,380.55,40,380.58,80,380.63,160,380.66,80
2026-01-16 09:32:46,379.425,379.4,1,378.94,120,379.91,120,379.91,378.94,378.94,120,378.93,40,378.89,880,378.88,240,378.87,200,378.86,320,378.79,360,378.66,200,378.6,80,378.0,120,379.91,120,379.92,80,379.93,80,380.24,80,380.31,40,380.32,40,380.55,40,380.58,80,380.63,160,380.66,80
2026-01-16 09:32:47,379.425,379.4,1,378.94,120,379.91,120,379.91,378.94,378.94,120,378.93,40,378.89,880,378.88,240,378.87,200,378.86,320,378.79,360,378.66,200,378.6,80,378.0,120,379.91,120,379.92,80,379.93,80,380.24,80,380.31,40,380.32,40,380.55,40,380.58,80,380.63,160,380.66,80
2026-01-16 09:32:48,379.425,379.4,1,378.94,120,379.91,120,379.91,378.94,378.94,120,378.93,40,378.89,880,378.88,240,378.87,200,378.86,320,378.79,360,378.66,200,378.6,80,378.0,120,379.91,120,379.92,80,379.93,80,380.24,80,380.31,40,380.32,40,380.55,40,380.58,80,380.63,160,380.66,80
2026-01-16 09:32:48,379.43,379.4,1,378.95,80,379.91,120,379.91,378.95,378.95,80,378.94,160,378.93,40,378.89,880,378.88,240,378.87,200,378.86,320,378.79,360,378.66,200,378.6,80,379.91,120,379.92,80,379.93,80,380.24,80,380.31,40,380.32,40,380.55,40,380.58,80,380.63,160,380.66,80
2026-01-16 09:32:50,379.43,379.4,1,378.95,80,379.91,120,379.91,378.95,378.95,80,378.94,160,378.93,40,378.89,880,378.88,240,378.87,200,378.86,320,378.79,360,378.66,200,378.6,80,379.91,120,379.92,80,379.93,80,380.24,80,380.31,40,380.32,40,380.55,40,380.58,80,380.63,160,380.66,80
2026-01-16 09:32:51,379.43,379.4,1,378.95,80,379.91,120,379.91,378.95,378.95,80,378.94,160,378.93,40,378.89,880,378.88,240,378.87,200,378.86,320,378.79,360,378.66,200,378.6,80,379.91,120,379.92,80,379.93,80,380.24,80,380.31,40,380.32,40,380.55,40,380.58,80,380.63,160,380.66,80
2026-01-16 09:32:52,379.43,379.4,1,378.95,80,379.91,120,379.91,378.95,378.95,80,378.94,160,378.93,40,378.89,880,378.88,240,378.87,200,378.86,320,378.79,360,378.66,200,378.6,80,379.91,120,379.92,80,379.93,80,380.24,80,380.31,40,380.32,40,380.55,40,380.58,80,380.63,160,380.66,80
2026-01-16 09:32:52,379.43,379.4,1,378.95,80,379.91,120,379.91,378.95,378.95,80,378.94,160,378.93,40,378.89,880,378.88,240,378.87,200,378.86,320,378.79,360,378.66,200,378.6,80,379.91,120,379.92,80,379.93,80,380.24,80,380.31,40,380.32,40,380.55,40,380.58,80,380.63,160,380.66,80
2026-01-16 09:32:54,379.43,379.4,1,378.95,80,379.91,120,379.91,378.95,378.95,80,378.94,160,378.93,40,378.89,880,378.88,240,378.87,200,378.86,320,378.79,360,378.66,200,378.6,80,379.91,120,379.92,80,379.93,80,380.24,80,380.31,40,380.32,40,380.55,40,380.58,80,380.63,160,380.66,80
2026-01-16 09:32:55,379.43,379.4,1,378.95,80,379.91,120,379.91,378.95,378.95,80,378.94,160,378.93,40,378.89,880,378.88,240,378.87,200,378.86,320,378.79,360,378.66,200,378.6,80,379.91,120,379.92,80,379.93,80,380.24,80,380.31,40,380.32,40,380.55,40,380.58,80,380.63,160,380.66,80
2026-01-16 09:32:56,379.43,379.4,1,378.95,80,379.91,120,379.91,378.95,378.95,80,378.94,160,378.93,40,378.89,880,378.88,240,378.87,200,378.86,320,378.79,360,378.66,200,378.6,80,379.91,120,379.92,80,379.93,80,380.24,80,380.31,40,380.32,40,380.55,40,380.58,80,380.63,160,380.66,80
2026-01-16 09:32:57,379.43,379.4,1,378.95,80,379.91,120,379.91,378.95,378.95,80,378.94,160,378.93,40,378.89,880,378.88,240,378.87,200,378.86,320,378.79,360,378.66,200,378.6,80,379.91,120,379.92,80,379.93,80,380.24,80,380.31,40,380.32,40,380.55,40,380.58,80,380.63,160,380.66,80
2026-01-16 09:32:58,379.43,379.4,1,378.95,80,379.91,120,379.91,378.95,378.95,80,378.94,160,378.93,40,378.89,880,378.88,240,378.87,200,378.86,320,378.79,360,378.66,200,378.6,80,379.91,120,379.92,80,379.93,80,380.24,80,380.31,40,380.32,40,380.55,40,380.58,80,380.63,160,380.66,80
2026-01-16 09:32:59,379.45,379.4,1,378.99,120,379.91,120,379.91,378.99,378.99,120,378.95,80,378.94,160,378.93,40,378.89,880,378.88,240,378.87,200,378.86,320,378.79,360,378.66,200,379.91,120,379.92,80,379.93,80,380.24,80,380.31,40,380.32,40,380.55,40,380.58,80,380.63,160,380.66,80
2026-01-16 09:33:00,379.45,379.4,1,378.99,120,379.91,120,379.91,378.99,378.99,120,378.95,80,378.94,160,378.93,40,378.89,880,378.88,240,378.87,200,378.86,320,378.79,360,378.66,200,379.91,120,379.92,80,379.93,80,380.24,80,380.31,40,380.32,40,380.55,40,380.58,80,380.63,160,380.66,80
2026-01-16 09:33:01,379.45,379.4,1,378.99,160,379.91,120,379.91,378.99,378.99,160,378.95,80,378.94,160,378.93,40,378.89,880,378.88,240,378.87,200,378.86,320,378.79,360,378.66,200,379.91,120,379.92,80,379.93,80,380.24,80,380.31,40,380.32,40,380.55,40,380.58,80,380.63,160,380.66,80
2026-01-16 09:33:02,379.45,379.4,1,378.99,160,379.91,120,379.91,378.99,378.99,160,378.95,80,378.94,160,378.93,40,378.89,880,378.88,240,378.87,200,378.86,320,378.79,360,378.66,200,379.91,120,379.92,80,379.93,80,380.24,80,380.31,40,380.32,40,380.55,40,380.58,80,380.63,160,380.66,80
2026-01-16 09:33:03,379.45,379.4,1,378.99,160,379.91,120,379.91,378.99,378.99,160,378.95,80,378.94,160,378.93,40,378.89,880,378.88,240,378.87,200,378.86,320,378.79,360,378.66,200,379.91,120,379.92,80,379.93,80,380.24,80,380.31,40,380.32,40,380.55,40,380.58,80,380.63,160,380.66,80
2026-01-16 09:33:04,379.47,379.4,1,379.03,40,379.91,120,379.91,379.03,379.03,40,378.99,160,378.95,80,378.94,160,378.93,40,378.89,880,378.88,240,378.87,200,378.86,320,378.79,360,379.91,120,379.92,80,379.93,80,380.24,80,380.31,40,380.32,40,380.55,40,380.58,80,380.63,160,380.66,80
2026-01-16 09:33:05,379.47,379.4,1,379.03,80,379.91,120,379.91,379.03,379.03,80,378.99,160,378.95,80,378.94,160,378.93,40,378.89,880,378.88,240,378.87,200,378.86,320,378.79,360,379.91,120,379.92,80,379.93,80,380.24,80,380.31,40,380.32,40,380.55,40,380.58,80,380.63,160,380.66,80
2026-01-16 09:33:06,379.47,379.4,1,379.03,80,379.91,120,379.91,379.03,379.03,80,378.99,160,378.95,80,378.94,160,378.93,40,378.89,880,378.88,240,378.87,200,378.86,320,378.79,360,379.91,120,379.92,80,379.93,80,380.24,80,380.31,40,380.32,40,380.55,40,380.58,80,380.63,160,380.66,80
2026-01-16 09:33:07,380.05,379.4,1,379.67,40,380.43,120,380.43,379.67,379.67,40,379.42,40,379.41,40,379.31,40,379.04,40,379.03,80,378.99,160,378.95,80,378.94,160,378.93,40,380.43,120,380.44,40,380.45,160,380.55,40,380.58,80,380.63,160,380.66,80,380.76,40,380.93,40,,
2026-01-16 09:33:08,380.05,379.4,1,379.67,80,380.43,120,380.43,379.67,379.67,80,379.42,40,379.41,40,379.31,40,379.04,40,379.03,80,378.99,160,378.95,80,378.94,160,378.93,40,380.43,120,380.44,40,380.45,160,380.55,40,380.58,80,380.63,160,380.66,80,380.76,40,380.93,40,,
2026-01-16 09:33:09,380.05,379.4,1,379.67,80,380.43,120,380.43,379.67,379.67,80,379.42,40,379.41,40,379.31,40,379.04,40,379.03,80,378.99,160,378.95,80,378.94,160,378.93,40,380.43,120,380.44,40,380.45,160,380.55,40,380.58,80,380.63,160,380.66,80,380.76,40,380.93,40,,
2026-01-16 09:33:10,380.05,379.4,1,379.67,80,380.43,120,380.43,379.67,379.67,80,379.42,40,379.41,40,379.31,40,379.04,40,379.03,80,378.99,160,378.95,80,378.94,160,378.93,40,380.43,120,380.44,40,380.45,160,380.55,40,380.58,80,380.63,160,380.66,80,380.76,40,380.93,40,,
2026-01-16 09:33:11,380.045,379.4,1,379.67,80,380.42,40,380.42,379.67,379.67,80,379.42,40,379.41,40,379.31,40,379.04,40,379.03,80,378.99,160,378.95,80,378.94,160,378.93,40,380.42,40,380.43,120,380.44,40,380.45,160,380.55,40,380.58,80,380.63,160,380.66,80,380.76,40,380.93,40
2026-01-16 09:33:12,380.045,379.4,1,379.67,80,380.42,40,380.42,379.67,379.67,80,379.42,40,379.41,40,379.31,40,379.04,40,379.03,80,378.99,160,378.95,80,378.94,160,378.93,40,380.42,40,380.43,120,380.44,40,380.45,160,380.55,40,380.58,80,380.63,160,380.66,80,380.76,40,380.93,40
2026-01-16 09:33:13,380.045,379.4,1,379.67,80,380.42,40,380.42,379.67,379.67,80,379.42,40,379.41,40,379.31,40,379.04,40,379.03,80,378.99,160,378.95,80,378.94,160,378.93,40,380.42,40,380.43,120,380.44,40,380.45,160,380.55,40,380.58,80,380.63,160,380.66,80,380.76,40,380.93,40
2026-01-16 09:33:14,380.045,379.4,1,379.67,80,380.42,40,380.42,379.67,379.67,80,379.42,40,379.41,40,379.31,40,379.04,40,379.03,80,378.99,160,378.95,80,378.94,160,378.93,40,380.42,40,380.43,120,380.44,40,380.45,160,380.55,40,380.58,80,380.63,160,380.66,80,380.76,40,380.93,40
2026-01-16 09:33:15,380.05,379.4,1,379.67,80,380.43,200,380.43,379.67,379.67,80,379.42,40,379.41,40,379.31,40,379.04,40,379.03,80,378.99,160,378.95,80,378.94,160,378.93,40,380.43,200,380.44,40,380.45,160,380.55,40,380.58,80,380.63,160,380.66,80,380.76,40,380.93,40,,
2026-01-16 09:33:16,380.05,379.4,1,379.67,80,380.43,200,380.43,379.67,379.67,80,379.42,40,379.41,40,379.31,40,379.04,40,379.03,80,378.99,160,378.95,80,378.94,160,378.93,40,380.43,200,380.44,40,380.45,160,380.55,40,380.58,80,380.63,160,380.66,80,380.76,40,380.93,40,,
2026-01-16 09:33:17,380.155,379.4,1,379.9,40,380.41,40,380.41,379.9,379.9,40,379.67,120,379.42,40,379.41,40,379.31,40,379.04,40,379.03,80,378.99,160,378.95,80,378.94,160,380.41,40,380.43,200,380.44,40,380.45,160,380.55,40,380.58,80,380.63,160,380.66,80,380.76,40,380.93,40
2026-01-16 09:33:18,380.155,379.4,1,379.9,80,380.41,40,380.41,379.9,379.9,80,379.67,120,379.42,40,379.41,40,379.31,40,379.04,40,379.03,80,378.99,160,378.95,80,378.94,160,380.41,40,380.43,200,380.44,40,380.45,160,380.55,40,380.58,80,380.63,160,380.66,80,380.76,40,380.93,40
2026-01-16 09:33:19,380.155,379.4,1,379.9,80,380.41,40,380.41,379.9,379.9,80,379.67,120,379.42,40,379.41,40,379.31,40,379.04,40,379.03,80,378.99,160,378.95,80,378.94,160,380.41,40,380.43,200,380.44,40,380.45,160,380.55,40,380.58,80,380.63,160,380.66,80,380.76,40,380.93,40
2026-01-16 09:33:20,380.155,379.4,1,379.9,80,380.41,40,380.41,379.9,379.9,80,379.67,120,379.42,40,379.41,40,379.31,40,379.04,40,379.03,80,378.99,160,378.95,80,378.94,160,380.41,40,380.43,200,380.44,40,380.45,160,380.55,40,380.58,80,380.63,160,380.66,80,380.76,40,380.93,40
2026-01-16 09:33:21,380.44,379.4,1,380.13,160,380.75,40,380.75,380.13,380.13,160,380.0,40,379.9,160,379.67,120,379.42,40,379.41,40,379.31,40,379.04,40,379.03,80,378.99,160,380.75,40,380.76,40,380.93,40,,,,,,,,,,,,,,
2026-01-16 09:33:22,380.72,379.4,1,380.51,80,380.93,160,380.93,380.51,380.51,80,380.13,200,380.0,40,379.9,160,379.67,120,379.42,40,379.41,40,379.31,40,379.04,40,379.03,80,380.93,160,,,,,,,,,,,,,,,,,,
2026-01-16 09:33:23,380.79,379.4,1,380.65,240,380.93,80,380.93,380.65,380.65,240,380.51,80,380.13,200,380.0,40,379.9,160,379.67,120,379.42,40,379.41,40,379.31,40,379.04,40,380.93,80,381.0,200,,,,,,,,,,,,,,,,
2026-01-16 09:33:24,380.79,379.4,1,380.65,240,380.93,40,380.93,380.65,380.65,240,380.51,80,380.13,200,380.0,40,379.9,160,379.67,120,379.42,40,379.41,40,379.31,40,379.04,40,380.93,40,381.0,200,,,,,,,,,,,,,,,,
2026-01-16 09:33:25,380.975,381.0,1,380.8,40,381.15,40,381.15,380.8,380.8,40,380.65,400,380.51,80,380.13,200,380.0,40,379.9,160,379.67,120,379.42,40,379.41,40,379.31,40,381.15,40,,,,,,,,,,,,,,,,,,
2026-01-16 09:33:26,380.975,381.0,1,380.8,120,381.15,40,381.15,380.8,380.8,120,380.65,400,380.51,80,380.13,200,380.0,40,379.9,160,379.67,120,379.42,40,379.41,40,379.31,40,381.15,40,,,,,,,,,,,,,,,,,,
2026-01-16 09:33:27,380.975,381.0,1,380.8,160,381.15,40,381.15,380.8,380.8,160,380.65,400,380.51,80,380.13,200,380.0,40,379.9,160,379.67,120,379.42,40,379.41,40,379.31,40,381.15,40,,,,,,,,,,,,,,,,,,
2026-01-16 09:33:28,380.975,381.0,1,380.8,160,381.15,40,381.15,380.8,380.8,160,380.65,400,380.51,80,380.13,200,380.0,40,379.9,160,379.67,120,379.42,40,379.41,40,379.31,40,381.15,40,,,,,,,,,,,,,,,,,,
2026-01-16 09:33:29,380.975,381.01,1,380.8,160,381.15,40,381.15,380.8,380.8,160,380.65,400,380.51,80,380.13,200,380.0,40,379.9,160,379.67,120,379.42,40,379.41,40,379.31,40,381.15,40,,,,,,,,,,,,,,,,,,
2026-01-16 09:33:30,380.98,381.01,1,380.81,160,381.15,40,381.15,380.81,380.81,160,380.8,160,380.65,400,380.51,80,380.13,200,380.0,40,379.9,160,379.67,120,379.42,40,379.41,40,381.15,40,,,,,,,,,,,,,,,,,,
2026-01-16 09:33:31,380.98,381.01,1,380.81,160,381.15,40,381.15,380.81,380.81,160,380.8,160,380.65,400,380.51,80,380.13,200,380.0,40,379.9,160,379.67,120,379.42,40,379.41,40,381.15,40,,,,,,,,,,,,,,,,,,
2026-01-16 09:33:32,380.98,381.01,1,380.81,160,381.15,40,381.15,380.81,380.81,160,380.8,160,380.65,400,380.51,80,380.13,200,380.0,40,379.9,160,379.67,120,379.42,40,379.41,40,381.15,40,,,,,,,,,,,,,,,,,,
2026-01-16 09:33:33,380.98,381.01,1,380.81,160,381.15,120,381.15,380.81,380.81,160,380.8,160,380.65,400,380.51,80,380.13,200,380.0,40,379.9,160,379.67,120,379.42,40,379.41,40,381.15,120,,,,,,,,,,,,,,,,,,
2026-01-16 09:33:34,380.98,381.01,1,380.81,160,381.15,120,381.15,380.81,380.81,160,380.8,160,380.65,400,380.51,80,380.13,200,380.0,40,379.9,160,379.67,120,379.42,40,379.41,40,381.15,120,,,,,,,,,,,,,,,,,,
2026-01-16 09:33:35,380.98,381.01,1,380.81,160,381.15,120,381.15,380.81,380.81,160,380.8,160,380.65,400,380.51,80,380.13,200,380.0,40,379.9,160,379.67,120,379.42,40,379.41,40,381.15,120,,,,,,,,,,,,,,,,,,
2026-01-16 09:33:36,380.98,381.01,1,380.81,160,381.15,120,381.15,380.81,380.81,160,380.8,160,380.65,400,380.51,80,380.13,200,380.0,40,379.9,160,379.67,120,379.42,40,379.41,40,381.15,120,,,,,,,,,,,,,,,,,,
2026-01-16 09:33:37,380.98,381.01,1,380.81,160,381.15,120,381.15,380.81,380.81,160,380.8,160,380.65,400,380.51,80,380.13,200,380.0,40,379.9,160,379.67,120,379.42,40,379.41,40,381.15,120,,,,,,,,,,,,,,,,,,
2026-01-16 09:33:38,380.98,381.01,1,380.81,160,381.15,120,381.15,380.81,380.81,160,380.8,160,380.65,400,380.51,80,380.13,200,380.0,40,379.9,160,379.67,120,379.42,40,379.41,40,381.15,120,,,,,,,,,,,,,,,,,,
2026-01-16 09:33:39,380.42,381.01,1,380.1,80,380.74,240,380.74,380.1,380.1,80,380.0,40,379.9,160,379.67,120,379.42,40,379.41,40,379.31,40,379.04,40,379.03,80,378.99,160,380.74,240,380.87,240,380.98,280,381.15,120,,,,,,,,,,,,
2026-01-16 09:33:40,380.42,381.01,1,380.1,80,380.74,240,380.74,380.1,380.1,80,380.0,40,379.9,160,379.67,120,379.42,40,379.41,40,379.31,40,379.04,40,379.03,80,378.99,160,380.74,240,380.87,240,380.98,280,381.15,120,,,,,,,,,,,,
2026-01-16 09:33:41,380.42,380.54,1,380.1,80,380.74,240,380.74,380.1,380.1,80,380.0,40,379.9,160,379.67,120,379.42,40,379.41,40,379.31,40,379.04,40,379.03,80,378.99,160,380.74,240,380.87,240,380.98,280,381.15,120,,,,,,,,,,,,
2026-01-16 09:33:42,380.42,380.54,1,380.1,80,380.74,240,380.74,380.1,380.1,80,380.0,40,379.9,160,379.67,120,379.42,40,379.41,40,379.31,40,379.04,40,379.03,80,378.99,160,380.74,240,380.87,240,380.98,280,381.15,120,,,,,,,,,,,,
2026-01-16 09:33:43,380.42,380.54,1,380.1,80,380.74,240,380.74,380.1,380.1,80,380.0,40,379.9,160,379.67,120,379.42,40,379.41,40,379.31,40,379.04,40,379.03,80,378.99,160,380.74,240,380.87,240,380.98,280,381.15,120,,,,,,,,,,,,
2026-01-16 09:33:44,380.42,380.54,1,380.1,80,380.74,240,380.74,380.1,380.1,80,380.0,40,379.9,160,379.67,120,379.42,40,379.41,40,379.31,40,379.04,40,379.03,80,378.99,160,380.74,240,380.87,240,380.98,280,381.15,120,,,,,,,,,,,,
2026-01-16 09:33:45,380.42,380.54,1,380.1,80,380.74,240,380.74,380.1,380.1,80,380.0,40,379.9,160,379.67,120,379.42,40,379.41,40,379.31,40,379.04,40,379.03,80,378.99,160,380.74,240,380.87,240,380.98,280,381.15,120,,,,,,,,,,,,
2026-01-16 09:33:46,380.42,380.54,1,380.1,80,380.74,240,380.74,380.1,380.1,80,380.0,40,379.9,160,379.67,120,379.42,40,379.41,40,379.31,40,379.04,40,379.03,80,378.99,160,380.74,240,380.87,240,380.98,280,381.15,120,,,,,,,,,,,,
2026-01-16 09:33:47,380.42,380.42,1,380.1,80,380.74,240,380.74,380.1,380.1,80,380.0,40,379.9,160,379.67,120,379.42,40,379.41,40,379.31,40,379.04,40,379.03,80,378.99,160,380.74,240,380.87,240,380.98,280,381.15,120,,,,,,,,,,,,
2026-01-16 09:33:48,380.42,380.42,1,380.1,40,380.74,240,380.74,380.1,380.1,40,380.0,40,379.9,160,379.67,120,379.42,40,379.41,40,379.31,40,379.04,40,379.03,80,378.99,160,380.74,240,380.87,240,380.98,280,381.15,120,,,,,,,,,,,,
2026-01-16 09:33:49,380.42,380.42,1,380.1,80,380.74,240,380.74,380.1,380.1,80,380.0,40,379.9,160,379.67,120,379.42,40,379.41,40,379.31,40,379.04,40,379.03,80,378.99,160,380.74,240,380.87,240,380.98,280,381.15,120,,,,,,,,,,,,
2026-01-16 09:33:50,380.42,380.42,1,380.1,240,380.74,240,380.74,380.1,380.1,240,380.0,40,379.9,160,379.67,120,379.42,40,379.41,40,379.31,40,379.04,40,379.03,80,378.99,160,380.74,240,380.87,240,380.98,280,381.15,120,,,,,,,,,,,,
2026-01-16 09:33:51,380.42,380.42,1,380.1,240,380.74,240,380.74,380.1,380.1,240,380.0,40,379.9,160,379.67,120,379.42,40,379.41,40,379.31,40,379.04,40,379.03,80,378.99,160,380.74,240,380.87,240,380.98,280,381.15,120,,,,,,,,,,,,
2026-01-16 09:33:52,380.42,380.42,1,380.1,240,380.74,240,380.74,380.1,380.1,240,380.0,40,379.9,160,379.67,120,379.42,40,379.41,40,379.31,40,379.04,40,379.03,80,378.99,160,380.74,240,380.87,240,380.98,280,381.15,120,,,,,,,,,,,,
2026-01-16 09:33:53,380.42,380.42,1,380.1,240,380.74,240,380.74,380.1,380.1,240,380.0,40,379.9,160,379.67,120,379.42,40,379.41,40,379.31,40,379.04,40,379.03,80,378.99,160,380.74,240,380.87,240,380.98,280,381.15,120,,,,,,,,,,,,
2026-01-16 09:33:54,380.42,380.42,1,380.1,240,380.74,240,380.74,380.1,380.1,240,380.0,40,379.9,160,379.67,120,379.42,40,379.41,40,379.31,40,379.04,40,379.03,80,378.99,160,380.74,240,380.87,240,380.98,280,381.15,120,,,,,,,,,,,,
2026-01-16 09:33:55,380.42,380.42,1,380.1,240,380.74,240,380.74,380.1,380.1,240,380.0,40,379.9,160,379.67,120,379.42,40,379.41,40,379.31,40,379.04,40,379.03,80,378.99,160,380.74,240,380.87,240,380.98,280,381.15,120,,,,,,,,,,,,
2026-01-16 09:33:56,380.415,380.42,1,380.1,240,380.73,240,380.73,380.1,380.1,240,380.0,40,379.9,160,379.67,120,379.42,40,379.41,40,379.31,40,379.04,40,379.03,80,378.99,160,380.73,240,380.74,240,380.87,240,380.98,280,381.15,120,,,,,,,,,,
2026-01-16 09:33:57,380.41,380.1,6,380.1,240,380.72,280,380.72,380.1,380.1,240,380.0,40,379.9,160,379.67,120,379.42,40,379.41,40,379.31,40,379.04,40,379.03,80,378.99,160,380.72,280,380.73,240,380.74,240,380.87,240,380.98,280,381.15,120,,,,,,,,
2026-01-16 09:33:58,380.41,380.1,6,380.1,240,380.72,280,380.72,380.1,380.1,240,380.0,40,379.9,160,379.67,120,379.42,40,379.41,40,379.31,40,379.04,40,379.03,80,378.99,160,380.72,280,380.73,240,380.74,240,380.87,240,380.98,280,381.15,120,,,,,,,,
2026-01-16 09:33:59,380.405,380.41,3,380.1,240,380.71,240,380.71,380.1,380.1,240,380.0,40,379.9,160,379.67,120,379.42,40,379.41,40,379.31,40,379.04,40,379.03,80,378.99,160,380.71,240,380.72,280,380.73,240,380.74,240,380.87,240,380.98,280,381.15,120,,,,,,
2026-01-16 09:34:00,380.405,380.41,3,380.1,240,380.71,240,380.71,380.1,380.1,240,380.0,40,379.9,160,379.67,120,379.42,40,379.41,40,379.31,40,379.04,40,379.03,80,378.99,160,380.71,240,380.72,280,380.73,240,380.74,240,380.87,240,380.98,280,381.15,120,,,,,,
2026-01-16 09:34:01,380.405,380.41,3,380.1,240,380.71,240,380.71,380.1,380.1,240,380.0,40,379.9,160,379.67,120,379.42,40,379.41,40,379.31,40,379.04,40,379.03,80,378.99,160,380.71,240,380.72,280,380.73,240,380.74,240,380.87,240,380.98,280,381.15,120,,,,,,
2026-01-16 09:34:02,380.405,380.41,3,380.1,240,380.71,240,380.71,380.1,380.1,240,380.0,40,379.9,160,379.67,120,379.42,40,379.41,40,379.31,40,379.04,40,379.03,80,378.99,160,380.71,240,380.72,280,380.73,240,380.74,240,380.87,240,380.98,280,381.15,120,,,,,,
2026-01-16 09:34:03,380.41,380.41,1,380.11,200,380.71,280,380.71,380.11,380.11,200,380.1,240,380.0,40,379.9,160,379.67,120,379.42,40,379.41,40,379.31,40,379.04,40,379.03,80,380.71,280,380.72,280,380.73,240,380.74,240,380.87,240,380.98,280,381.15,120,,,,,,
2026-01-16 09:34:04,380.36,380.41,1,380.11,280,380.61,120,380.61,380.11,380.11,280,380.1,240,380.0,40,379.9,160,379.67,120,379.42,40,379.41,40,379.31,40,379.04,40,379.03,80,380.61,120,380.71,40,381.14,40,381.15,120,,,,,,,,,,,,
2026-01-16 09:34:05,380.36,380.41,1,380.11,280,380.61,120,380.61,380.11,380.11,280,380.1,240,380.0,40,379.9,160,379.67,120,379.42,40,379.41,40,379.31,40,379.04,40,379.03,80,380.61,120,380.71,40,381.14,40,381.15,120,,,,,,,,,,,,
2026-01-16 09:34:06,380.36,380.41,1,380.11,280,380.61,120,380.61,380.11,380.11,280,380.1,240,380.0,40,379.9,160,379.67,120,379.42,40,379.41,40,379.31,40,379.04,40,379.03,80,380.61,120,380.71,40,381.14,40,381.15,120,,,,,,,,,,,,
2026-01-16 09:34:07,379.835,380.32,3,379.55,440,380.12,160,380.12,379.55,379.55,440,379.42,40,379.41,40,379.31,40,379.04,40,379.03,80,378.99,160,378.95,80,378.94,160,378.93,40,380.12,160,380.21,40,380.36,40,380.61,120,380.71,40,381.14,40,381.15,120,,,,,,
2026-01-16 09:34:08,379.845,380.3,2,379.57,400,380.12,160,380.12,379.57,379.57,400,379.55,80,379.42,40,379.41,40,379.31,40,379.04,40,379.03,80,378.99,160,378.95,80,378.94,160,380.12,160,380.21,40,380.36,40,380.61,120,380.71,40,381.14,40,381.15,120,,,,,,
2026-01-16 09:34:09,379.845,380.3,2,379.57,400,380.12,160,380.12,379.57,379.57,400,379.55,80,379.42,40,379.41,40,379.31,40,379.04,40,379.03,80,378.99,160,378.95,80,378.94,160,380.12,160,380.21,40,380.36,40,380.61,120,380.71,40,381.14,40,381.15,120,,,,,,
2026-01-16 09:34:10,379.845,380.3,2,379.57,400,380.12,160,380.12,379.57,379.57,400,379.55,80,379.42,40,379.41,40,379.31,40,379.04,40,379.03,80,378.99,160,378.95,80,378.94,160,380.12,160,380.21,40,380.36,40,380.61,120,380.71,40,381.14,40,381.15,120,,,,,,
2026-01-16 09:34:11,379.845,380.3,2,379.57,400,380.12,160,380.12,379.57,379.57,400,379.55,80,379.42,40,379.41,40,379.31,40,379.04,40,379.03,80,378.99,160,378.95,80,378.94,160,380.12,160,380.21,40,380.36,40,380.61,120,380.71,40,381.14,40,381.15,120,,,,,,
2026-01-16 09:34:12,379.845,380.3,2,379.57,400,380.12,160,380.12,379.57,379.57,400,379.55,80,379.42,40,379.41,40,379.31,40,379.04,40,379.03,80,378.99,160,378.95,80,378.94,160,380.12,160,380.21,40,380.36,40,380.61,120,380.71,40,381.14,40,381.15,120,,,,,,
2026-01-16 09:34:13,379.845,380.3,2,379.57,400,380.12,160,380.12,379.57,379.57,400,379.55,80,379.42,40,379.41,40,379.31,40,379.04,40,379.03,80,378.99,160,378.95,80,378.94,160,380.12,160,380.21,40,380.36,40,380.61,120,380.71,40,381.14,40,381.15,120,,,,,,
2026-01-16 09:34:14,379.845,380.3,2,379.57,440,380.12,160,380.12,379.57,379.57,440,379.55,80,379.42,40,379.41,40,379.31,40,379.04,40,379.03,80,378.99,160,378.95,80,378.94,160,380.12,160,380.21,40,380.36,40,380.61,120,380.71,40,381.14,40,381.15,120,,,,,,
2026-01-16 09:34:15,379.845,380.3,2,379.57,440,380.12,160,380.12,379.57,379.57,440,379.55,80,379.42,40,379.41,40,379.31,40,379.04,40,379.03,80,378.99,160,378.95,80,378.94,160,380.12,160,380.21,40,380.36,40,380.61,120,380.71,40,381.14,40,381.15,120,,,,,,
2026-01-16 09:34:16,379.845,380.3,2,379.57,440,380.12,160,380.12,379.57,379.57,440,379.55,80,379.42,40,379.41,40,379.31,40,379.04,40,379.03,80,378.99,160,378.95,80,378.94,160,380.12,160,380.21,40,380.36,40,380.61,120,380.71,40,381.14,40,381.15,120,,,,,,
2026-01-16 09:34:17,379.845,380.3,2,379.57,440,380.12,160,380.12,379.57,379.57,440,379.55,80,379.42,40,379.41,40,379.31,40,379.04,40,379.03,80,378.99,160,378.95,80,378.94,160,380.12,160,380.21,40,380.36,40,380.61,120,380.71,40,381.14,40,381.15,120,,,,,,
2026-01-16 09:34:18,379.845,380.3,2,379.57,440,380.12,160,380.12,379.57,379.57,440,379.55,80,379.42,40,379.41,40,379.31,40,379.04,40,379.03,80,378.99,160,378.95,80,378.94,160,380.12,160,380.21,40,380.36,40,380.61,120,380.71,40,381.14,40,381.15,120,,,,,,
2026-01-16 09:34:19,379.845,380.3,2,379.57,440,380.12,160,380.12,379.57,379.57,440,379.55,80,379.42,40,379.41,40,379.31,40,379.04,40,379.03,80,378.99,160,378.95,80,378.94,160,380.12,160,380.21,40,380.36,40,380.61,120,380.71,40,381.14,40,381.15,120,,,,,,
2026-01-16 09:34:20,379.875,380.3,2,379.58,40,380.17,80,380.17,379.58,379.58,40,379.57,440,379.55,80,379.42,40,379.41,40,379.31,40,379.04,40,379.03,80,378.99,160,378.95,80,380.17,80,380.22,160,380.29,80,380.36,40,380.61,120,380.71,40,381.14,40,381.15,120,,,,
2026-01-16 09:34:21,379.875,380.3,2,379.58,40,380.17,80,380.17,379.58,379.58,40,379.57,440,379.55,80,379.42,40,379.41,40,379.31,40,379.04,40,379.03,80,378.99,160,378.95,80,380.17,80,380.22,160,380.29,80,380.36,40,380.61,120,380.71,40,381.14,40,381.15,120,,,,
2026-01-16 09:34:22,379.875,380.3,2,379.58,40,380.17,80,380.17,379.58,379.58,40,379.57,440,379.55,80,379.42,40,379.41,40,379.31,40,379.04,40,379.03,80,378.99,160,378.95,80,380.17,80,380.22,160,380.29,80,380.36,40,380.61,120,380.71,40,381.14,40,381.15,120,,,,
2026-01-16 09:34:23,379.875,380.3,2,379.58,40,380.17,120,380.17,379.58,379.58,40,379.57,440,379.55,80,379.42,40,379.41,40,379.31,40,379.04,40,379.03,80,378.99,160,378.95,80,380.17,120,380.22,160,380.29,80,380.36,40,380.61,120,380.71,40,381.14,40,381.15,120,,,,
2026-01-16 09:34:24,379.875,380.3,2,379.58,40,380.17,120,380.17,379.58,379.58,40,379.57,440,379.55,80,379.42,40,379.41,40,379.31,40,379.04,40,379.03,80,378.99,160,378.95,80,380.17,120,380.22,160,380.29,80,380.36,40,380.61,120,380.71,40,381.14,40,381.15,120,,,,
2026-01-16 09:34:25,379.875,380.3,2,379.58,40,380.17,120,380.17,379.58,379.58,40,379.57,440,379.55,80,379.42,40,379.41,40,379.31,40,379.04,40,379.03,80,378.99,160,378.95,80,380.17,120,380.22,160,380.29,80,380.36,40,380.61,120,380.71,40,381.14,40,381.15,120,,,,
2026-01-16 09:34:26,379.875,380.3,2,379.58,160,380.17,120,380.17,379.58,379.58,160,379.57,440,379.55,80,379.42,40,379.41,40,379.31,40,379.04,40,379.03,80,378.99,160,378.95,80,380.17,120,380.22,160,380.29,80,380.36,40,380.61,120,380.71,40,381.14,40,381.15,120,,,,
2026-01-16 09:34:27,379.875,380.3,2,379.58,160,380.17,120,380.17,379.58,379.58,160,379.57,440,379.55,80,379.42,40,379.41,40,379.31,40,379.04,40,379.03,80,378.99,160,378.95,80,380.17,120,380.22,160,380.29,80,380.36,40,380.61,120,380.71,40,381.14,40,381.15,120,,,,
2026-01-16 09:34:28,379.875,380.3,2,379.58,160,380.17,120,380.17,379.58,379.58,160,379.57,440,379.55,80,379.42,40,379.41,40,379.31,40,379.04,40,379.03,80,378.99,160,378.95,80,380.17,120,380.22,160,380.29,80,380.36,40,380.61,120,380.71,40,381.14,40,381.15,120,,,,
2026-01-16 09:34:29,379.875,380.3,2,379.58,160,380.17,120,380.17,379.58,379.58,160,379.57,440,379.55,80,379.42,40,379.41,40,379.31,40,379.04,40,379.03,80,378.99,160,378.95,80,380.17,120,380.22,160,380.29,80,380.36,40,380.61,120,380.71,40,381.14,40,381.15,120,,,,
2026-01-16 09:34:30,379.875,380.3,2,379.58,160,380.17,120,380.17,379.58,379.58,160,379.57,440,379.55,80,379.42,40,379.41,40,379.31,40,379.04,40,379.03,80,378.99,160,378.95,80,380.17,120,380.22,160,380.29,80,380.36,40,380.61,120,380.71,40,381.14,40,381.15,120,,,,
2026-01-16 09:34:31,379.875,380.3,2,379.58,160,380.17,120,380.17,379.58,379.58,160,379.57,440,379.55,80,379.42,40,379.41,40,379.31,40,379.04,40,379.03,80,378.99,160,378.95,80,380.17,120,380.22,160,380.29,80,380.36,40,380.61,120,380.71,40,381.14,40,381.15,120,,,,
2026-01-16 09:34:32,379.875,380.3,2,379.58,160,380.17,120,380.17,379.58,379.58,160,379.57,440,379.55,80,379.42,40,379.41,40,379.31,40,379.04,40,379.03,80,378.99,160,378.95,80,380.17,120,380.22,160,380.29,80,380.36,40,380.61,120,380.71,40,381.14,40,381.15,120,,,,
2026-01-16 09:34:33,379.875,380.3,2,379.58,160,380.17,120,380.17,379.58,379.58,160,379.57,440,379.55,80,379.42,40,379.41,40,379.31,40,379.04,40,379.03,80,378.99,160,378.95,80,380.17,120,380.22,160,380.29,80,380.36,40,380.61,120,380.71,40,381.14,40,381.15,120,,,,
2026-01-16 09:34:34,379.875,380.3,2,379.58,160,380.17,120,380.17,379.58,379.58,160,379.57,440,379.55,80,379.42,40,379.41,40,379.31,40,379.04,40,379.03,80,378.99,160,378.95,80,380.17,120,380.22,160,380.29,80,380.36,40,380.61,120,380.71,40,381.14,40,381.15,120,,,,
2026-01-16 09:34:35,379.875,380.3,2,379.58,160,380.17,120,380.17,379.58,379.58,160,379.57,440,379.55,80,379.42,40,379.41,40,379.31,40,379.04,40,379.03,80,378.99,160,378.95,80,380.17,120,380.22,160,380.29,80,380.36,40,380.61,120,380.71,40,381.14,40,381.15,120,,,,
2026-01-16 09:34:36,379.875,380.3,2,379.58,160,380.17,120,380.17,379.58,379.58,160,379.57,440,379.55,80,379.42,40,379.41,40,379.31,40,379.04,40,379.03,80,378.99,160,378.95,80,380.17,120,380.22,160,380.29,80,380.36,40,380.61,120,380.71,40,381.14,40,381.15,120,,,,
2026-01-16 09:34:37,379.875,380.3,2,379.58,160,380.17,120,380.17,379.58,379.58,160,379.57,440,379.55,80,379.42,40,379.41,40,379.31,40,379.04,40,379.03,80,378.99,160,378.95,80,380.17,120,380.22,160,380.29,80,380.36,40,380.61,120,380.71,40,381.14,40,381.15,120,,,,
2026-01-16 09:34:38,379.875,380.3,2,379.58,160,380.17,120,380.17,379.58,379.58,160,379.57,440,379.55,80,379.42,40,379.41,40,379.31,40,379.04,40,379.03,80,378.99,160,378.95,80,380.17,120,380.22,160,380.29,80,380.36,40,380.61,120,380.71,40,381.14,40,381.15,120,,,,
2026-01-16 09:34:39,379.875,380.3,2,379.58,160,380.17,120,380.17,379.58,379.58,160,379.57,440,379.55,80,379.42,40,379.41,40,379.31,40,379.04,40,379.03,80,378.99,160,378.95,80,380.17,120,380.22,160,380.29,80,380.36,40,380.61,120,380.71,40,381.14,40,381.15,120,,,,
2026-01-16 09:34:40,379.875,380.3,2,379.58,160,380.17,120,380.17,379.58,379.58,160,379.57,440,379.55,80,379.42,40,379.41,40,379.31,40,379.04,40,379.03,80,378.99,160,378.95,80,380.17,120,380.22,160,380.29,80,380.36,40,380.61,120,380.71,40,381.14,40,381.15,120,,,,
2026-01-16 09:34:41,379.875,380.3,2,379.58,160,380.17,120,380.17,379.58,379.58,160,379.57,440,379.55,80,379.42,40,379.41,40,379.31,40,379.04,40,379.03,80,378.99,160,378.95,80,380.17,120,380.22,160,380.29,80,380.36,40,380.61,120,380.71,40,381.14,40,381.15,120,,,,
2026-01-16 09:34:42,379.875,380.3,2,379.58,160,380.17,120,380.17,379.58,379.58,160,379.57,440,379.55,80,379.42,40,379.41,40,379.31,40,379.04,40,379.03,80,378.99,160,378.95,80,380.17,120,380.22,160,380.29,80,380.36,40,380.61,120,380.71,40,381.14,40,381.15,120,,,,
2026-01-16 09:34:43,379.875,380.3,2,379.58,160,380.17,120,380.17,379.58,379.58,160,379.57,440,379.55,80,379.42,40,379.41,40,379.31,40,379.04,40,379.03,80,378.99,160,378.95,80,380.17,120,380.22,160,380.29,80,380.36,40,380.61,120,380.71,40,381.14,40,381.15,120,,,,
2026-01-16 09:34:44,379.875,380.3,2,379.58,160,380.17,120,380.17,379.58,379.58,160,379.57,440,379.55,80,379.42,40,379.41,40,379.31,40,379.04,40,379.03,80,378.99,160,378.95,80,380.17,120,380.22,160,380.29,80,380.36,40,380.61,120,380.71,40,381.14,40,381.15,120,,,,
2026-01-16 09:34:45,380.02,380.3,2,379.87,160,380.17,120,380.17,379.87,379.87,160,379.58,160,379.57,440,379.55,80,379.42,40,379.41,40,379.31,40,379.04,40,379.03,80,378.99,160,380.17,120,380.22,160,380.29,80,380.36,40,380.61,120,380.71,40,381.14,40,381.15,120,,,,
2026-01-16 09:34:46,380.02,380.02,2,379.87,160,380.17,120,380.17,379.87,379.87,160,379.58,160,379.57,440,379.55,80,379.42,40,379.41,40,379.31,40,379.04,40,379.03,80,378.99,160,380.17,120,380.22,160,380.29,80,380.36,40,380.61,120,380.71,40,381.14,40,381.15,120,,,,
2026-01-16 09:34:47,380.02,380.02,2,379.87,160,380.17,120,380.17,379.87,379.87,160,379.58,160,379.57,440,379.55,80,379.42,40,379.41,40,379.31,40,379.04,40,379.03,80,378.99,160,380.17,120,380.22,160,380.29,80,380.36,40,380.61,120,380.71,40,381.14,40,381.15,120,,,,
2026-01-16 09:34:48,380.02,380.02,2,379.87,160,380.17,120,380.17,379.87,379.87,160,379.58,160,379.57,440,379.55,80,379.42,40,379.41,40,379.31,40,379.04,40,379.03,80,378.99,160,380.17,120,380.22,160,380.29,80,380.36,40,380.61,120,380.71,40,381.14,40,381.15,120,,,,
2026-01-16 09:34:49,380.02,380.02,2,379.87,160,380.17,120,380.17,379.87,379.87,160,379.58,160,379.57,440,379.55,80,379.42,40,379.41,40,379.31,40,379.04,40,379.03,80,378.99,160,380.17,120,380.22,160,380.29,80,380.36,40,380.61,120,380.71,40,381.14,40,381.15,120,,,,
2026-01-16 09:34:50,380.02,380.02,2,379.87,160,380.17,120,380.17,379.87,379.87,160,379.58,160,379.57,440,379.55,80,379.42,40,379.41,40,379.31,40,379.04,40,379.03,80,378.99,160,380.17,120,380.22,160,380.29,80,380.36,40,380.61,120,380.71,40,381.14,40,381.15,120,,,,
2026-01-16 09:34:51,379.77,379.77,2,379.52,40,380.02,80,380.02,379.52,379.52,40,379.42,40,379.41,40,379.31,40,379.04,40,379.03,80,378.99,160,378.95,80,378.94,160,378.93,40,380.02,80,380.17,160,380.22,160,380.29,80,380.36,40,380.61,120,380.71,40,381.14,40,381.15,120,,
2026-01-16 09:34:52,379.77,379.77,2,379.52,40,380.02,80,380.02,379.52,379.52,40,379.42,40,379.41,40,379.31,40,379.04,40,379.03,80,378.99,160,378.95,80,378.94,160,378.93,40,380.02,80,380.17,160,380.22,160,380.29,80,380.36,40,380.61,120,380.71,40,381.14,40,381.15,120,,
2026-01-16 09:34:53,379.77,379.77,2,379.52,40,380.02,80,380.02,379.52,379.52,40,379.42,40,379.41,40,379.31,40,379.04,40,379.03,80,378.99,160,378.95,80,378.94,160,378.93,40,380.02,80,380.17,160,380.22,160,380.29,80,380.36,40,380.61,120,380.71,40,381.14,40,381.15,120,,
2026-01-16 09:34:54,379.77,379.77,2,379.52,40,380.02,80,380.02,379.52,379.52,40,379.42,40,379.41,40,379.31,40,379.04,40,379.03,80,378.99,160,378.95,80,378.94,160,378.93,40,380.02,80,380.17,160,380.22,160,380.29,80,380.36,40,380.61,120,380.71,40,381.14,40,381.15,120,,
2026-01-16 09:34:55,379.77,379.77,2,379.52,40,380.02,80,380.02,379.52,379.52,40,379.42,40,379.41,40,379.31,40,379.04,40,379.03,80,378.99,160,378.95,80,378.94,160,378.93,40,380.02,80,380.17,160,380.22,160,380.29,80,380.36,40,380.61,120,380.71,40,381.14,40,381.15,120,,
2026-01-16 09:34:56,379.77,379.77,2,379.52,120,380.02,80,380.02,379.52,379.52,120,379.42,40,379.41,40,379.31,40,379.04,40,379.03,80,378.99,160,378.95,80,378.94,160,378.93,40,380.02,80,380.17,160,380.22,160,380.29,80,380.36,40,380.61,120,380.71,40,381.14,40,381.15,120,,
2026-01-16 09:34:57,379.77,379.77,2,379.52,120,380.02,80,380.02,379.52,379.52,120,379.42,40,379.41,40,379.31,40,379.04,40,379.03,80,378.99,160,378.95,80,378.94,160,378.93,40,380.02,80,380.17,160,380.22,160,380.29,80,380.36,40,380.61,120,380.71,40,381.14,40,381.15,120,,
2026-01-16 09:34:58,379.77,379.77,2,379.52,120,380.02,80,380.02,379.52,379.52,120,379.42,40,379.41,40,379.31,40,379.04,40,379.03,80,378.99,160,378.95,80,378.94,160,378.93,40,380.02,80,380.17,160,380.22,160,380.29,80,380.36,40,380.61,120,380.71,40,381.14,40,381.15,120,,
2026-01-16 09:34:59,379.77,379.77,2,379.52,120,380.02,80,380.02,379.52,379.52,120,379.42,40,379.41,40,379.31,40,379.04,40,379.03,80,378.99,160,378.95,80,378.94,160,378.93,40,380.02,80,380.17,160,380.22,160,380.29,80,380.36,40,380.61,120,380.71,40,381.14,40,381.15,120,,
2026-01-16 09:35:00,379.77,379.77,1,379.52,120,380.02,80,380.02,379.52,379.52,120,379.42,40,379.41,40,379.31,40,379.04,40,379.03,80,378.99,160,378.95,80,378.94,160,378.93,40,380.02,80,380.17,160,380.22,160,380.29,80,380.36,40,380.61,120,380.71,40,381.14,40,381.15,120,,
2026-01-16 09:35:01,379.22,379.1,6,379.1,40,379.34,200,379.34,379.1,379.1,40,379.04,40,379.03,80,378.99,160,378.95,80,378.94,160,378.93,40,378.89,880,378.88,240,378.87,200,379.34,200,379.35,200,379.42,80,379.49,40,379.5,40,379.53,160,379.77,40,379.89,120,379.9,80,380.02,160
2026-01-16 09:35:02,379.495,379.34,1,379.1,80,379.89,120,379.89,379.1,379.1,80,379.04,40,379.03,80,378.99,160,378.95,80,378.94,160,378.93,40,378.89,880,378.88,240,378.87,200,379.89,120,379.92,40,380.02,160,380.17,160,380.22,160,380.29,80,380.36,40,380.61,120,380.71,40,381.14,40
2026-01-16 09:35:03,379.495,379.75,1,379.1,80,379.89,120,379.89,379.1,379.1,80,379.04,40,379.03,80,378.99,160,378.95,80,378.94,160,378.93,40,378.89,880,378.88,240,378.87,200,379.89,120,379.92,40,380.02,160,380.17,160,380.22,160,380.29,80,380.36,40,380.61,120,380.71,40,381.14,40
2026-01-16 09:35:04,379.56,379.75,2,379.1,320,380.02,200,380.02,379.1,379.1,320,379.04,40,379.03,80,378.99,160,378.95,80,378.94,160,378.93,40,378.89,880,378.88,240,378.87,200,380.02,200,380.17,160,380.22,160,380.29,80,380.36,40,380.61,120,380.71,40,381.14,40,381.15,120,,
2026-01-16 09:35:05,379.56,379.75,2,379.1,320,380.02,200,380.02,379.1,379.1,320,379.04,40,379.03,80,378.99,160,378.95,80,378.94,160,378.93,40,378.89,880,378.88,240,378.87,200,380.02,200,380.17,160,380.22,160,380.29,80,380.36,40,380.61,120,380.71,40,381.14,40,381.15,120,,
2026-01-16 09:35:06,379.56,379.75,2,379.1,520,380.02,200,380.02,379.1,379.1,520,379.04,40,379.03,80,378.99,160,378.95,80,378.94,160,378.93,40,378.89,880,378.88,240,378.87,200,380.02,200,380.17,160,380.22,160,380.29,80,380.36,40,380.61,120,380.71,40,381.14,40,381.15,120,,
2026-01-16 09:35:07,379.56,379.75,2,379.1,520,380.02,200,380.02,379.1,379.1,520,379.04,40,379.03,80,378.99,160,378.95,80,378.94,160,378.93,40,378.89,880,378.88,240,378.87,200,380.02,200,380.17,160,380.22,160,380.29,80,380.36,40,380.61,120,380.71,40,381.14,40,381.15,120,,
2026-01-16 09:35:08,379.56,379.75,2,379.1,520,380.02,200,380.02,379.1,379.1,520,379.04,40,379.03,80,378.99,160,378.95,80,378.94,160,378.93,40,378.89,880,378.88,240,378.87,200,380.02,200,380.17,160,380.22,160,380.29,80,380.36,40,380.61,120,380.71,40,381.14,40,381.15,120,,
2026-01-16 09:35:09,379.56,379.75,2,379.1,520,380.02,200,380.02,379.1,379.1,520,379.04,40,379.03,80,378.99,160,378.95,80,378.94,160,378.93,40,378.89,880,378.88,240,378.87,200,380.02,200,380.17,160,380.22,160,380.29,80,380.36,40,380.61,120,380.71,40,381.14,40,381.15,120,,
2026-01-16 09:35:10,379.56,379.75,2,379.1,520,380.02,200,380.02,379.1,379.1,520,379.04,40,379.03,80,378.99,160,378.95,80,378.94,160,378.93,40,378.89,880,378.88,240,378.87,200,380.02,200,380.17,160,380.22,160,380.29,80,380.36,40,380.61,120,380.71,40,381.14,40,381.15,120,,
2026-01-16 09:35:11,379.48,379.75,2,379.1,520,379.86,80,379.86,379.1,379.1,520,379.04,40,379.03,80,378.99,160,378.95,80,378.94,160,378.93,40,378.89,880,378.88,240,378.87,200,379.86,80,379.87,40,379.89,40,380.02,120,380.17,160,380.22,160,380.29,80,380.36,40,380.61,120,380.71,40
2026-01-16 09:35:12,379.48,379.75,2,379.1,520,379.86,80,379.86,379.1,379.1,520,379.04,40,379.03,80,378.99,160,378.95,80,378.94,160,378.93,40,378.89,880,378.88,240,378.87,200,379.86,80,379.87,40,379.89,40,380.02,120,380.17,160,380.22,160,380.29,80,380.36,40,380.61,120,380.71,40
2026-01-16 09:35:13,379.48,379.75,2,379.1,520,379.86,80,379.86,379.1,379.1,520,379.04,40,379.03,80,378.99,160,378.95,80,378.94,160,378.93,40,378.89,880,378.88,240,378.87,200,379.86,80,379.87,40,379.89,40,380.02,120,380.17,160,380.22,160,380.29,80,380.36,40,380.61,120,380.71,40
2026-01-16 09:35:14,379.48,379.75,2,379.1,520,379.86,80,379.86,379.1,379.1,520,379.04,40,379.03,80,378.99,160,378.95,80,378.94,160,378.93,40,378.89,880,378.88,240,378.87,200,379.86,80,379.87,40,379.89,40,380.02,120,380.17,160,380.22,160,380.29,80,380.36,40,380.61,120,380.71,40
2026-01-16 09:35:15,379.48,379.75,2,379.1,520,379.86,80,379.86,379.1,379.1,520,379.04,40,379.03,80,378.99,160,378.95,80,378.94,160,378.93,40,378.89,880,378.88,240,378.87,200,379.86,80,379.87,40,379.89,40,380.02,120,380.17,160,380.22,160,380.29,80,380.36,40,380.61,120,380.71,40
2026-01-16 09:35:16,379.48,379.75,2,379.1,760,379.86,120,379.86,379.1,379.1,760,379.04,40,379.03,80,378.99,160,378.95,80,378.94,160,378.93,40,378.89,880,378.88,240,378.87,200,379.86,120,379.87,40,379.89,40,380.02,120,380.17,160,380.22,160,380.29,80,380.36,40,380.61,120,380.71,40
2026-01-16 09:35:17,379.48,379.75,2,379.1,760,379.86,120,379.86,379.1,379.1,760,379.04,40,379.03,80,378.99,160,378.95,80,378.94,160,378.93,40,378.89,880,378.88,240,378.87,200,379.86,120,379.87,40,379.89,40,380.02,120,380.17,160,380.22,160,380.29,80,380.36,40,380.61,120,380.71,40
2026-01-16 09:35:18,379.48,379.75,2,379.1,760,379.86,120,379.86,379.1,379.1,760,379.04,40,379.03,80,378.99,160,378.95,80,378.94,160,378.93,40,378.89,880,378.88,240,378.87,200,379.86,120,379.87,40,379.89,40,380.02,120,380.17,160,380.22,160,380.29,80,380.36,40,380.61,120,380.71,40
2026-01-16 09:35:19,379.48,379.75,2,379.1,760,379.86,120,379.86,379.1,379.1,760,379.04,40,379.03,80,378.99,160,378.95,80,378.94,160,378.93,40,378.89,880,378.88,240,378.87,200,379.86,120,379.87,40,379.89,40,380.02,120,380.17,160,380.22,160,380.29,80,380.36,40,380.61,120,380.71,40
2026-01-16 09:35:20,379.48,379.48,1,379.1,760,379.86,120,379.86,379.1,379.1,760,379.04,40,379.03,80,378.99,160,378.95,80,378.94,160,378.93,40,378.89,880,378.88,240,378.87,200,379.86,120,379.87,40,379.89,40,380.02,120,380.17,160,380.22,160,380.29,80,380.36,40,380.61,120,380.71,40
2026-01-16 09:35:21,379.48,379.48,1,379.1,760,379.86,120,379.86,379.1,379.1,760,379.04,40,379.03,80,378.99,160,378.95,80,378.94,160,378.93,40,378.89,880,378.88,240,378.87,200,379.86,120,379.87,40,379.89,40,380.02,120,380.17,160,380.22,160,380.29,80,380.36,40,380.61,120,380.71,40
2026-01-16 09:35:22,379.48,379.48,1,379.1,760,379.86,120,379.86,379.1,379.1,760,379.04,40,379.03,80,378.99,160,378.95,80,378.94,160,378.93,40,378.89,880,378.88,240,378.87,200,379.86,120,379.87,40,379.89,40,380.02,120,380.17,160,380.22,160,380.29,80,380.36,40,380.61,120,380.71,40
2026-01-16 09:35:23,379.48,379.48,1,379.1,760,379.86,120,379.86,379.1,379.1,760,379.04,40,379.03,80,378.99,160,378.95,80,378.94,160,378.93,40,378.89,880,378.88,240,378.87,200,379.86,120,379.87,40,379.89,40,380.02,120,380.17,160,380.22,160,380.29,80,380.36,40,380.61,120,380.71,40
2026-01-16 09:35:24,379.48,379.48,1,379.1,760,379.86,120,379.86,379.1,379.1,760,379.04,40,379.03,80,378.99,160,378.95,80,378.94,160,378.93,40,378.89,880,378.88,240,378.87,200,379.86,120,379.87,40,379.89,40,380.02,120,380.17,160,380.22,160,380.29,80,380.36,40,380.61,120,380.71,40
2026-01-16 09:35:25,379.45,379.48,3,379.1,760,379.8,40,379.8,379.1,379.1,760,379.04,40,379.03,80,378.99,160,378.95,80,378.94,160,378.93,40,378.89,880,378.88,240,378.87,200,379.8,40,379.81,40,379.86,120,379.87,40,379.89,40,380.02,120,380.17,160,380.22,160,380.29,80,380.36,40
2026-01-16 09:35:26,379.45,379.48,3,379.1,760,379.8,40,379.8,379.1,379.1,760,379.04,40,379.03,80,378.99,160,378.95,80,378.94,160,378.93,40,378.89,880,378.88,240,378.87,200,379.8,40,379.81,40,379.86,120,379.87,40,379.89,40,380.02,120,380.17,160,380.22,160,380.29,80,380.36,40
2026-01-16 09:35:27,379.45,379.48,3,379.1,760,379.8,40,379.8,379.1,379.1,760,379.04,40,379.03,80,378.99,160,378.95,80,378.94,160,378.93,40,378.89,880,378.88,240,378.87,200,379.8,40,379.81,40,379.86,120,379.87,40,379.89,40,380.02,120,380.17,160,380.22,160,380.29,80,380.36,40
2026-01-16 09:35:28,379.45,379.48,3,379.1,760,379.8,40,379.8,379.1,379.1,760,379.04,40,379.03,80,378.99,160,378.95,80,378.94,160,378.93,40,378.89,880,378.88,240,378.87,200,379.8,40,379.81,40,379.86,120,379.87,40,379.89,40,380.02,120,380.17,160,380.22,160,380.29,80,380.36,40
2026-01-16 09:35:29,379.45,379.48,3,379.1,760,379.8,40,379.8,379.1,379.1,760,379.04,40,379.03,80,378.99,160,378.95,80,378.94,160,378.93,40,378.89,880,378.88,240,378.87,200,379.8,40,379.81,40,379.86,120,379.87,40,379.89,40,380.02,120,380.17,160,380.22,160,380.29,80,380.36,40
2026-01-16 09:35:30,379.03,379.1,20,378.7,120,379.36,240,379.36,378.7,378.7,120,378.66,200,378.6,80,378.0,120,,,,,,,,,,,,,379.36,240,379.37,200,379.45,120,379.56,40,379.8,120,379.81,40,379.86,120,379.87,40,379.89,40,380.02,120
2026-01-16 09:35:31,379.03,379.1,20,378.7,120,379.36,240,379.36,378.7,378.7,120,378.66,200,378.6,80,378.0,120,,,,,,,,,,,,,379.36,240,379.37,200,379.45,120,379.56,40,379.8,120,379.81,40,379.86,120,379.87,40,379.89,40,380.02,120
2026-01-16 09:35:32,379.03,379.1,20,378.7,120,379.36,240,379.36,378.7,378.7,120,378.66,200,378.6,80,378.0,120,,,,,,,,,,,,,379.36,240,379.37,200,379.45,120,379.56,40,379.8,120,379.81,40,379.86,120,379.87,40,379.89,40,380.02,120
2026-01-16 09:35:33,379.03,379.1,20,378.7,120,379.36,240,379.36,378.7,378.7,120,378.66,200,378.6,80,378.0,120,,,,,,,,,,,,,379.36,240,379.37,200,379.45,120,379.56,40,379.8,120,379.81,40,379.86,120,379.87,40,379.89,40,380.02,120
2026-01-16 09:35:34,378.84,379.1,20,378.6,40,379.08,200,379.08,378.6,378.6,40,378.0,120,,,,,,,,,,,,,,,,,379.08,200,379.36,320,379.37,200,379.45,120,379.56,40,379.8,120,379.81,40,379.86,120,379.87,40,379.89,40
2026-01-16 09:35:35,378.915,378.75,6,378.75,40,379.08,200,379.08,378.75,378.75,40,378.6,40,378.0,120,,,,,,,,,,,,,,,379.08,200,379.36,320,379.37,200,379.45,120,379.56,40,379.8,120,379.81,40,379.86,120,379.87,40,379.89,40
2026-01-16 09:35:36,378.915,378.91,1,378.75,40,379.08,200,379.08,378.75,378.75,40,378.6,40,378.0,120,,,,,,,,,,,,,,,379.08,200,379.36,320,379.37,200,379.45,120,379.56,40,379.8,120,379.81,40,379.86,120,379.87,40,379.89,40
2026-01-16 09:35:37,378.915,378.91,1,378.75,40,379.08,200,379.08,378.75,378.75,40,378.6,40,378.0,120,,,,,,,,,,,,,,,379.08,200,379.36,320,379.37,200,379.45,120,379.56,40,379.8,120,379.81,40,379.86,120,379.87,40,379.89,40
2026-01-16 09:35:38,378.915,378.92,1,378.75,40,379.08,200,379.08,378.75,378.75,40,378.6,40,378.0,120,,,,,,,,,,,,,,,379.08,200,379.36,320,379.37,200,379.45,120,379.56,40,379.8,120,379.81,40,379.86,120,379.87,40,379.89,40
2026-01-16 09:35:39,378.915,378.92,1,378.75,40,379.08,200,379.08,378.75,378.75,40,378.6,40,378.0,120,,,,,,,,,,,,,,,379.08,200,379.36,320,379.37,200,379.45,120,379.56,40,379.8,120,379.81,40,379.86,120,379.87,40,379.89,40
2026-01-16 09:35:40,378.915,378.92,1,378.75,40,379.08,200,379.08,378.75,378.75,40,378.6,40,378.0,120,,,,,,,,,,,,,,,379.08,200,379.36,320,379.37,200,379.45,120,379.56,40,379.8,120,379.81,40,379.86,120,379.87,40,379.89,40
2026-01-16 09:35:41,378.915,378.92,1,378.75,40,379.08,200,379.08,378.75,378.75,40,378.6,40,378.0,120,,,,,,,,,,,,,,,379.08,200,379.36,320,379.37,200,379.45,120,379.56,40,379.8,120,379.81,40,379.86,120,379.87,40,379.89,40
2026-01-16 09:35:42,378.915,378.92,1,378.75,40,379.08,200,379.08,378.75,378.75,40,378.6,40,378.0,120,,,,,,,,,,,,,,,379.08,200,379.36,320,379.37,200,379.45,120,379.56,40,379.8,120,379.81,40,379.86,120,379.87,40,379.89,40
2026-01-16 09:35:43,379.19,379.16,1,378.94,80,379.44,80,379.44,378.94,378.94,80,378.82,40,378.76,80,378.75,40,378.6,40,378.0,120,,,,,,,,,379.44,80,379.45,120,379.56,40,379.8,120,379.81,40,379.86,120,379.87,40,379.89,40,380.02,120,380.17,160
2026-01-16 09:35:44,379.19,379.16,1,378.94,80,379.44,80,379.44,378.94,378.94,80,378.82,40,378.76,80,378.75,40,378.6,40,378.0,120,,,,,,,,,379.44,80,379.45,120,379.56,40,379.8,120,379.81,40,379.86,120,379.87,40,379.89,40,380.02,120,380.17,160
2026-01-16 09:35:45,379.555,379.52,1,379.04,40,380.07,40,380.07,379.04,379.04,40,379.01,160,378.94,240,378.82,40,378.76,80,378.75,40,378.6,40,378.0,120,,,,,380.07,40,380.17,160,380.22,160,380.29,80,380.36,40,380.61,120,380.71,40,381.14,40,381.15,120,,
2026-01-16 09:35:46,379.56,379.52,1,379.05,80,380.07,40,380.07,379.05,379.05,80,379.04,40,379.01,160,378.94,240,378.82,40,378.76,80,378.75,40,378.6,40,378.0,120,,,380.07,40,380.17,160,380.22,160,380.29,80,380.36,40,380.61,120,380.71,40,381.14,40,381.15,120,,
2026-01-16 09:35:47,379.56,379.78,2,379.05,80,380.07,40,380.07,379.05,379.05,80,379.04,40,379.01,160,378.94,240,378.82,40,378.76,80,378.75,40,378.6,40,378.0,120,,,380.07,40,380.17,160,380.22,160,380.29,80,380.36,40,380.61,120,380.71,40,381.14,40,381.15,120,,
2026-01-16 09:35:48,379.56,379.78,2,379.05,80,380.07,40,380.07,379.05,379.05,80,379.04,40,379.01,160,378.94,240,378.82,40,378.76,80,378.75,40,378.6,40,378.0,120,,,380.07,40,380.17,160,380.22,160,380.29,80,380.36,40,380.61,120,380.71,40,381.14,40,381.15,120,,
2026-01-16 09:35:49,379.56,379.78,2,379.05,80,380.07,40,380.07,379.05,379.05,80,379.04,40,379.01,160,378.94,240,378.82,40,378.76,80,378.75,40,378.6,40,378.0,120,,,380.07,40,380.17,160,380.22,160,380.29,80,380.36,40,380.61,120,380.71,40,381.14,40,381.15,120,,
2026-01-16 09:35:50,379.56,379.78,2,379.05,80,380.07,40,380.07,379.05,379.05,80,379.04,40,379.01,160,378.94,240,378.82,40,378.76,80,378.75,40,378.6,40,378.0,120,,,380.07,40,380.17,160,380.22,160,380.29,80,380.36,40,380.61,120,380.71,40,381.14,40,381.15,120,,
2026-01-16 09:35:51,379.56,379.78,2,379.05,80,380.07,40,380.07,379.05,379.05,80,379.04,40,379.01,160,378.94,240,378.82,40,378.76,80,378.75,40,378.6,40,378.0,120,,,380.07,40,380.17,160,380.22,160,380.29,80,380.36,40,380.61,120,380.71,40,381.14,40,381.15,120,,
2026-01-16 09:35:52,379.56,379.78,2,379.05,80,380.07,40,380.07,379.05,379.05,80,379.04,40,379.01,160,378.94,240,378.82,40,378.76,80,378.75,40,378.6,40,378.0,120,,,380.07,40,380.17,160,380.22,160,380.29,80,380.36,40,380.61,120,380.71,40,381.14,40,381.15,120,,
2026-01-16 09:35:53,379.56,379.78,2,379.05,160,380.07,120,380.07,379.05,379.05,160,379.04,40,379.01,160,378.94,240,378.82,40,378.76,80,378.75,40,378.6,40,378.0,120,,,380.07,120,380.17,160,380.22,160,380.29,80,380.36,40,380.61,120,380.71,40,381.14,40,381.15,120,,
2026-01-16 09:35:54,379.56,379.78,2,379.05,160,380.07,120,380.07,379.05,379.05,160,379.04,40,379.01,160,378.94,240,378.82,40,378.76,80,378.75,40,378.6,40,378.0,120,,,380.07,120,380.17,160,380.22,160,380.29,80,380.36,40,380.61,120,380.71,40,381.14,40,381.15,120,,
2026-01-16 09:35:55,379.56,379.78,2,379.05,160,380.07,120,380.07,379.05,379.05,160,379.04,40,379.01,160,378.94,240,378.82,40,378.76,80,378.75,40,378.6,40,378.0,120,,,380.07,120,380.17,160,380.22,160,380.29,80,380.36,40,380.61,120,380.71,40,381.14,40,381.15,120,,
2026-01-16 09:35:56,379.69,379.78,2,379.31,40,380.07,120,380.07,379.31,379.31,40,379.05,160,379.04,40,379.01,160,378.94,240,378.82,40,378.76,80,378.75,40,378.6,40,378.0,120,380.07,120,380.17,160,380.22,160,380.29,80,380.36,40,380.61,120,380.71,40,381.14,40,381.15,120,,
2026-01-16 09:35:57,379.69,379.78,2,379.31,40,380.07,120,380.07,379.31,379.31,40,379.05,160,379.04,40,379.01,160,378.94,240,378.82,40,378.76,80,378.75,40,378.6,40,378.0,120,380.07,120,380.17,160,380.22,160,380.29,80,380.36,40,380.61,120,380.71,40,381.14,40,381.15,120,,
2026-01-16 09:35:58,379.69,379.78,2,379.31,40,380.07,120,380.07,379.31,379.31,40,379.05,160,379.04,40,379.01,160,378.94,240,378.82,40,378.76,80,378.75,40,378.6,40,378.0,120,380.07,120,380.17,160,380.22,160,380.29,80,380.36,40,380.61,120,380.71,40,381.14,40,381.15,120,,
2026-01-16 09:35:59,379.69,379.78,2,379.31,40,380.07,120,380.07,379.31,379.31,40,379.05,160,379.04,40,379.01,160,378.94,240,378.82,40,378.76,80,378.75,40,378.6,40,378.0,120,380.07,120,380.17,160,380.22,160,380.29,80,380.36,40,380.61,120,380.71,40,381.14,40,381.15,120,,
2026-01-16 09:36:00,379.295,379.78,2,379.05,160,379.54,80,379.54,379.05,379.05,160,379.04,40,379.01,160,378.94,240,378.82,40,378.76,80,378.75,40,378.6,40,378.0,120,,,379.54,80,379.74,40,380.07,200,380.17,160,380.22,160,380.29,80,380.36,40,380.61,120,380.71,40,381.14,40
2026-01-16 09:36:01,379.295,379.78,2,379.05,160,379.54,40,379.54,379.05,379.05,160,379.04,40,379.01,160,378.94,240,378.82,40,378.76,80,378.75,40,378.6,40,378.0,120,,,379.54,40,379.74,40,380.07,200,380.17,160,380.22,160,380.29,80,380.36,40,380.61,120,380.71,40,381.14,40
2026-01-16 09:36:02,379.295,379.78,2,379.05,160,379.54,40,379.54,379.05,379.05,160,379.04,40,379.01,160,378.94,240,378.82,40,378.76,80,378.75,40,378.6,40,378.0,120,,,379.54,40,379.74,40,380.07,200,380.17,160,380.22,160,380.29,80,380.36,40,380.61,120,380.71,40,381.14,40
2026-01-16 09:36:03,379.295,379.78,2,379.05,160,379.54,40,379.54,379.05,379.05,160,379.04,40,379.01,160,378.94,240,378.82,40,378.76,80,378.75,40,378.6,40,378.0,120,,,379.54,40,379.74,40,380.07,200,380.17,160,380.22,160,380.29,80,380.36,40,380.61,120,380.71,40,381.14,40
2026-01-16 09:36:04,379.295,379.78,2,379.05,160,379.54,40,379.54,379.05,379.05,160,379.04,40,379.01,160,378.94,240,378.82,40,378.76,80,378.75,40,378.6,40,378.0,120,,,379.54,40,379.74,40,380.07,200,380.17,160,380.22,160,380.29,80,380.36,40,380.61,120,380.71,40,381.14,40
2026-01-16 09:36:05,379.35,379.78,2,379.16,40,379.54,40,379.54,379.16,379.16,40,379.05,160,379.04,40,379.01,160,378.94,240,378.82,40,378.76,80,378.75,40,378.6,40,378.0,120,379.54,40,379.74,40,380.07,200,380.17,160,380.22,160,380.29,80,380.36,40,380.61,120,380.71,40,381.14,40
2026-01-16 09:36:06,379.35,379.78,2,379.16,40,379.54,40,379.54,379.16,379.16,40,379.05,160,379.04,40,379.01,160,378.94,240,378.82,40,378.76,80,378.75,40,378.6,40,378.0,120,379.54,40,379.74,40,380.07,200,380.17,160,380.22,160,380.29,80,380.36,40,380.61,120,380.71,40,381.14,40
2026-01-16 09:36:07,379.35,379.78,2,379.16,40,379.54,40,379.54,379.16,379.16,40,379.05,160,379.04,40,379.01,160,378.94,240,378.82,40,378.76,80,378.75,40,378.6,40,378.0,120,379.54,40,379.74,40,380.07,200,380.17,160,380.22,160,380.29,80,380.36,40,380.61,120,380.71,40,381.14,40
2026-01-16 09:36:08,379.35,379.78,2,379.16,40,379.54,40,379.54,379.16,379.16,40,379.05,160,379.04,40,379.01,160,378.94,240,378.82,40,378.76,80,378.75,40,378.6,40,378.0,120,379.54,40,379.74,40,380.07,200,380.17,160,380.22,160,380.29,80,380.36,40,380.61,120,380.71,40,381.14,40
2026-01-16 09:36:09,379.35,379.78,2,379.16,40,379.54,40,379.54,379.16,379.16,40,379.05,160,379.04,40,379.01,160,378.94,240,378.82,40,378.76,80,378.75,40,378.6,40,378.0,120,379.54,40,379.74,40,380.07,200,380.17,160,380.22,160,380.29,80,380.36,40,380.61,120,380.71,40,381.14,40
2026-01-16 09:36:10,379.35,379.35,1,379.16,40,379.54,40,379.54,379.16,379.16,40,379.05,160,379.04,40,379.01,160,378.94,240,378.82,40,378.76,80,378.75,40,378.6,40,378.0,120,379.54,40,379.74,40,380.07,200,380.17,160,380.22,160,380.29,80,380.36,40,380.61,120,380.71,40,381.14,40
2026-01-16 09:36:11,379.35,379.35,1,379.16,40,379.54,40,379.54,379.16,379.16,40,379.05,160,379.04,40,379.01,160,378.94,240,378.82,40,378.76,80,378.75,40,378.6,40,378.0,120,379.54,40,379.74,40,380.07,200,380.17,160,380.22,160,380.29,80,380.36,40,380.61,120,380.71,40,381.14,40
2026-01-16 09:36:12,379.35,379.35,1,379.16,40,379.54,40,379.54,379.16,379.16,40,379.05,160,379.04,40,379.01,160,378.94,240,378.82,40,378.76,80,378.75,40,378.6,40,378.0,120,379.54,40,379.74,40,380.07,200,380.17,160,380.22,160,380.29,80,380.36,40,380.61,120,380.71,40,381.14,40
2026-01-16 09:36:13,379.35,379.35,1,379.16,40,379.54,80,379.54,379.16,379.16,40,379.05,160,379.04,40,379.01,160,378.94,240,378.82,40,378.76,80,378.75,40,378.6,40,378.0,120,379.54,80,379.74,40,380.07,200,380.17,160,380.22,160,380.29,80,380.36,40,380.61,120,380.71,40,381.14,40
2026-01-16 09:36:14,379.04,379.35,1,378.85,80,379.23,80,379.23,378.85,378.85,80,378.82,40,378.76,80,378.75,40,378.6,40,378.0,120,,,,,,,,,379.23,80,379.34,40,379.35,40,379.44,40,379.54,40,379.74,40,380.07,200,380.17,160,380.22,160,380.29,80
2026-01-16 09:36:15,379.04,379.35,1,378.85,80,379.23,80,379.23,378.85,378.85,80,378.82,40,378.76,80,378.75,40,378.6,40,378.0,120,,,,,,,,,379.23,80,379.34,40,379.35,40,379.44,40,379.54,40,379.74,40,380.07,200,380.17,160,380.22,160,380.29,80
2026-01-16 09:36:16,379.04,379.35,1,378.85,200,379.23,80,379.23,378.85,378.85,200,378.82,40,378.76,80,378.75,40,378.6,40,378.0,120,,,,,,,,,379.23,80,379.34,40,379.35,40,379.44,40,379.54,40,379.74,40,380.07,200,380.17,160,380.22,160,380.29,80
2026-01-16 09:36:17,378.96,378.85,1,378.76,40,379.16,120,379.16,378.76,378.76,40,378.75,40,378.6,40,378.0,120,,,,,,,,,,,,,379.16,120,379.23,80,379.34,40,379.35,40,379.44,40,379.54,40,379.74,40,380.07,200,380.17,160,380.22,160
2026-01-16 09:36:18,379.06,378.85,1,378.76,40,379.36,40,379.36,378.76,378.76,40,378.75,40,378.6,40,378.0,120,,,,,,,,,,,,,379.36,40,379.44,40,379.54,40,379.74,40,380.07,200,380.17,160,380.22,160,380.29,80,380.36,40,380.61,120
2026-01-16 09:36:19,379.06,378.85,1,378.76,40,379.36,40,379.36,378.76,378.76,40,378.75,40,378.6,40,378.0,120,,,,,,,,,,,,,379.36,40,379.44,40,379.54,40,379.74,40,380.07,200,380.17,160,380.22,160,380.29,80,380.36,40,380.61,120
2026-01-16 09:36:20,379.06,378.85,1,378.76,40,379.36,40,379.36,378.76,378.76,40,378.75,40,378.6,40,378.0,120,,,,,,,,,,,,,379.36,40,379.44,40,379.54,40,379.74,40,380.07,200,380.17,160,380.22,160,380.29,80,380.36,40,380.61,120
2026-01-16 09:36:21,379.06,378.85,1,378.76,40,379.36,80,379.36,378.76,378.76,40,378.75,40,378.6,40,378.0,120,,,,,,,,,,,,,379.36,80,379.44,40,379.54,40,379.74,40,380.07,200,380.17,160,380.22,160,380.29,80,380.36,40,380.61,120
2026-01-16 09:36:22,379.06,378.85,1,378.76,40,379.36,80,379.36,378.76,378.76,40,378.75,40,378.6,40,378.0,120,,,,,,,,,,,,,379.36,80,379.44,40,379.54,40,379.74,40,380.07,200,380.17,160,380.22,160,380.29,80,380.36,40,380.61,120
2026-01-16 09:36:23,379.06,378.85,1,378.76,40,379.36,80,379.36,378.76,378.76,40,378.75,40,378.6,40,378.0,120,,,,,,,,,,,,,379.36,80,379.44,40,379.54,40,379.74,40,380.07,200,380.17,160,380.22,160,380.29,80,380.36,40,380.61,120
2026-01-16 09:36:25,379.06,378.85,1,378.76,40,379.36,80,379.36,378.76,378.76,40,378.75,40,378.6,40,378.0,120,,,,,,,,,,,,,379.36,80,379.44,40,379.54,40,379.74,40,380.07,200,380.17,160,380.22,160,380.29,80,380.36,40,380.61,120
2026-01-16 09:36:26,379.06,378.85,1,378.76,40,379.36,160,379.36,378.76,378.76,40,378.75,40,378.6,40,378.0,120,,,,,,,,,,,,,379.36,160,379.44,40,379.54,40,379.74,40,380.07,200,380.17,160,380.22,160,380.29,80,380.36,40,380.61,120
2026-01-16 09:36:27,379.06,378.85,1,378.76,40,379.36,160,379.36,378.76,378.76,40,378.75,40,378.6,40,378.0,120,,,,,,,,,,,,,379.36,160,379.44,40,379.54,40,379.74,40,380.07,200,380.17,160,380.22,160,380.29,80,380.36,40,380.61,120
2026-01-16 09:36:28,379.06,378.85,1,378.76,40,379.36,160,379.36,378.76,378.76,40,378.75,40,378.6,40,378.0,120,,,,,,,,,,,,,379.36,160,379.44,40,379.54,40,379.74,40,380.07,200,380.17,160,380.22,160,380.29,80,380.36,40,380.61,120
2026-01-16 09:36:29,378.67,378.85,1,378.45,40,378.89,200,378.89,378.45,378.45,40,378.0,120,,,,,,,,,,,,,,,,,378.89,200,378.92,40,379.08,40,379.36,200,379.44,40,379.54,40,379.74,40,380.07,200,380.17,160,380.22,160
2026-01-16 09:36:30,378.67,378.85,1,378.45,40,378.89,200,378.89,378.45,378.45,40,378.0,120,,,,,,,,,,,,,,,,,378.89,200,378.92,40,379.08,40,379.36,200,379.44,40,379.54,40,379.74,40,380.07,200,380.17,160,380.22,160
2026-01-16 09:36:31,378.67,378.85,1,378.45,40,378.89,120,378.89,378.45,378.45,40,378.0,120,,,,,,,,,,,,,,,,,378.89,120,378.92,40,379.08,40,379.36,200,379.44,40,379.54,40,379.74,40,380.07,200,380.17,160,380.22,160
2026-01-16 09:36:32,378.67,378.85,1,378.45,40,378.89,120,378.89,378.45,378.45,40,378.0,120,,,,,,,,,,,,,,,,,378.89,120,378.92,40,379.08,40,379.36,200,379.44,40,379.54,40,379.74,40,380.07,200,380.17,160,380.22,160
2026-01-16 09:36:33,378.645,378.85,1,378.4,40,378.89,120,378.89,378.4,378.4,40,378.0,120,,,,,,,,,,,,,,,,,378.89,120,378.92,40,379.08,40,379.36,200,379.44,40,379.54,40,379.74,40,380.07,200,380.17,160,380.22,160
2026-01-16 09:36:34,378.645,378.85,1,378.4,40,378.89,120,378.89,378.4,378.4,40,378.0,120,,,,,,,,,,,,,,,,,378.89,120,378.92,40,379.08,40,379.36,200,379.44,40,379.54,40,379.74,40,380.07,200,380.17,160,380.22,160
2026-01-16 09:36:35,378.335,378.65,4,378.06,40,378.61,120,378.61,378.06,378.06,40,378.0,120,,,,,,,,,,,,,,,,,378.61,120,378.7,80,378.71,40,378.89,120,378.92,40,379.08,40,379.36,200,379.44,40,379.54,40,379.74,40
2026-01-16 09:36:36,378.335,378.65,4,378.06,40,378.61,120,378.61,378.06,378.06,40,378.0,120,,,,,,,,,,,,,,,,,378.61,120,378.7,80,378.71,40,378.89,120,378.92,40,379.08,40,379.36,200,379.44,40,379.54,40,379.74,40
2026-01-16 09:36:37,378.335,378.65,4,378.06,40,378.61,120,378.61,378.06,378.06,40,378.0,120,,,,,,,,,,,,,,,,,378.61,120,378.7,80,378.71,40,378.89,120,378.92,40,379.08,40,379.36,200,379.44,40,379.54,40,379.74,40
2026-01-16 09:36:38,378.335,378.65,4,378.06,40,378.61,80,378.61,378.06,378.06,40,378.0,120,,,,,,,,,,,,,,,,,378.61,80,378.7,80,378.71,40,378.89,120,378.92,40,379.08,40,379.36,200,379.44,40,379.54,40,379.74,40
2026-01-16 09:36:39,378.335,378.34,1,378.06,40,378.61,80,378.61,378.06,378.06,40,378.0,120,,,,,,,,,,,,,,,,,378.61,80,378.7,80,378.71,40,378.89,120,378.92,40,379.08,40,379.36,200,379.44,40,379.54,40,379.74,40
2026-01-16 09:36:40,378.335,378.34,1,378.06,40,378.61,80,378.61,378.06,378.06,40,378.0,120,,,,,,,,,,,,,,,,,378.61,80,378.7,80,378.71,40,378.89,120,378.92,40,379.08,40,379.36,200,379.44,40,379.54,40,379.74,40
2026-01-16 09:36:41,378.335,378.34,1,378.06,40,378.61,80,378.61,378.06,378.06,40,378.0,120,,,,,,,,,,,,,,,,,378.61,80,378.7,80,378.71,40,378.89,120,378.92,40,379.08,40,379.36,200,379.44,40,379.54,40,379.74,40
2026-01-16 09:36:42,378.335,378.34,1,378.06,40,378.61,80,378.61,378.06,378.06,40,378.0,120,,,,,,,,,,,,,,,,,378.61,80,378.7,80,378.71,40,378.89,120,378.92,40,379.08,40,379.36,200,379.44,40,379.54,40,379.74,40
2026-01-16 09:36:43,378.335,378.6,2,378.06,40,378.61,80,378.61,378.06,378.06,40,378.0,120,,,,,,,,,,,,,,,,,378.61,80,378.7,80,378.71,40,378.89,120,378.92,40,379.08,40,379.36,200,379.44,40,379.54,40,379.74,40
2026-01-16 09:36:44,378.335,378.6,2,378.06,40,378.61,80,378.61,378.06,378.06,40,378.0,120,,,,,,,,,,,,,,,,,378.61,80,378.7,80,378.71,40,378.89,120,378.92,40,379.08,40,379.36,200,379.44,40,379.54,40,379.74,40
2026-01-16 09:36:45,378.335,378.6,2,378.06,40,378.61,80,378.61,378.06,378.06,40,378.0,120,,,,,,,,,,,,,,,,,378.61,80,378.7,80,378.71,40,378.89,120,378.92,40,379.08,40,379.36,200,379.44,40,379.54,40,379.74,40
2026-01-16 09:36:46,378.335,378.6,2,378.06,40,378.61,80,378.61,378.06,378.06,40,378.0,120,,,,,,,,,,,,,,,,,378.61,80,378.7,80,378.71,40,378.89,120,378.92,40,379.08,40,379.36,200,379.44,40,379.54,40,379.74,40
2026-01-16 09:36:47,378.335,378.6,2,378.06,40,378.61,40,378.61,378.06,378.06,40,378.0,120,,,,,,,,,,,,,,,,,378.61,40,378.7,80,378.71,40,378.89,120,378.92,40,379.08,40,379.36,200,379.44,40,379.54,40,379.74,40
2026-01-16 09:36:48,378.335,378.6,2,378.06,40,378.61,40,378.61,378.06,378.06,40,378.0,120,,,,,,,,,,,,,,,,,378.61,40,378.7,80,378.71,40,378.89,120,378.92,40,379.08,40,379.36,200,379.44,40,379.54,40,379.74,40
2026-01-16 09:36:49,378.335,378.6,2,378.06,40,378.61,40,378.61,378.06,378.06,40,378.0,120,,,,,,,,,,,,,,,,,378.61,40,378.7,80,378.71,40,378.89,120,378.92,40,379.08,40,379.36,200,379.44,40,379.54,40,379.74,40
2026-01-16 09:36:50,378.335,378.6,2,378.06,40,378.61,40,378.61,378.06,378.06,40,378.0,120,,,,,,,,,,,,,,,,,378.61,40,378.7,80,378.71,40,378.89,120,378.92,40,379.08,40,379.36,200,379.44,40,379.54,40,379.74,40
2026-01-16 09:36:51,378.335,378.6,2,378.06,40,378.61,40,378.61,378.06,378.06,40,378.0,120,,,,,,,,,,,,,,,,,378.61,40,378.7,80,378.71,40,378.89,120,378.92,40,379.08,40,379.36,200,379.44,40,379.54,40,379.74,40
2026-01-16 09:36:52,378.335,378.6,2,378.06,40,378.61,40,378.61,378.06,378.06,40,378.0,120,,,,,,,,,,,,,,,,,378.61,40,378.7,80,378.71,40,378.89,120,378.92,40,379.08,40,379.36,200,379.44,40,379.54,40,379.74,40
2026-01-16 09:36:53,378.335,378.6,2,378.06,40,378.61,40,378.61,378.06,378.06,40,378.0,120,,,,,,,,,,,,,,,,,378.61,40,378.7,80,378.71,40,378.89,120,378.92,40,379.08,40,379.36,200,379.44,40,379.54,40,379.74,40
2026-01-16 09:36:54,378.325,378.6,2,378.06,40,378.59,120,378.59,378.06,378.06,40,378.0,120,,,,,,,,,,,,,,,,,378.59,120,378.61,40,378.7,80,378.71,40,378.89,120,378.92,40,379.08,40,379.36,200,379.44,40,379.54,40
2026-01-16 09:36:55,378.325,378.6,2,378.06,40,378.59,40,378.59,378.06,378.06,40,378.0,120,,,,,,,,,,,,,,,,,378.59,40,378.61,40,378.7,80,378.71,40,378.89,120,378.92,40,379.08,40,379.36,200,379.44,40,379.54,40
2026-01-16 09:36:56,378.325,378.6,2,378.06,40,378.59,40,378.59,378.06,378.06,40,378.0,120,,,,,,,,,,,,,,,,,378.59,40,378.61,40,378.7,80,378.71,40,378.89,120,378.92,40,379.08,40,379.36,200,379.44,40,379.54,40
2026-01-16 09:36:57,378.31,378.31,1,378.03,40,378.59,40,378.59,378.03,378.03,40,378.0,120,,,,,,,,,,,,,,,,,378.59,40,378.61,40,378.7,80,378.71,40,378.89,120,378.92,40,379.08,40,379.36,200,379.44,40,379.54,40
2026-01-16 09:36:58,378.31,378.31,1,378.03,40,378.59,40,378.59,378.03,378.03,40,378.0,120,,,,,,,,,,,,,,,,,378.59,40,378.61,40,378.7,80,378.71,40,378.89,120,378.92,40,379.08,40,379.36,200,379.44,40,379.54,40
2026-01-16 09:36:59,378.31,378.31,1,378.03,40,378.59,40,378.59,378.03,378.03,40,378.0,120,,,,,,,,,,,,,,,,,378.59,40,378.61,40,378.7,80,378.71,40,378.89,120,378.92,40,379.08,40,379.36,200,379.44,40,379.54,40
2026-01-16 09:37:00,378.31,378.31,1,378.03,40,378.59,40,378.59,378.03,378.03,40,378.0,120,,,,,,,,,,,,,,,,,378.59,40,378.61,40,378.7,80,378.71,40,378.89,120,378.92,40,379.08,40,379.36,200,379.44,40,379.54,40
2026-01-16 09:37:01,378.31,378.31,1,378.03,40,378.59,40,378.59,378.03,378.03,40,378.0,120,,,,,,,,,,,,,,,,,378.59,40,378.61,40,378.7,80,378.71,40,378.89,120,378.92,40,379.08,40,379.36,200,379.44,40,379.54,40
2026-01-16 09:37:02,377.81,377.99,1,377.56,200,378.06,80,378.06,377.56,377.56,200,377.55,200,377.51,40,,,,,,,,,,,,,,,378.06,80,378.11,40,378.21,40,378.22,80,378.4,40,378.46,40,378.57,40,378.59,40,378.61,40,378.7,80
2026-01-16 09:37:03,377.81,377.81,1,377.56,200,378.06,80,378.06,377.56,377.56,200,377.55,200,377.51,40,,,,,,,,,,,,,,,378.06,80,378.11,40,378.21,40,378.22,80,378.4,40,378.46,40,378.57,40,378.59,40,378.61,40,378.7,80
2026-01-16 09:37:04,377.81,377.81,1,377.56,200,378.06,80,378.06,377.56,377.56,200,377.55,200,377.51,40,,,,,,,,,,,,,,,378.06,80,378.11,40,378.21,40,378.22,80,378.4,40,378.46,40,378.57,40,378.59,40,378.61,40,378.7,80
2026-01-16 09:37:05,377.81,377.81,1,377.56,200,378.06,80,378.06,377.56,377.56,200,377.55,200,377.51,40,,,,,,,,,,,,,,,378.06,80,378.11,40,378.21,40,378.22,80,378.4,40,378.46,40,378.57,40,378.59,40,378.61,40,378.7,80
2026-01-16 09:37:06,377.81,377.81,1,377.56,200,378.06,40,378.06,377.56,377.56,200,377.55,200,377.51,40,,,,,,,,,,,,,,,378.06,40,378.11,40,378.21,40,378.22,80,378.4,40,378.46,40,378.57,40,378.59,40,378.61,40,378.7,80
2026-01-16 09:37:07,377.81,377.81,1,377.56,200,378.06,40,378.06,377.56,377.56,200,377.55,200,377.51,40,,,,,,,,,,,,,,,378.06,40,378.11,40,378.21,40,378.22,80,378.4,40,378.46,40,378.57,40,378.59,40,378.61,40,378.7,80
2026-01-16 09:37:08,377.81,377.81,1,377.56,200,378.06,40,378.06,377.56,377.56,200,377.55,200,377.51,40,,,,,,,,,,,,,,,378.06,40,378.11,40,378.21,40,378.22,80,378.4,40,378.46,40,378.57,40,378.59,40,378.61,40,378.7,80
2026-01-16 09:37:09,377.81,377.81,1,377.56,200,378.06,40,378.06,377.56,377.56,200,377.55,200,377.51,40,,,,,,,,,,,,,,,378.06,40,378.11,40,378.21,40,378.22,80,378.4,40,378.46,40,378.57,40,378.59,40,378.61,40,378.7,80
2026-01-16 09:37:10,377.79,377.81,1,377.56,200,378.02,40,378.02,377.56,377.56,200,377.55,200,377.51,40,,,,,,,,,,,,,,,378.02,40,378.06,80,378.11,40,378.21,40,378.22,80,378.4,40,378.46,40,378.57,40,378.59,40,378.61,40
2026-01-16 09:37:11,377.785,378.01,1,377.56,200,378.01,40,378.01,377.56,377.56,200,377.55,200,377.51,40,,,,,,,,,,,,,,,378.01,40,378.02,40,378.06,80,378.11,40,378.21,40,378.22,80,378.4,40,378.46,40,378.57,40,378.59,40
2026-01-16 09:37:12,377.78,377.71,1,377.55,200,378.01,40,378.01,377.55,377.55,200,377.54,200,377.51,40,,,,,,,,,,,,,,,378.01,40,378.02,40,378.06,80,378.11,40,378.21,40,378.22,80,378.4,40,378.46,40,378.57,40,378.59,40
2026-01-16 09:37:13,377.78,377.71,1,377.55,200,378.01,40,378.01,377.55,377.55,200,377.54,200,377.51,40,,,,,,,,,,,,,,,378.01,40,378.02,40,378.06,80,378.11,40,378.21,40,378.22,80,378.4,40,378.46,40,378.57,40,378.59,40
2026-01-16 09:37:14,377.725,377.71,1,377.56,200,377.89,40,377.89,377.56,377.56,200,377.55,200,377.51,40,,,,,,,,,,,,,,,377.89,40,378.08,40,378.11,40,378.21,40,378.22,80,378.4,40,378.46,40,378.57,40,378.59,40,378.61,40
2026-01-16 09:37:15,377.72,377.71,1,377.56,200,377.88,80,377.88,377.56,377.56,200,377.55,200,377.51,40,,,,,,,,,,,,,,,377.88,80,377.89,80,378.08,40,378.11,40,378.21,40,378.22,80,378.4,40,378.46,40,378.57,40,378.59,40
2026-01-16 09:37:16,377.72,377.71,1,377.56,200,377.88,80,377.88,377.56,377.56,200,377.55,200,377.51,40,,,,,,,,,,,,,,,377.88,80,377.89,80,378.08,40,378.11,40,378.21,40,378.22,80,378.4,40,378.46,40,378.57,40,378.59,40
2026-01-16 09:37:17,377.72,377.71,1,377.56,200,377.88,40,377.88,377.56,377.56,200,377.55,200,377.51,40,,,,,,,,,,,,,,,377.88,40,377.89,80,378.08,40,378.11,40,378.21,40,378.22,80,378.4,40,378.46,40,378.57,40,378.59,40
2026-01-16 09:37:18,377.72,377.71,1,377.56,200,377.88,80,377.88,377.56,377.56,200,377.55,200,377.51,40,,,,,,,,,,,,,,,377.88,80,377.89,80,378.08,40,378.11,40,378.21,40,378.22,80,378.4,40,378.46,40,378.57,40,378.59,40
2026-01-16 09:37:19,377.72,377.71,1,377.56,200,377.88,40,377.88,377.56,377.56,200,377.55,200,377.51,40,,,,,,,,,,,,,,,377.88,40,377.89,80,378.08,40,378.11,40,378.21,40,378.22,80,378.4,40,378.46,40,378.57,40,378.59,40
2026-01-16 09:37:20,377.695,377.71,1,377.51,40,377.88,40,377.88,377.51,377.51,40,,,,,,,,,,,,,,,,,,,377.88,40,377.89,80,378.08,40,378.11,40,378.21,40,378.22,80,378.4,40,378.46,40,378.57,40,378.59,40
2026-01-16 09:37:21,377.69,377.71,1,377.51,40,377.87,40,377.87,377.51,377.51,40,,,,,,,,,,,,,,,,,,,377.87,40,377.88,80,377.89,80,378.08,40,378.11,40,378.21,40,378.22,80,378.4,40,378.46,40,378.57,40
2026-01-16 09:37:22,377.69,377.71,1,377.51,40,377.87,80,377.87,377.51,377.51,40,,,,,,,,,,,,,,,,,,,377.87,80,377.88,80,377.89,80,378.08,40,378.11,40,378.21,40,378.22,80,378.4,40,378.46,40,378.57,40
2026-01-16 09:37:23,377.69,377.71,1,377.51,40,377.87,80,377.87,377.51,377.51,40,,,,,,,,,,,,,,,,,,,377.87,80,377.88,80,377.89,80,378.08,40,378.11,40,378.21,40,378.22,80,378.4,40,378.46,40,378.57,40
2026-01-16 09:37:24,377.685,377.71,1,377.51,40,377.86,80,377.86,377.51,377.51,40,,,,,,,,,,,,,,,,,,,377.86,80,377.87,80,377.88,80,377.89,80,378.08,40,378.11,40,378.21,40,378.22,80,378.4,40,378.46,40
2026-01-16 09:37:25,377.685,377.71,1,377.51,40,377.86,80,377.86,377.51,377.51,40,,,,,,,,,,,,,,,,,,,377.86,80,377.87,80,377.88,80,377.89,80,378.08,40,378.11,40,378.21,40,378.22,80,378.4,40,378.46,40
2026-01-16 09:37:26,377.68,377.69,1,377.51,80,377.85,80,377.85,377.51,377.51,80,,,,,,,,,,,,,,,,,,,377.85,80,377.86,40,377.87,80,377.88,80,377.89,80,378.08,40,378.11,40,378.21,40,378.22,80,378.4,40
2026-01-16 09:37:27,377.75,377.69,1,377.51,80,377.99,40,377.99,377.51,377.51,80,,,,,,,,,,,,,,,,,,,377.99,40,378.09,40,378.11,40,378.21,40,378.22,80,378.4,40,378.46,40,378.57,40,378.59,40,378.61,40
2026-01-16 09:37:28,377.745,377.69,1,377.51,80,377.98,80,377.98,377.51,377.51,80,,,,,,,,,,,,,,,,,,,377.98,80,378.08,40,378.09,40,378.11,40,378.21,40,378.22,80,378.4,40,378.46,40,378.57,40,378.59,40
2026-01-16 09:37:29,377.745,377.69,1,377.51,80,377.98,80,377.98,377.51,377.51,80,,,,,,,,,,,,,,,,,,,377.98,80,378.08,40,378.09,40,378.11,40,378.21,40,378.22,80,378.4,40,378.46,40,378.57,40,378.59,40
2026-01-16 09:37:30,377.745,377.69,1,377.51,80,377.98,80,377.98,377.51,377.51,80,,,,,,,,,,,,,,,,,,,377.98,80,378.08,40,378.09,40,378.11,40,378.21,40,378.22,80,378.4,40,378.46,40,378.57,40,378.59,40
2026-01-16 09:37:31,377.745,377.69,1,377.51,80,377.98,80,377.98,377.51,377.51,80,,,,,,,,,,,,,,,,,,,377.98,80,378.08,40,378.09,40,378.11,40,378.21,40,378.22,80,378.4,40,378.46,40,378.57,40,378.59,40
2026-01-16 09:37:32,377.745,377.69,1,377.51,80,377.98,80,377.98,377.51,377.51,80,,,,,,,,,,,,,,,,,,,377.98,80,378.08,40,378.09,40,378.11,40,378.21,40,378.22,80,378.4,40,378.46,40,378.57,40,378.59,40
2026-01-16 09:37:33,377.745,377.69,1,377.51,80,377.98,80,377.98,377.51,377.51,80,,,,,,,,,,,,,,,,,,,377.98,80,378.08,40,378.09,40,378.11,40,378.21,40,378.22,80,378.4,40,378.46,40,378.57,40,378.59,40
2026-01-16 09:37:34,377.745,377.69,1,377.51,80,377.98,80,377.98,377.51,377.51,80,,,,,,,,,,,,,,,,,,,377.98,80,378.08,40,378.09,40,378.11,40,378.21,40,378.22,80,378.4,40,378.46,40,378.57,40,378.59,40
2026-01-16 09:37:35,377.74,377.69,1,377.51,80,377.97,40,377.97,377.51,377.51,80,,,,,,,,,,,,,,,,,,,377.97,40,377.98,80,378.08,40,378.09,40,378.11,40,378.21,40,378.22,80,378.4,40,378.46,40,378.57,40
2026-01-16 09:37:36,377.74,377.97,9,377.51,80,377.97,40,377.97,377.51,377.51,80,,,,,,,,,,,,,,,,,,,377.97,40,377.98,80,378.08,40,378.09,40,378.11,40,378.21,40,378.22,80,378.4,40,378.46,40,378.57,40
2026-01-16 09:37:37,377.795,377.97,9,377.51,80,378.08,40,378.08,377.51,377.51,80,,,,,,,,,,,,,,,,,,,378.08,40,378.09,40,378.11,40,378.21,40,378.22,80,378.4,40,378.46,40,378.57,40,378.59,40,378.61,40
2026-01-16 09:37:38,377.795,377.97,9,377.51,80,378.08,40,378.08,377.51,377.51,80,,,,,,,,,,,,,,,,,,,378.08,40,378.09,40,378.11,40,378.21,40,378.22,80,378.4,40,378.46,40,378.57,40,378.59,40,378.61,40
2026-01-16 09:37:39,377.795,377.97,9,377.51,80,378.08,40,378.08,377.51,377.51,80,,,,,,,,,,,,,,,,,,,378.08,40,378.09,40,378.11,40,378.21,40,378.22,80,378.4,40,378.46,40,378.57,40,378.59,40,378.61,40
2026-01-16 09:37:40,377.8,377.97,9,377.51,80,378.09,40,378.09,377.51,377.51,80,,,,,,,,,,,,,,,,,,,378.09,40,378.11,40,378.21,40,378.22,80,378.4,40,378.46,40,378.57,40,378.59,40,378.61,40,378.7,80
2026-01-16 09:37:41,377.8,377.95,1,377.51,160,378.09,40,378.09,377.51,377.51,160,,,,,,,,,,,,,,,,,,,378.09,40,378.11,40,378.21,40,378.22,80,378.4,40,378.46,40,378.57,40,378.59,40,378.61,40,378.7,80
2026-01-16 09:37:42,377.79,377.95,1,377.51,400,378.07,40,378.07,377.51,377.51,400,,,,,,,,,,,,,,,,,,,378.07,40,378.09,80,378.11,40,378.21,40,378.22,80,378.4,40,378.46,40,378.57,40,378.59,40,378.61,40
2026-01-16 09:37:43,377.79,377.95,1,377.51,400,378.07,40,378.07,377.51,377.51,400,,,,,,,,,,,,,,,,,,,378.07,40,378.09,80,378.11,40,378.21,40,378.22,80,378.4,40,378.46,40,378.57,40,378.59,40,378.61,40
2026-01-16 09:37:44,377.79,377.95,1,377.51,400,378.07,40,378.07,377.51,377.51,400,,,,,,,,,,,,,,,,,,,378.07,40,378.09,80,378.11,40,378.21,40,378.22,80,378.4,40,378.46,40,378.57,40,378.59,40,378.61,40
2026-01-16 09:37:45,377.8,377.95,1,377.53,40,378.07,40,378.07,377.53,377.53,40,377.51,360,,,,,,,,,,,,,,,,,378.07,40,378.09,80,378.11,40,378.21,40,378.22,80,378.4,40,378.46,40,378.57,40,378.59,40,378.61,40
2026-01-16 09:37:46,377.8,377.95,1,377.53,40,378.07,40,378.07,377.53,377.53,40,377.51,360,,,,,,,,,,,,,,,,,378.07,40,378.09,80,378.11,40,378.21,40,378.22,80,378.4,40,378.46,40,378.57,40,378.59,40,378.61,40
