sim_time,mid_price,last_price,last_size,best_bid_price,best_bid_size,best_ask_price,best_ask_size,close_price_buy,close_price_sell,bid1_price,bid1_size,bid2_price,bid2_size,bid3_price,bid3_size,bid4_price,bid4_size,bid5_price,bid5_size,bid6_price,bid6_size,bid7_price,bid7_size,bid8_price,bid8_size,bid9_price,bid9_size,bid10_price,bid10_size,ask1_price,ask1_size,ask2_price,ask2_size,ask3_price,ask3_size,ask4_price,ask4_size,ask5_price,ask5_size,ask6_price,ask6_size,ask7_price,ask7_size,ask8_price,ask8_size,ask9_price,ask9_size,ask10_price,ask10_size
2026-01-16 09:30:36,220.14,219.16,1,218.51,100,221.77,100,221.77,218.51,218.51,100,216.0,100,215.84,100,207.9,100,,,,,,,,,,,,,221.77,100,222.37,100,222.97,100,230.74,100,,,,,,,,,,,,
2026-01-16 09:30:37,220.14,219.16,1,218.51,100,221.77,100,221.77,218.51,218.51,100,216.0,100,215.84,100,207.9,100,,,,,,,,,,,,,221.77,100,222.37,100,222.97,100,230.74,100,,,,,,,,,,,,
2026-01-16 09:30:38,220.14,219.16,1,218.51,100,221.77,100,221.77,218.51,218.51,100,216.0,100,215.84,100,207.9,100,,,,,,,,,,,,,221.77,100,222.37,100,222.97,100,230.74,100,,,,,,,,,,,,
2026-01-16 09:30:38,220.14,219.16,1,218.51,100,221.77,100,221.77,218.51,218.51,100,216.0,100,215.84,100,207.9,100,,,,,,,,,,,,,221.77,100,222.37,100,222.97,100,230.74,100,,,,,,,,,,,,
2026-01-16 09:30:39,220.14,219.16,1,218.51,100,221.77,100,221.77,218.51,218.51,100,216.0,100,215.84,100,207.9,100,,,,,,,,,,,,,221.77,100,222.37,100,222.97,100,230.74,100,,,,,,,,,,,,
2026-01-16 09:30:39,220.14,219.16,1,218.51,100,221.77,100,221.77,218.51,218.51,100,216.0,100,215.84,100,207.9,100,,,,,,,,,,,,,221.77,100,222.37,100,222.97,100,230.74,100,,,,,,,,,,,,
2026-01-16 09:30:41,220.14,219.16,1,218.51,100,221.77,100,221.77,218.51,218.51,100,216.0,100,215.84,100,207.9,100,,,,,,,,,,,,,221.77,100,222.37,100,222.97,100,230.74,100,,,,,,,,,,,,
2026-01-16 09:30:43,220.14,219.16,1,218.51,100,221.77,100,221.77,218.51,218.51,100,216.0,100,215.84,100,207.9,100,,,,,,,,,,,,,221.77,100,222.37,100,222.97,100,230.74,100,,,,,,,,,,,,
2026-01-16 09:30:44,220.14,219.16,1,218.51,100,221.77,100,221.77,218.51,218.51,100,216.0,100,215.84,100,207.9,100,,,,,,,,,,,,,221.77,100,222.37,100,222.97,100,230.74,100,,,,,,,,,,,,
2026-01-16 09:30:45,220.14,219.16,1,218.51,100,221.77,100,221.77,218.51,218.51,100,216.0,100,215.84,100,207.9,100,,,,,,,,,,,,,221.77,100,222.37,100,222.97,100,230.74,100,,,,,,,,,,,,
2026-01-16 09:30:46,220.14,219.16,1,218.51,100,221.77,100,221.77,218.51,218.51,100,216.0,100,215.84,100,207.9,100,,,,,,,,,,,,,221.77,100,222.37,100,222.97,100,230.74,100,,,,,,,,,,,,
2026-01-16 09:30:47,220.14,219.16,1,218.51,100,221.77,100,221.77,218.51,218.51,100,216.0,100,215.84,100,207.9,100,,,,,,,,,,,,,221.77,100,222.37,100,222.97,100,230.74,100,,,,,,,,,,,,
2026-01-16 09:30:48,220.14,219.16,1,218.51,100,221.77,100,221.77,218.51,218.51,100,216.0,100,215.84,100,207.9,100,,,,,,,,,,,,,221.77,100,222.37,100,222.97,100,230.74,100,,,,,,,,,,,,
2026-01-16 09:30:49,220.14,219.16,1,218.51,100,221.77,100,221.77,218.51,218.51,100,216.0,100,215.84,100,207.9,100,,,,,,,,,,,,,221.77,100,222.37,100,222.97,100,230.74,100,,,,,,,,,,,,
2026-01-16 09:30:50,220.14,219.16,1,218.51,100,221.77,100,221.77,218.51,218.51,100,216.0,100,215.84,100,207.9,100,,,,,,,,,,,,,221.77,100,222.37,100,222.97,100,230.74,100,,,,,,,,,,,,
2026-01-16 09:30:51,220.14,219.16,1,218.51,100,221.77,100,221.77,218.51,218.51,100,216.0,100,215.84,100,207.9,100,,,,,,,,,,,,,221.77,100,222.37,100,222.97,100,230.74,100,,,,,,,,,,,,
2026-01-16 09:30:52,220.14,219.16,1,218.51,100,221.77,100,221.77,218.51,218.51,100,216.0,100,215.84,100,207.9,100,,,,,,,,,,,,,221.77,100,222.37,100,222.97,100,230.74,100,,,,,,,,,,,,
2026-01-16 09:30:53,220.3,219.16,1,218.51,100,222.09,100,222.09,218.51,218.51,100,216.0,100,215.84,100,207.9,100,,,,,,,,,,,,,222.09,100,222.59,100,222.97,100,230.74,100,,,,,,,,,,,,
2026-01-16 09:30:54,220.3,219.16,1,218.51,100,222.09,100,222.09,218.51,218.51,100,216.0,100,215.84,100,207.9,100,,,,,,,,,,,,,222.09,100,222.59,100,222.97,100,230.74,100,,,,,,,,,,,,
2026-01-16 09:30:55,219.345,219.16,1,216.6,100,222.09,100,222.09,216.6,216.6,100,216.0,100,215.84,100,207.9,100,,,,,,,,,,,,,222.09,100,222.59,100,222.97,100,230.74,100,,,,,,,,,,,,
2026-01-16 09:30:56,219.345,219.16,1,216.6,100,222.09,100,222.09,216.6,216.6,100,216.0,100,215.84,100,207.9,100,,,,,,,,,,,,,222.09,100,222.59,100,222.97,100,230.74,100,,,,,,,,,,,,
2026-01-16 09:30:57,219.345,219.16,1,216.6,100,222.09,100,222.09,216.6,216.6,100,216.0,100,215.84,100,207.9,100,,,,,,,,,,,,,222.09,100,222.59,100,222.97,100,230.74,100,,,,,,,,,,,,
2026-01-16 09:30:58,219.345,219.16,1,216.6,100,222.09,100,222.09,216.6,216.6,100,216.0,100,215.84,100,207.9,100,,,,,,,,,,,,,222.09,100,222.59,100,222.97,100,230.74,100,,,,,,,,,,,,
2026-01-16 09:30:59,219.345,219.16,1,216.6,100,222.09,100,222.09,216.6,216.6,100,216.0,100,215.84,100,207.9,100,,,,,,,,,,,,,222.09,100,222.59,100,222.97,100,230.74,100,,,,,,,,,,,,
2026-01-16 09:31:00,219.5,219.16,1,218.26,200,220.74,200,220.74,218.26,218.26,200,216.6,100,216.0,100,215.84,100,207.9,100,,,,,,,,,,,220.74,200,222.09,100,222.59,100,222.97,100,230.74,100,,,,,,,,,,
2026-01-16 09:31:01,219.5,219.16,1,218.26,200,220.74,200,220.74,218.26,218.26,200,216.6,100,216.0,100,215.84,100,207.9,100,,,,,,,,,,,220.74,200,222.09,100,222.59,100,222.97,100,230.74,100,,,,,,,,,,
2026-01-16 09:31:02,219.5,219.16,1,218.26,200,220.74,200,220.74,218.26,218.26,200,216.6,100,216.0,100,215.84,100,207.9,100,,,,,,,,,,,220.74,200,222.09,100,222.59,100,222.97,100,230.74,100,,,,,,,,,,
2026-01-16 09:31:03,219.5,219.16,1,218.26,200,220.74,200,220.74,218.26,218.26,200,216.6,100,216.0,100,215.84,100,207.9,100,,,,,,,,,,,220.74,200,222.09,100,222.59,100,222.97,100,230.74,100,,,,,,,,,,
2026-01-16 09:31:04,219.5,219.16,1,218.26,200,220.74,200,220.74,218.26,218.26,200,216.6,100,216.0,100,215.84,100,207.9,100,,,,,,,,,,,220.74,200,222.09,100,222.59,100,222.97,100,230.74,100,,,,,,,,,,
2026-01-16 09:31:05,219.5,219.16,1,218.26,200,220.74,200,220.74,218.26,218.26,200,216.6,100,216.0,100,215.84,100,207.9,100,,,,,,,,,,,220.74,200,222.09,100,222.59,100,222.97,100,230.74,100,,,,,,,,,,
2026-01-16 09:31:06,219.5,219.16,1,218.26,200,220.74,200,220.74,218.26,218.26,200,216.6,100,216.0,100,215.84,100,207.9,100,,,,,,,,,,,220.74,200,222.09,100,222.59,100,222.97,100,230.74,100,,,,,,,,,,
2026-01-16 09:31:07,219.5,219.16,1,218.26,200,220.74,200,220.74,218.26,218.26,200,216.6,100,216.0,100,215.84,100,207.9,100,,,,,,,,,,,220.74,200,222.09,100,222.59,100,222.97,100,230.74,100,,,,,,,,,,
2026-01-16 09:31:08,219.68,219.16,1,218.62,200,220.74,200,220.74,218.62,218.62,200,216.6,100,216.0,100,215.84,100,207.9,100,,,,,,,,,,,220.74,200,222.09,100,222.59,100,222.97,100,230.74,100,,,,,,,,,,
2026-01-16 09:31:09,219.68,219.16,1,218.62,200,220.74,200,220.74,218.62,218.62,200,216.6,100,216.0,100,215.84,100,207.9,100,,,,,,,,,,,220.74,200,222.09,100,222.59,100,222.97,100,230.74,100,,,,,,,,,,
2026-01-16 09:31:10,219.68,219.16,1,218.62,200,220.74,200,220.74,218.62,218.62,200,216.6,100,216.0,100,215.84,100,207.9,100,,,,,,,,,,,220.74,200,222.09,100,222.59,100,222.97,100,230.74,100,,,,,,,,,,
2026-01-16 09:31:11,219.68,219.16,1,218.62,200,220.74,200,220.74,218.62,218.62,200,216.6,100,216.0,100,215.84,100,207.9,100,,,,,,,,,,,220.74,200,222.09,100,222.59,100,222.97,100,230.74,100,,,,,,,,,,
2026-01-16 09:31:12,219.68,219.16,1,218.62,200,220.74,200,220.74,218.62,218.62,200,216.6,100,216.0,100,215.84,100,207.9,100,,,,,,,,,,,220.74,200,222.09,100,222.59,100,222.97,100,230.74,100,,,,,,,,,,
2026-01-16 09:31:13,219.445,219.16,1,218.62,200,220.27,200,220.27,218.62,218.62,200,216.6,100,216.0,100,215.84,100,207.9,100,,,,,,,,,,,220.27,200,220.74,200,222.09,100,222.59,100,222.97,100,230.74,100,,,,,,,,
2026-01-16 09:31:14,219.445,219.16,1,218.62,200,220.27,200,220.27,218.62,218.62,200,216.6,100,216.0,100,215.84,100,207.9,100,,,,,,,,,,,220.27,200,220.74,200,222.09,100,222.59,100,222.97,100,230.74,100,,,,,,,,
2026-01-16 09:31:15,219.26,219.16,1,218.25,200,220.27,200,220.27,218.25,218.25,200,217.1,100,216.6,100,216.0,100,215.84,100,207.9,100,,,,,,,,,220.27,200,220.74,200,222.09,100,222.59,100,222.97,100,230.74,100,,,,,,,,
2026-01-16 09:31:16,219.26,219.16,1,218.25,200,220.27,200,220.27,218.25,218.25,200,217.1,100,216.6,100,216.0,100,215.84,100,207.9,100,,,,,,,,,220.27,200,220.74,200,222.09,100,222.59,100,222.97,100,230.74,100,,,,,,,,
2026-01-16 09:31:17,219.26,219.16,1,218.25,200,220.27,200,220.27,218.25,218.25,200,217.1,100,216.6,100,216.0,100,215.84,100,207.9,100,,,,,,,,,220.27,200,220.74,200,222.09,100,222.59,100,222.97,100,230.74,100,,,,,,,,
2026-01-16 09:31:18,219.26,219.16,1,218.25,200,220.27,200,220.27,218.25,218.25,200,217.1,100,216.6,100,216.0,100,215.84,100,207.9,100,,,,,,,,,220.27,200,220.74,200,222.09,100,222.59,100,222.97,100,230.74,100,,,,,,,,
2026-01-16 09:31:19,219.26,219.16,1,218.25,200,220.27,200,220.27,218.25,218.25,200,217.1,100,216.6,100,216.0,100,215.84,100,207.9,100,,,,,,,,,220.27,200,220.74,200,222.09,100,222.59,100,222.97,100,230.74,100,,,,,,,,
2026-01-16 09:31:20,219.26,219.16,1,218.25,200,220.27,200,220.27,218.25,218.25,200,217.1,100,216.6,100,216.0,100,215.84,100,207.9,100,,,,,,,,,220.27,200,220.74,200,222.09,100,222.59,100,222.97,100,230.74,100,,,,,,,,
2026-01-16 09:31:21,219.26,219.16,1,218.25,200,220.27,200,220.27,218.25,218.25,200,217.1,100,216.6,100,216.0,100,215.84,100,207.9,100,,,,,,,,,220.27,200,220.74,200,222.09,100,222.59,100,222.97,100,230.74,100,,,,,,,,
2026-01-16 09:31:22,218.965,219.16,1,218.25,200,219.68,100,219.68,218.25,218.25,200,217.1,100,216.6,100,216.0,100,215.84,100,207.9,100,,,,,,,,,219.68,100,220.27,200,220.74,200,222.09,100,222.59,100,222.97,100,230.74,100,,,,,,
2026-01-16 09:31:23,218.965,219.16,1,218.25,200,219.68,100,219.68,218.25,218.25,200,217.1,100,216.6,100,216.0,100,215.84,100,207.9,100,,,,,,,,,219.68,100,220.27,200,220.74,200,222.09,100,222.59,100,222.97,100,230.74,100,,,,,,
2026-01-16 09:31:24,219.26,219.16,1,218.25,200,220.27,200,220.27,218.25,218.25,200,217.1,100,216.6,100,216.0,100,215.84,100,207.9,100,,,,,,,,,220.27,200,220.74,200,222.09,100,222.59,100,222.97,100,230.74,100,,,,,,,,
2026-01-16 09:31:25,219.26,219.16,1,218.25,200,220.27,200,220.27,218.25,218.25,200,217.1,100,216.6,100,216.0,100,215.84,100,207.9,100,,,,,,,,,220.27,200,220.74,200,222.09,100,222.59,100,222.97,100,230.74,100,,,,,,,,
2026-01-16 09:31:26,219.26,219.16,1,218.25,200,220.27,200,220.27,218.25,218.25,200,217.1,100,216.6,100,216.0,100,215.84,100,207.9,100,,,,,,,,,220.27,200,220.74,200,222.09,100,222.59,100,222.97,100,230.74,100,,,,,,,,
2026-01-16 09:31:27,219.26,219.16,1,218.25,200,220.27,200,220.27,218.25,218.25,200,217.1,100,216.6,100,216.0,100,215.84,100,207.9,100,,,,,,,,,220.27,200,220.74,200,222.09,100,222.59,100,222.97,100,230.74,100,,,,,,,,
2026-01-16 09:31:28,219.26,219.16,1,218.25,200,220.27,200,220.27,218.25,218.25,200,217.1,100,216.6,100,216.0,100,215.84,100,207.9,100,,,,,,,,,220.27,200,220.74,200,222.09,100,222.59,100,222.97,100,230.74,100,,,,,,,,
2026-01-16 09:31:29,219.26,219.16,1,218.25,200,220.27,200,220.27,218.25,218.25,200,217.1,100,216.6,100,216.0,100,215.84,100,207.9,100,,,,,,,,,220.27,200,220.74,200,222.09,100,222.59,100,222.97,100,230.74,100,,,,,,,,
2026-01-16 09:31:30,219.26,219.16,1,218.25,200,220.27,200,220.27,218.25,218.25,200,217.1,100,216.6,100,216.0,100,215.84,100,207.9,100,,,,,,,,,220.27,200,220.74,200,222.09,100,222.59,100,222.97,100,230.74,100,,,,,,,,
2026-01-16 09:31:31,219.26,219.34,1,218.25,200,220.27,200,220.27,218.25,218.25,200,217.1,100,216.6,100,216.0,100,215.84,100,207.9,100,,,,,,,,,220.27,200,220.74,200,222.09,100,222.59,100,222.97,100,230.74,100,,,,,,,,
2026-01-16 09:31:32,219.26,219.34,1,218.25,200,220.27,200,220.27,218.25,218.25,200,217.1,100,216.6,100,216.0,100,215.84,100,207.9,100,,,,,,,,,220.27,200,220.74,200,222.09,100,222.59,100,222.97,100,230.74,100,,,,,,,,
2026-01-16 09:31:33,219.26,219.34,1,218.25,200,220.27,200,220.27,218.25,218.25,200,217.1,100,216.6,100,216.0,100,215.84,100,207.9,100,,,,,,,,,220.27,200,220.74,200,222.09,100,222.59,100,222.97,100,230.74,100,,,,,,,,
2026-01-16 09:31:34,219.26,219.34,1,218.25,200,220.27,200,220.27,218.25,218.25,200,217.1,100,216.6,100,216.0,100,215.84,100,207.9,100,,,,,,,,,220.27,200,220.74,200,222.09,100,222.59,100,222.97,100,230.74,100,,,,,,,,
2026-01-16 09:31:35,218.96,219.34,1,218.25,200,219.67,100,219.67,218.25,218.25,200,217.1,100,216.6,100,216.0,100,215.84,100,207.9,100,,,,,,,,,219.67,100,220.27,200,220.74,200,222.09,100,222.59,100,222.97,100,230.74,100,,,,,,
2026-01-16 09:31:36,218.96,219.34,1,218.25,200,219.67,100,219.67,218.25,218.25,200,217.1,100,216.6,100,216.0,100,215.84,100,207.9,100,,,,,,,,,219.67,100,220.27,200,220.74,200,222.09,100,222.59,100,222.97,100,230.74,100,,,,,,
2026-01-16 09:31:37,218.96,219.34,1,218.25,200,219.67,100,219.67,218.25,218.25,200,217.1,100,216.6,100,216.0,100,215.84,100,207.9,100,,,,,,,,,219.67,100,220.27,200,220.74,200,222.09,100,222.59,100,222.97,100,230.74,100,,,,,,
2026-01-16 09:31:38,218.96,219.34,1,218.25,200,219.67,100,219.67,218.25,218.25,200,217.1,100,216.6,100,216.0,100,215.84,100,207.9,100,,,,,,,,,219.67,100,220.27,200,220.74,200,222.09,100,222.59,100,222.97,100,230.74,100,,,,,,
2026-01-16 09:31:39,219.26,219.34,1,218.25,200,220.27,200,220.27,218.25,218.25,200,217.1,100,216.6,100,216.0,100,215.84,100,207.9,100,,,,,,,,,220.27,200,220.74,200,222.09,100,222.59,100,222.97,100,230.74,100,,,,,,,,
2026-01-16 09:31:40,218.575,218.84,1,217.82,300,219.33,200,219.33,217.82,217.82,300,216.58,100,216.0,100,215.84,100,207.9,100,,,,,,,,,,,219.33,200,219.62,100,220.27,200,220.74,200,222.09,100,222.59,100,222.97,100,230.74,100,,,,
2026-01-16 09:31:41,218.575,218.84,1,217.82,300,219.33,200,219.33,217.82,217.82,300,216.58,100,216.0,100,215.84,100,207.9,100,,,,,,,,,,,219.33,200,219.62,100,220.27,200,220.74,200,222.09,100,222.59,100,222.97,100,230.74,100,,,,
2026-01-16 09:31:42,217.585,218.18,1,217.07,300,218.1,300,218.1,217.07,217.07,300,215.92,100,215.84,100,207.9,100,,,,,,,,,,,,,218.1,300,218.17,200,218.35,400,218.56,100,218.77,100,219.18,100,219.19,100,219.32,100,219.33,300,219.62,100
2026-01-16 09:31:43,217.83,218.18,1,217.56,100,218.1,300,218.1,217.56,217.56,100,217.07,300,215.92,100,215.84,100,207.9,100,,,,,,,,,,,218.1,300,218.17,200,218.35,400,218.56,100,218.77,100,219.18,100,219.19,100,219.32,100,219.33,300,219.62,100
2026-01-16 09:31:44,217.83,218.18,1,217.56,100,218.1,200,218.1,217.56,217.56,100,217.07,300,215.92,100,215.84,100,207.9,100,,,,,,,,,,,218.1,200,218.17,200,218.35,400,218.56,100,218.77,100,219.18,100,219.19,100,219.32,100,219.33,300,219.62,100
2026-01-16 09:31:45,217.955,218.18,1,217.56,100,218.35,100,218.35,217.56,217.56,100,217.07,300,215.92,100,215.84,100,207.9,100,,,,,,,,,,,218.35,100,218.56,100,218.77,100,219.18,100,219.19,100,219.32,100,219.33,300,219.62,100,220.27,200,220.74,200
2026-01-16 09:31:46,217.955,218.18,1,217.56,100,218.35,100,218.35,217.56,217.56,100,217.07,300,215.92,100,215.84,100,207.9,100,,,,,,,,,,,218.35,100,218.56,100,218.77,100,219.18,100,219.19,100,219.32,100,219.33,300,219.62,100,220.27,200,220.74,200
2026-01-16 09:31:47,217.955,218.18,1,217.56,100,218.35,100,218.35,217.56,217.56,100,217.07,300,215.92,100,215.84,100,207.9,100,,,,,,,,,,,218.35,100,218.56,100,218.77,100,219.18,100,219.19,100,219.32,100,219.33,300,219.62,100,220.27,200,220.74,200
2026-01-16 09:31:48,217.955,218.18,1,217.56,100,218.35,100,218.35,217.56,217.56,100,217.07,300,215.92,100,215.84,100,207.9,100,,,,,,,,,,,218.35,100,218.56,100,218.77,100,219.18,100,219.19,100,219.32,100,219.33,300,219.62,100,220.27,200,220.74,200
2026-01-16 09:31:49,217.955,218.18,1,217.56,100,218.35,100,218.35,217.56,217.56,100,217.07,300,215.92,100,215.84,100,207.9,100,,,,,,,,,,,218.35,100,218.56,100,218.77,100,219.18,100,219.19,100,219.32,100,219.33,300,219.62,100,220.27,200,220.74,200
2026-01-16 09:31:50,217.955,218.18,1,217.56,100,218.35,100,218.35,217.56,217.56,100,217.07,300,215.92,100,215.84,100,207.9,100,,,,,,,,,,,218.35,100,218.56,100,218.77,100,219.18,100,219.19,100,219.32,100,219.33,300,219.62,100,220.27,200,220.74,200
2026-01-16 09:31:51,217.955,218.18,1,217.56,100,218.35,100,218.35,217.56,217.56,100,217.07,300,215.92,100,215.84,100,207.9,100,,,,,,,,,,,218.35,100,218.56,100,218.77,100,219.18,100,219.19,100,219.32,100,219.33,300,219.62,100,220.27,200,220.74,200
2026-01-16 09:31:52,217.955,218.18,1,217.56,100,218.35,100,218.35,217.56,217.56,100,217.07,300,215.92,100,215.84,100,207.9,100,,,,,,,,,,,218.35,100,218.56,100,218.77,100,219.18,100,219.19,100,219.32,100,219.33,300,219.62,100,220.27,200,220.74,200
2026-01-16 09:31:53,217.955,218.18,1,217.56,100,218.35,100,218.35,217.56,217.56,100,217.07,300,215.92,100,215.84,100,207.9,100,,,,,,,,,,,218.35,100,218.56,100,218.77,100,219.18,100,219.19,100,219.32,100,219.33,300,219.62,100,220.27,200,220.74,200
2026-01-16 09:31:54,217.955,218.18,1,217.56,100,218.35,100,218.35,217.56,217.56,100,217.07,300,215.92,100,215.84,100,207.9,100,,,,,,,,,,,218.35,100,218.56,100,218.77,100,219.18,100,219.19,100,219.32,100,219.33,300,219.62,100,220.27,200,220.74,200
2026-01-16 09:31:55,217.955,218.18,1,217.56,100,218.35,100,218.35,217.56,217.56,100,217.07,300,215.92,100,215.84,100,207.9,100,,,,,,,,,,,218.35,100,218.56,100,218.77,100,219.18,100,219.19,100,219.32,100,219.33,300,219.62,100,220.27,200,220.74,200
2026-01-16 09:31:56,217.955,218.18,1,217.56,200,218.35,100,218.35,217.56,217.56,200,217.07,300,215.92,100,215.84,100,207.9,100,,,,,,,,,,,218.35,100,218.56,100,218.77,100,219.18,100,219.19,100,219.32,100,219.33,300,219.62,100,220.27,200,220.74,200
2026-01-16 09:31:57,217.955,218.18,1,217.56,200,218.35,100,218.35,217.56,217.56,200,217.07,300,215.92,100,215.84,100,207.9,100,,,,,,,,,,,218.35,100,218.56,100,218.77,100,219.18,100,219.19,100,219.32,100,219.33,300,219.62,100,220.27,200,220.74,200
2026-01-16 09:31:58,216.655,217.56,1,216.12,200,217.19,200,217.19,216.12,216.12,200,214.99,100,207.9,100,,,,,,,,,,,,,,,217.19,200,218.35,100,218.56,100,218.77,100,219.18,100,219.19,100,219.32,100,219.33,300,219.62,100,220.27,200
2026-01-16 09:31:59,216.655,217.56,1,216.12,200,217.19,200,217.19,216.12,216.12,200,214.99,100,207.9,100,,,,,,,,,,,,,,,217.19,200,218.35,100,218.56,100,218.77,100,219.18,100,219.19,100,219.32,100,219.33,300,219.62,100,220.27,200
2026-01-16 09:32:00,217.27,217.2,2,216.12,200,218.42,200,218.42,216.12,216.12,200,214.99,100,207.9,100,,,,,,,,,,,,,,,218.42,200,218.56,100,218.77,100,219.18,100,219.19,100,219.32,100,219.33,300,219.62,100,220.27,200,220.74,200
2026-01-16 09:32:01,217.27,217.2,2,216.12,200,218.42,200,218.42,216.12,216.12,200,214.99,100,207.9,100,,,,,,,,,,,,,,,218.42,200,218.56,100,218.77,100,219.18,100,219.19,100,219.32,100,219.33,300,219.62,100,220.27,200,220.74,200
2026-01-16 09:32:02,217.27,217.2,2,216.12,200,218.42,200,218.42,216.12,216.12,200,214.99,100,207.9,100,,,,,,,,,,,,,,,218.42,200,218.56,100,218.77,100,219.18,100,219.19,100,219.32,100,219.33,300,219.62,100,220.27,200,220.74,200
2026-01-16 09:32:03,217.27,217.2,2,216.12,200,218.42,200,218.42,216.12,216.12,200,214.99,100,207.9,100,,,,,,,,,,,,,,,218.42,200,218.56,100,218.77,100,219.18,100,219.19,100,219.32,100,219.33,300,219.62,100,220.27,200,220.74,200
2026-01-16 09:32:04,217.27,217.2,2,216.12,200,218.42,200,218.42,216.12,216.12,200,214.99,100,207.9,100,,,,,,,,,,,,,,,218.42,200,218.56,100,218.77,100,219.18,100,219.19,100,219.32,100,219.33,300,219.62,100,220.27,200,220.74,200
2026-01-16 09:32:05,217.27,217.2,2,216.12,200,218.42,200,218.42,216.12,216.12,200,214.99,100,207.9,100,,,,,,,,,,,,,,,218.42,200,218.56,100,218.77,100,219.18,100,219.19,100,219.32,100,219.33,300,219.62,100,220.27,200,220.74,200
2026-01-16 09:32:06,217.27,217.2,2,216.12,200,218.42,200,218.42,216.12,216.12,200,214.99,100,207.9,100,,,,,,,,,,,,,,,218.42,200,218.56,100,218.77,100,219.18,100,219.19,100,219.32,100,219.33,300,219.62,100,220.27,200,220.74,200
2026-01-16 09:32:07,217.27,217.2,2,216.12,200,218.42,200,218.42,216.12,216.12,200,214.99,100,207.9,100,,,,,,,,,,,,,,,218.42,200,218.56,100,218.77,100,219.18,100,219.19,100,219.32,100,219.33,300,219.62,100,220.27,200,220.74,200
2026-01-16 09:32:08,217.27,217.2,2,216.12,200,218.42,200,218.42,216.12,216.12,200,214.99,100,207.9,100,,,,,,,,,,,,,,,218.42,200,218.56,100,218.77,100,219.18,100,219.19,100,219.32,100,219.33,300,219.62,100,220.27,200,220.74,200
2026-01-16 09:32:09,217.27,217.2,2,216.12,200,218.42,200,218.42,216.12,216.12,200,214.99,100,207.9,100,,,,,,,,,,,,,,,218.42,200,218.56,100,218.77,100,219.18,100,219.19,100,219.32,100,219.33,300,219.62,100,220.27,200,220.74,200
2026-01-16 09:32:10,217.27,217.2,2,216.12,200,218.42,200,218.42,216.12,216.12,200,214.99,100,207.9,100,,,,,,,,,,,,,,,218.42,200,218.56,100,218.77,100,219.18,100,219.19,100,219.32,100,219.33,300,219.62,100,220.27,200,220.74,200
2026-01-16 09:32:11,217.27,217.2,2,216.12,200,218.42,200,218.42,216.12,216.12,200,214.99,100,207.9,100,,,,,,,,,,,,,,,218.42,200,218.56,100,218.77,100,219.18,100,219.19,100,219.32,100,219.33,300,219.62,100,220.27,200,220.74,200
2026-01-16 09:32:12,217.27,217.22,1,216.12,200,218.42,200,218.42,216.12,216.12,200,214.99,100,207.9,100,,,,,,,,,,,,,,,218.42,200,218.56,100,218.77,100,219.18,100,219.19,100,219.32,100,219.33,300,219.62,100,220.27,200,220.74,200
2026-01-16 09:32:13,217.27,217.22,1,216.12,200,218.42,200,218.42,216.12,216.12,200,214.99,100,207.9,100,,,,,,,,,,,,,,,218.42,200,218.56,100,218.77,100,219.18,100,219.19,100,219.32,100,219.33,300,219.62,100,220.27,200,220.74,200
2026-01-16 09:32:14,217.27,217.22,1,216.12,200,218.42,200,218.42,216.12,216.12,200,214.99,100,207.9,100,,,,,,,,,,,,,,,218.42,200,218.56,100,218.77,100,219.18,100,219.19,100,219.32,100,219.33,300,219.62,100,220.27,200,220.74,200
2026-01-16 09:32:15,217.27,217.22,1,216.12,200,218.42,200,218.42,216.12,216.12,200,214.99,100,207.9,100,,,,,,,,,,,,,,,218.42,200,218.56,100,218.77,100,219.18,100,219.19,100,219.32,100,219.33,300,219.62,100,220.27,200,220.74,200
2026-01-16 09:32:16,217.27,217.22,1,216.12,200,218.42,200,218.42,216.12,216.12,200,214.99,100,207.9,100,,,,,,,,,,,,,,,218.42,200,218.56,100,218.77,100,219.18,100,219.19,100,219.32,100,219.33,300,219.62,100,220.27,200,220.74,200
2026-01-16 09:32:17,217.585,217.22,1,216.75,200,218.42,200,218.42,216.75,216.75,200,216.12,200,214.99,100,207.9,100,,,,,,,,,,,,,218.42,200,218.56,100,218.77,100,219.18,100,219.19,100,219.32,100,219.33,300,219.62,100,220.27,200,220.74,200
2026-01-16 09:32:18,217.845,217.57,1,216.75,100,218.94,200,218.94,216.75,216.75,100,216.12,200,214.99,100,207.9,100,,,,,,,,,,,,,218.94,200,221.36,100,222.09,100,222.59,100,222.97,100,230.74,100,,,,,,,,
2026-01-16 09:32:19,217.845,217.57,1,216.75,100,218.94,200,218.94,216.75,216.75,100,216.12,200,214.99,100,207.9,100,,,,,,,,,,,,,218.94,200,221.36,100,222.09,100,222.59,100,222.97,100,230.74,100,,,,,,,,
2026-01-16 09:32:20,217.845,217.57,1,216.75,100,218.94,200,218.94,216.75,216.75,100,216.12,200,214.99,100,207.9,100,,,,,,,,,,,,,218.94,200,221.36,100,222.09,100,222.59,100,222.97,100,230.74,100,,,,,,,,
2026-01-16 09:32:21,217.845,217.57,1,216.75,100,218.94,200,218.94,216.75,216.75,100,216.12,200,214.99,100,207.9,100,,,,,,,,,,,,,218.94,200,221.36,100,222.09,100,222.59,100,222.97,100,230.74,100,,,,,,,,
2026-01-16 09:32:22,217.745,217.57,1,216.55,200,218.94,200,218.94,216.55,216.55,200,216.12,200,214.99,100,207.9,100,,,,,,,,,,,,,218.94,200,221.36,100,222.09,100,222.59,100,222.97,100,230.74,100,,,,,,,,
2026-01-16 09:32:24,217.745,217.57,1,216.55,200,218.94,200,218.94,216.55,216.55,200,216.12,200,214.99,100,207.9,100,,,,,,,,,,,,,218.94,200,221.36,100,222.09,100,222.59,100,222.97,100,230.74,100,,,,,,,,
2026-01-16 09:32:25,217.745,217.57,1,216.55,200,218.94,200,218.94,216.55,216.55,200,216.12,200,214.99,100,207.9,100,,,,,,,,,,,,,218.94,200,221.36,100,222.09,100,222.59,100,222.97,100,230.74,100,,,,,,,,
2026-01-16 09:32:26,217.33,217.57,1,216.55,200,218.11,100,218.11,216.55,216.55,200,216.12,200,214.99,100,207.9,100,,,,,,,,,,,,,218.11,100,218.61,200,221.36,100,222.09,100,222.59,100,222.97,100,230.74,100,,,,,,
2026-01-16 09:32:26,217.33,217.57,1,216.55,200,218.11,100,218.11,216.55,216.55,200,216.12,200,214.99,100,207.9,100,,,,,,,,,,,,,218.11,100,218.61,200,221.36,100,222.09,100,222.59,100,222.97,100,230.74,100,,,,,,
2026-01-16 09:32:28,217.33,217.57,1,216.55,200,218.11,100,218.11,216.55,216.55,200,216.12,200,214.99,100,207.9,100,,,,,,,,,,,,,218.11,100,218.61,200,221.36,100,222.09,100,222.59,100,222.97,100,230.74,100,,,,,,
2026-01-16 09:32:29,217.475,217.57,1,216.84,300,218.11,100,218.11,216.84,216.84,300,214.67,100,207.9,100,,,,,,,,,,,,,,,218.11,100,218.61,200,221.36,100,222.09,100,222.59,100,222.97,100,230.74,100,,,,,,
2026-01-16 09:32:30,217.475,217.57,1,216.84,300,218.11,100,218.11,216.84,216.84,300,214.67,100,207.9,100,,,,,,,,,,,,,,,218.11,100,218.61,200,221.36,100,222.09,100,222.59,100,222.97,100,230.74,100,,,,,,
2026-01-16 09:32:30,217.475,217.57,1,216.84,300,218.11,100,218.11,216.84,216.84,300,214.67,100,207.9,100,,,,,,,,,,,,,,,218.11,100,218.61,200,221.36,100,222.09,100,222.59,100,222.97,100,230.74,100,,,,,,
2026-01-16 09:32:31,217.475,217.57,1,216.84,300,218.11,100,218.11,216.84,216.84,300,214.67,100,207.9,100,,,,,,,,,,,,,,,218.11,100,218.61,200,221.36,100,222.09,100,222.59,100,222.97,100,230.74,100,,,,,,
2026-01-16 09:32:33,217.475,217.57,1,216.84,300,218.11,100,218.11,216.84,216.84,300,214.67,100,207.9,100,,,,,,,,,,,,,,,218.11,100,218.61,200,221.36,100,222.09,100,222.59,100,222.97,100,230.74,100,,,,,,
2026-01-16 09:32:33,217.475,217.57,1,216.84,300,218.11,100,218.11,216.84,216.84,300,214.67,100,207.9,100,,,,,,,,,,,,,,,218.11,100,218.61,200,221.36,100,222.09,100,222.59,100,222.97,100,230.74,100,,,,,,
2026-01-16 09:32:35,217.475,217.57,1,216.84,300,218.11,100,218.11,216.84,216.84,300,214.67,100,207.9,100,,,,,,,,,,,,,,,218.11,100,218.61,200,221.36,100,222.09,100,222.59,100,222.97,100,230.74,100,,,,,,
2026-01-16 09:32:36,217.475,217.57,1,216.84,300,218.11,100,218.11,216.84,216.84,300,214.67,100,207.9,100,,,,,,,,,,,,,,,218.11,100,218.61,200,221.36,100,222.09,100,222.59,100,222.97,100,230.74,100,,,,,,
2026-01-16 09:32:36,217.375,217.83,1,216.84,300,217.91,100,217.91,216.84,216.84,300,214.67,100,207.9,100,,,,,,,,,,,,,,,217.91,100,218.61,200,221.36,100,222.09,100,222.59,100,222.97,100,230.74,100,,,,,,
2026-01-16 09:32:37,217.375,217.83,1,216.84,300,217.91,100,217.91,216.84,216.84,300,214.67,100,207.9,100,,,,,,,,,,,,,,,217.91,100,218.61,200,221.36,100,222.09,100,222.59,100,222.97,100,230.74,100,,,,,,
2026-01-16 09:32:39,217.375,217.83,1,216.84,300,217.91,100,217.91,216.84,216.84,300,214.67,100,207.9,100,,,,,,,,,,,,,,,217.91,100,218.61,200,221.36,100,222.09,100,222.59,100,222.97,100,230.74,100,,,,,,
2026-01-16 09:32:40,217.375,217.83,1,216.84,300,217.91,100,217.91,216.84,216.84,300,214.67,100,207.9,100,,,,,,,,,,,,,,,217.91,100,218.61,200,221.36,100,222.09,100,222.59,100,222.97,100,230.74,100,,,,,,
2026-01-16 09:32:41,217.375,217.83,1,216.84,300,217.91,100,217.91,216.84,216.84,300,214.67,100,207.9,100,,,,,,,,,,,,,,,217.91,100,218.61,200,221.36,100,222.09,100,222.59,100,222.97,100,230.74,100,,,,,,
2026-01-16 09:32:42,217.375,217.83,1,216.84,300,217.91,100,217.91,216.84,216.84,300,214.67,100,207.9,100,,,,,,,,,,,,,,,217.91,100,218.61,200,221.36,100,222.09,100,222.59,100,222.97,100,230.74,100,,,,,,
2026-01-16 09:32:43,217.375,217.83,1,216.84,300,217.91,100,217.91,216.84,216.84,300,214.67,100,207.9,100,,,,,,,,,,,,,,,217.91,100,218.61,200,221.36,100,222.09,100,222.59,100,222.97,100,230.74,100,,,,,,
2026-01-16 09:32:44,217.59,217.91,1,216.84,300,218.34,100,218.34,216.84,216.84,300,214.67,100,207.9,100,,,,,,,,,,,,,,,218.34,100,218.61,200,221.36,100,222.09,100,222.59,100,222.97,100,230.74,100,,,,,,
2026-01-16 09:32:45,217.59,217.91,1,216.84,300,218.34,100,218.34,216.84,216.84,300,214.67,100,207.9,100,,,,,,,,,,,,,,,218.34,100,218.61,200,221.36,100,222.09,100,222.59,100,222.97,100,230.74,100,,,,,,
2026-01-16 09:32:46,217.82,217.91,1,217.3,100,218.34,100,218.34,217.3,217.3,100,216.84,300,214.67,100,207.9,100,,,,,,,,,,,,,218.34,100,218.61,200,221.36,100,222.09,100,222.59,100,222.97,100,230.74,100,,,,,,
2026-01-16 09:32:47,217.82,217.91,1,217.3,100,218.34,100,218.34,217.3,217.3,100,216.84,300,214.67,100,207.9,100,,,,,,,,,,,,,218.34,100,218.61,200,221.36,100,222.09,100,222.59,100,222.97,100,230.74,100,,,,,,
2026-01-16 09:32:48,217.82,217.91,1,217.3,100,218.34,100,218.34,217.3,217.3,100,216.84,300,214.67,100,207.9,100,,,,,,,,,,,,,218.34,100,218.61,200,221.36,100,222.09,100,222.59,100,222.97,100,230.74,100,,,,,,
2026-01-16 09:32:48,217.11,217.3,1,216.31,200,217.91,100,217.91,216.31,216.31,200,214.67,100,207.9,100,,,,,,,,,,,,,,,217.91,100,218.33,200,218.34,100,218.61,200,221.36,100,222.09,100,222.59,100,222.97,100,230.74,100,,
2026-01-16 09:32:50,217.11,217.3,1,216.31,200,217.91,100,217.91,216.31,216.31,200,214.67,100,207.9,100,,,,,,,,,,,,,,,217.91,100,218.33,200,218.34,100,218.61,200,221.36,100,222.09,100,222.59,100,222.97,100,230.74,100,,
2026-01-16 09:32:51,217.11,217.3,1,216.31,200,217.91,100,217.91,216.31,216.31,200,214.67,100,207.9,100,,,,,,,,,,,,,,,217.91,100,218.33,200,218.34,100,218.61,200,221.36,100,222.09,100,222.59,100,222.97,100,230.74,100,,
2026-01-16 09:32:52,217.11,217.3,1,216.31,200,217.91,100,217.91,216.31,216.31,200,214.67,100,207.9,100,,,,,,,,,,,,,,,217.91,100,218.33,200,218.34,100,218.61,200,221.36,100,222.09,100,222.59,100,222.97,100,230.74,100,,
2026-01-16 09:32:52,217.11,217.3,1,216.31,200,217.91,100,217.91,216.31,216.31,200,214.67,100,207.9,100,,,,,,,,,,,,,,,217.91,100,218.33,200,218.34,100,218.61,200,221.36,100,222.09,100,222.59,100,222.97,100,230.74,100,,
2026-01-16 09:32:54,217.11,217.3,1,216.31,200,217.91,100,217.91,216.31,216.31,200,214.67,100,207.9,100,,,,,,,,,,,,,,,217.91,100,218.33,200,218.34,100,218.61,200,221.36,100,222.09,100,222.59,100,222.97,100,230.74,100,,
2026-01-16 09:32:55,217.11,217.3,1,216.31,200,217.91,100,217.91,216.31,216.31,200,214.67,100,207.9,100,,,,,,,,,,,,,,,217.91,100,218.33,200,218.34,100,218.61,200,221.36,100,222.09,100,222.59,100,222.97,100,230.74,100,,
2026-01-16 09:32:56,217.11,217.3,1,216.31,200,217.91,100,217.91,216.31,216.31,200,214.67,100,207.9,100,,,,,,,,,,,,,,,217.91,100,218.33,200,218.34,100,218.61,200,221.36,100,222.09,100,222.59,100,222.97,100,230.74,100,,
2026-01-16 09:32:57,217.11,217.3,1,216.31,200,217.91,100,217.91,216.31,216.31,200,214.67,100,207.9,100,,,,,,,,,,,,,,,217.91,100,218.33,200,218.34,100,218.61,200,221.36,100,222.09,100,222.59,100,222.97,100,230.74,100,,
2026-01-16 09:32:58,217.11,217.3,1,216.31,200,217.91,100,217.91,216.31,216.31,200,214.67,100,207.9,100,,,,,,,,,,,,,,,217.91,100,218.33,200,218.34,100,218.61,200,221.36,100,222.09,100,222.59,100,222.97,100,230.74,100,,
2026-01-16 09:32:59,217.11,217.3,1,216.31,200,217.91,100,217.91,216.31,216.31,200,214.67,100,207.9,100,,,,,,,,,,,,,,,217.91,100,218.33,200,218.34,100,218.61,200,221.36,100,222.09,100,222.59,100,222.97,100,230.74,100,,
2026-01-16 09:33:00,217.11,217.3,1,216.31,200,217.91,100,217.91,216.31,216.31,200,214.67,100,207.9,100,,,,,,,,,,,,,,,217.91,100,218.33,200,218.34,100,218.61,200,221.36,100,222.09,100,222.59,100,222.97,100,230.74,100,,
2026-01-16 09:33:01,217.11,217.3,1,216.31,200,217.91,100,217.91,216.31,216.31,200,214.67,100,207.9,100,,,,,,,,,,,,,,,217.91,100,218.33,200,218.34,100,218.61,200,221.36,100,222.09,100,222.59,100,222.97,100,230.74,100,,
2026-01-16 09:33:02,217.11,217.3,1,216.31,200,217.91,100,217.91,216.31,216.31,200,214.67,100,207.9,100,,,,,,,,,,,,,,,217.91,100,218.33,200,218.34,100,218.61,200,221.36,100,222.09,100,222.59,100,222.97,100,230.74,100,,
2026-01-16 09:33:03,217.11,217.3,1,216.31,200,217.91,100,217.91,216.31,216.31,200,214.67,100,207.9,100,,,,,,,,,,,,,,,217.91,100,218.33,200,218.34,100,218.61,200,221.36,100,222.09,100,222.59,100,222.97,100,230.74,100,,
2026-01-16 09:33:04,217.11,217.3,1,216.31,200,217.91,100,217.91,216.31,216.31,200,214.67,100,207.9,100,,,,,,,,,,,,,,,217.91,100,218.33,200,218.34,100,218.61,200,221.36,100,222.09,100,222.59,100,222.97,100,230.74,100,,
2026-01-16 09:33:05,217.11,217.3,1,216.31,200,217.91,100,217.91,216.31,216.31,200,214.67,100,207.9,100,,,,,,,,,,,,,,,217.91,100,218.33,200,218.34,100,218.61,200,221.36,100,222.09,100,222.59,100,222.97,100,230.74,100,,
2026-01-16 09:33:06,217.11,217.3,1,216.31,200,217.91,100,217.91,216.31,216.31,200,214.67,100,207.9,100,,,,,,,,,,,,,,,217.91,100,218.33,200,218.34,100,218.61,200,221.36,100,222.09,100,222.59,100,222.97,100,230.74,100,,
2026-01-16 09:33:07,217.11,217.3,1,216.31,200,217.91,100,217.91,216.31,216.31,200,214.67,100,207.9,100,,,,,,,,,,,,,,,217.91,100,218.33,200,218.34,100,218.61,200,221.36,100,222.09,100,222.59,100,222.97,100,230.74,100,,
2026-01-16 09:33:08,217.11,217.3,1,216.31,200,217.91,100,217.91,216.31,216.31,200,214.67,100,207.9,100,,,,,,,,,,,,,,,217.91,100,218.33,200,218.34,100,218.61,200,221.36,100,222.09,100,222.59,100,222.97,100,230.74,100,,
2026-01-16 09:33:09,217.11,217.3,1,216.31,200,217.91,100,217.91,216.31,216.31,200,214.67,100,207.9,100,,,,,,,,,,,,,,,217.91,100,218.33,200,218.34,100,218.61,200,221.36,100,222.09,100,222.59,100,222.97,100,230.74,100,,
2026-01-16 09:33:10,217.11,217.3,1,216.31,200,217.91,100,217.91,216.31,216.31,200,214.67,100,207.9,100,,,,,,,,,,,,,,,217.91,100,218.33,200,218.34,100,218.61,200,221.36,100,222.09,100,222.59,100,222.97,100,230.74,100,,
2026-01-16 09:33:11,217.11,217.3,1,216.31,200,217.91,100,217.91,216.31,216.31,200,214.67,100,207.9,100,,,,,,,,,,,,,,,217.91,100,218.33,200,218.34,100,218.61,200,221.36,100,222.09,100,222.59,100,222.97,100,230.74,100,,
2026-01-16 09:33:12,217.11,217.3,1,216.31,200,217.91,100,217.91,216.31,216.31,200,214.67,100,207.9,100,,,,,,,,,,,,,,,217.91,100,218.33,200,218.34,100,218.61,200,221.36,100,222.09,100,222.59,100,222.97,100,230.74,100,,
2026-01-16 09:33:13,217.11,217.3,1,216.31,200,217.91,100,217.91,216.31,216.31,200,214.67,100,207.9,100,,,,,,,,,,,,,,,217.91,100,218.33,200,218.34,100,218.61,200,221.36,100,222.09,100,222.59,100,222.97,100,230.74,100,,
2026-01-16 09:33:14,217.11,217.3,1,216.31,200,217.91,100,217.91,216.31,216.31,200,214.67,100,207.9,100,,,,,,,,,,,,,,,217.91,100,218.33,200,218.34,100,218.61,200,221.36,100,222.09,100,222.59,100,222.97,100,230.74,100,,
2026-01-16 09:33:15,217.11,217.3,1,216.31,200,217.91,100,217.91,216.31,216.31,200,214.67,100,207.9,100,,,,,,,,,,,,,,,217.91,100,218.33,200,218.34,100,218.61,200,221.36,100,222.09,100,222.59,100,222.97,100,230.74,100,,
2026-01-16 09:33:16,217.11,217.3,1,216.31,200,217.91,100,217.91,216.31,216.31,200,214.67,100,207.9,100,,,,,,,,,,,,,,,217.91,100,218.33,200,218.34,100,218.61,200,221.36,100,222.09,100,222.59,100,222.97,100,230.74,100,,
2026-01-16 09:33:17,217.11,217.3,1,216.31,200,217.91,100,217.91,216.31,216.31,200,214.67,100,207.9,100,,,,,,,,,,,,,,,217.91,100,218.33,200,218.34,100,218.61,200,221.36,100,222.09,100,222.59,100,222.97,100,230.74,100,,
2026-01-16 09:33:18,217.11,217.3,1,216.31,200,217.91,100,217.91,216.31,216.31,200,214.67,100,207.9,100,,,,,,,,,,,,,,,217.91,100,218.33,200,218.34,100,218.61,200,221.36,100,222.09,100,222.59,100,222.97,100,230.74,100,,
2026-01-16 09:33:19,217.11,217.3,1,216.31,200,217.91,100,217.91,216.31,216.31,200,214.67,100,207.9,100,,,,,,,,,,,,,,,217.91,100,218.33,200,218.34,100,218.61,200,221.36,100,222.09,100,222.59,100,222.97,100,230.74,100,,
2026-01-16 09:33:20,217.11,217.3,1,216.31,200,217.91,100,217.91,216.31,216.31,200,214.67,100,207.9,100,,,,,,,,,,,,,,,217.91,100,218.33,200,218.34,100,218.61,200,221.36,100,222.09,100,222.59,100,222.97,100,230.74,100,,
2026-01-16 09:33:21,217.11,217.3,1,216.31,200,217.91,100,217.91,216.31,216.31,200,214.67,100,207.9,100,,,,,,,,,,,,,,,217.91,100,218.33,200,218.34,100,218.61,200,221.36,100,222.09,100,222.59,100,222.97,100,230.74,100,,
2026-01-16 09:33:22,217.11,217.3,1,216.31,200,217.91,100,217.91,216.31,216.31,200,214.67,100,207.9,100,,,,,,,,,,,,,,,217.91,100,218.33,200,218.34,100,218.61,200,221.36,100,222.09,100,222.59,100,222.97,100,230.74,100,,
2026-01-16 09:33:23,217.11,217.3,1,216.31,200,217.91,100,217.91,216.31,216.31,200,214.67,100,207.9,100,,,,,,,,,,,,,,,217.91,100,218.33,200,218.34,100,218.61,200,221.36,100,222.09,100,222.59,100,222.97,100,230.74,100,,
2026-01-16 09:33:24,217.11,217.3,1,216.31,200,217.91,100,217.91,216.31,216.31,200,214.67,100,207.9,100,,,,,,,,,,,,,,,217.91,100,218.33,200,218.34,100,218.61,200,221.36,100,222.09,100,222.59,100,222.97,100,230.74,100,,
2026-01-16 09:33:25,217.11,217.3,1,216.31,200,217.91,100,217.91,216.31,216.31,200,214.67,100,207.9,100,,,,,,,,,,,,,,,217.91,100,218.33,200,218.34,100,218.61,200,221.36,100,222.09,100,222.59,100,222.97,100,230.74,100,,
2026-01-16 09:33:26,217.28,217.3,1,216.65,200,217.91,100,217.91,216.65,216.65,200,214.67,100,207.9,100,,,,,,,,,,,,,,,217.91,100,218.33,200,218.34,100,218.61,200,221.36,100,222.09,100,222.59,100,222.97,100,230.74,100,,
2026-01-16 09:33:27,217.28,217.3,1,216.65,200,217.91,100,217.91,216.65,216.65,200,214.67,100,207.9,100,,,,,,,,,,,,,,,217.91,100,218.33,200,218.34,100,218.61,200,221.36,100,222.09,100,222.59,100,222.97,100,230.74,100,,
2026-01-16 09:33:28,217.28,217.3,1,216.65,200,217.91,100,217.91,216.65,216.65,200,214.67,100,207.9,100,,,,,,,,,,,,,,,217.91,100,218.33,200,218.34,100,218.61,200,221.36,100,222.09,100,222.59,100,222.97,100,230.74,100,,
2026-01-16 09:33:29,217.28,217.3,1,216.65,200,217.91,100,217.91,216.65,216.65,200,214.67,100,207.9,100,,,,,,,,,,,,,,,217.91,100,218.33,200,218.34,100,218.61,200,221.36,100,222.09,100,222.59,100,222.97,100,230.74,100,,
2026-01-16 09:33:30,217.635,217.91,1,216.65,200,218.62,200,218.62,216.65,216.65,200,214.67,100,207.9,100,,,,,,,,,,,,,,,218.62,200,221.36,100,222.09,100,222.59,100,222.97,100,230.74,100,,,,,,,,
2026-01-16 09:33:31,217.635,217.91,1,216.65,200,218.62,200,218.62,216.65,216.65,200,214.67,100,207.9,100,,,,,,,,,,,,,,,218.62,200,221.36,100,222.09,100,222.59,100,222.97,100,230.74,100,,,,,,,,
2026-01-16 09:33:32,217.635,217.53,1,216.65,200,218.62,200,218.62,216.65,216.65,200,214.67,100,207.9,100,,,,,,,,,,,,,,,218.62,200,221.36,100,222.09,100,222.59,100,222.97,100,230.74,100,,,,,,,,
2026-01-16 09:33:33,217.635,217.53,1,216.65,200,218.62,200,218.62,216.65,216.65,200,214.67,100,207.9,100,,,,,,,,,,,,,,,218.62,200,221.36,100,222.09,100,222.59,100,222.97,100,230.74,100,,,,,,,,
2026-01-16 09:33:34,217.635,217.53,1,216.65,200,218.62,200,218.62,216.65,216.65,200,214.67,100,207.9,100,,,,,,,,,,,,,,,218.62,200,221.36,100,222.09,100,222.59,100,222.97,100,230.74,100,,,,,,,,
2026-01-16 09:33:35,217.635,217.53,1,216.65,200,218.62,200,218.62,216.65,216.65,200,214.67,100,207.9,100,,,,,,,,,,,,,,,218.62,200,221.36,100,222.09,100,222.59,100,222.97,100,230.74,100,,,,,,,,
2026-01-16 09:33:36,217.635,217.53,1,216.65,200,218.62,200,218.62,216.65,216.65,200,214.67,100,207.9,100,,,,,,,,,,,,,,,218.62,200,221.36,100,222.09,100,222.59,100,222.97,100,230.74,100,,,,,,,,
2026-01-16 09:33:37,217.635,217.53,1,216.65,200,218.62,200,218.62,216.65,216.65,200,214.67,100,207.9,100,,,,,,,,,,,,,,,218.62,200,221.36,100,222.09,100,222.59,100,222.97,100,230.74,100,,,,,,,,
2026-01-16 09:33:38,217.635,217.53,1,216.65,200,218.62,200,218.62,216.65,216.65,200,214.67,100,207.9,100,,,,,,,,,,,,,,,218.62,200,221.36,100,222.09,100,222.59,100,222.97,100,230.74,100,,,,,,,,
2026-01-16 09:33:39,217.635,217.53,1,216.65,200,218.62,200,218.62,216.65,216.65,200,214.67,100,207.9,100,,,,,,,,,,,,,,,218.62,200,221.36,100,222.09,100,222.59,100,222.97,100,230.74,100,,,,,,,,
2026-01-16 09:33:40,217.635,217.53,1,216.65,200,218.62,200,218.62,216.65,216.65,200,214.67,100,207.9,100,,,,,,,,,,,,,,,218.62,200,221.36,100,222.09,100,222.59,100,222.97,100,230.74,100,,,,,,,,
2026-01-16 09:33:41,217.635,217.53,1,216.65,200,218.62,200,218.62,216.65,216.65,200,214.67,100,207.9,100,,,,,,,,,,,,,,,218.62,200,221.36,100,222.09,100,222.59,100,222.97,100,230.74,100,,,,,,,,
2026-01-16 09:33:42,217.635,217.53,1,216.65,200,218.62,200,218.62,216.65,216.65,200,214.67,100,207.9,100,,,,,,,,,,,,,,,218.62,200,221.36,100,222.09,100,222.59,100,222.97,100,230.74,100,,,,,,,,
2026-01-16 09:33:43,217.635,217.53,1,216.65,200,218.62,200,218.62,216.65,216.65,200,214.67,100,207.9,100,,,,,,,,,,,,,,,218.62,200,221.36,100,222.09,100,222.59,100,222.97,100,230.74,100,,,,,,,,
2026-01-16 09:33:44,217.635,217.53,1,216.65,200,218.62,200,218.62,216.65,216.65,200,214.67,100,207.9,100,,,,,,,,,,,,,,,218.62,200,221.36,100,222.09,100,222.59,100,222.97,100,230.74,100,,,,,,,,
2026-01-16 09:33:45,217.635,217.53,1,216.65,200,218.62,200,218.62,216.65,216.65,200,214.67,100,207.9,100,,,,,,,,,,,,,,,218.62,200,221.36,100,222.09,100,222.59,100,222.97,100,230.74,100,,,,,,,,
2026-01-16 09:33:46,217.635,217.53,1,216.65,200,218.62,200,218.62,216.65,216.65,200,214.67,100,207.9,100,,,,,,,,,,,,,,,218.62,200,221.36,100,222.09,100,222.59,100,222.97,100,230.74,100,,,,,,,,
2026-01-16 09:33:47,217.635,217.53,1,216.65,200,218.62,200,218.62,216.65,216.65,200,214.67,100,207.9,100,,,,,,,,,,,,,,,218.62,200,221.36,100,222.09,100,222.59,100,222.97,100,230.74,100,,,,,,,,
2026-01-16 09:33:48,217.635,217.53,1,216.65,200,218.62,200,218.62,216.65,216.65,200,214.67,100,207.9,100,,,,,,,,,,,,,,,218.62,200,221.36,100,222.09,100,222.59,100,222.97,100,230.74,100,,,,,,,,
2026-01-16 09:33:49,217.635,217.53,1,216.65,200,218.62,200,218.62,216.65,216.65,200,214.67,100,207.9,100,,,,,,,,,,,,,,,218.62,200,221.36,100,222.09,100,222.59,100,222.97,100,230.74,100,,,,,,,,
2026-01-16 09:33:50,217.635,217.53,1,216.65,200,218.62,200,218.62,216.65,216.65,200,214.67,100,207.9,100,,,,,,,,,,,,,,,218.62,200,221.36,100,222.09,100,222.59,100,222.97,100,230.74,100,,,,,,,,
2026-01-16 09:33:51,217.635,217.53,1,216.65,200,218.62,200,218.62,216.65,216.65,200,214.67,100,207.9,100,,,,,,,,,,,,,,,218.62,200,221.36,100,222.09,100,222.59,100,222.97,100,230.74,100,,,,,,,,
2026-01-16 09:33:52,217.635,217.53,1,216.65,200,218.62,200,218.62,216.65,216.65,200,214.67,100,207.9,100,,,,,,,,,,,,,,,218.62,200,221.36,100,222.09,100,222.59,100,222.97,100,230.74,100,,,,,,,,
2026-01-16 09:33:53,217.635,217.53,1,216.65,200,218.62,200,218.62,216.65,216.65,200,214.67,100,207.9,100,,,,,,,,,,,,,,,218.62,200,221.36,100,222.09,100,222.59,100,222.97,100,230.74,100,,,,,,,,
2026-01-16 09:33:54,217.635,217.53,1,216.65,200,218.62,200,218.62,216.65,216.65,200,214.67,100,207.9,100,,,,,,,,,,,,,,,218.62,200,221.36,100,222.09,100,222.59,100,222.97,100,230.74,100,,,,,,,,
2026-01-16 09:33:55,217.635,217.53,1,216.65,200,218.62,200,218.62,216.65,216.65,200,214.67,100,207.9,100,,,,,,,,,,,,,,,218.62,200,221.36,100,222.09,100,222.59,100,222.97,100,230.74,100,,,,,,,,
2026-01-16 09:33:56,218.075,217.53,1,217.53,100,218.62,200,218.62,217.53,217.53,100,216.65,200,214.67,100,207.9,100,,,,,,,,,,,,,218.62,200,221.36,100,222.09,100,222.59,100,222.97,100,230.74,100,,,,,,,,
2026-01-16 09:33:57,218.075,217.53,1,217.53,100,218.62,200,218.62,217.53,217.53,100,216.65,200,214.67,100,207.9,100,,,,,,,,,,,,,218.62,200,221.36,100,222.09,100,222.59,100,222.97,100,230.74,100,,,,,,,,
2026-01-16 09:33:58,218.075,217.53,1,217.53,100,218.62,200,218.62,217.53,217.53,100,216.65,200,214.67,100,207.9,100,,,,,,,,,,,,,218.62,200,221.36,100,222.09,100,222.59,100,222.97,100,230.74,100,,,,,,,,
2026-01-16 09:33:59,218.075,217.53,1,217.53,100,218.62,200,218.62,217.53,217.53,100,216.65,200,214.67,100,207.9,100,,,,,,,,,,,,,218.62,200,221.36,100,222.09,100,222.59,100,222.97,100,230.74,100,,,,,,,,
2026-01-16 09:34:00,218.075,217.53,1,217.53,100,218.62,200,218.62,217.53,217.53,100,216.65,200,214.67,100,207.9,100,,,,,,,,,,,,,218.62,200,221.36,100,222.09,100,222.59,100,222.97,100,230.74,100,,,,,,,,
2026-01-16 09:34:01,218.235,217.91,1,217.53,100,218.94,200,218.94,217.53,217.53,100,216.65,200,214.67,100,207.9,100,,,,,,,,,,,,,218.94,200,220.73,100,221.36,100,222.09,100,222.59,100,222.97,100,230.74,100,,,,,,
2026-01-16 09:34:02,218.225,217.91,1,217.51,100,218.94,200,218.94,217.51,217.51,100,216.65,200,214.67,100,207.9,100,,,,,,,,,,,,,218.94,200,220.73,100,221.36,100,222.09,100,222.59,100,222.97,100,230.74,100,,,,,,
2026-01-16 09:34:03,217.935,218.09,1,216.93,200,218.94,200,218.94,216.93,216.93,200,216.65,200,214.67,100,207.9,100,,,,,,,,,,,,,218.94,200,220.73,100,221.36,100,222.09,100,222.59,100,222.97,100,230.74,100,,,,,,
2026-01-16 09:34:04,217.935,218.09,1,216.93,200,218.94,200,218.94,216.93,216.93,200,216.65,200,214.67,100,207.9,100,,,,,,,,,,,,,218.94,200,220.73,100,221.36,100,222.09,100,222.59,100,222.97,100,230.74,100,,,,,,
2026-01-16 09:34:05,217.935,218.09,1,216.93,200,218.94,200,218.94,216.93,216.93,200,216.65,200,214.67,100,207.9,100,,,,,,,,,,,,,218.94,200,220.73,100,221.36,100,222.09,100,222.59,100,222.97,100,230.74,100,,,,,,
2026-01-16 09:34:06,217.935,218.09,1,216.93,200,218.94,200,218.94,216.93,216.93,200,216.65,200,214.67,100,207.9,100,,,,,,,,,,,,,218.94,200,220.73,100,221.36,100,222.09,100,222.59,100,222.97,100,230.74,100,,,,,,
2026-01-16 09:34:07,217.8,218.09,1,216.93,200,218.67,200,218.67,216.93,216.93,200,216.65,200,214.67,100,207.9,100,,,,,,,,,,,,,218.67,200,218.94,200,220.73,100,221.36,100,222.09,100,222.59,100,222.97,100,230.74,100,,,,
2026-01-16 09:34:08,218.1,218.09,1,217.53,100,218.67,200,218.67,217.53,217.53,100,216.93,200,216.65,200,214.67,100,207.9,100,,,,,,,,,,,218.67,200,218.94,200,220.73,100,221.36,100,222.09,100,222.59,100,222.97,100,230.74,100,,,,
2026-01-16 09:34:09,218.1,218.09,1,217.53,100,218.67,200,218.67,217.53,217.53,100,216.93,200,216.65,200,214.67,100,207.9,100,,,,,,,,,,,218.67,200,218.94,200,220.73,100,221.36,100,222.09,100,222.59,100,222.97,100,230.74,100,,,,
2026-01-16 09:34:10,218.1,218.09,1,217.53,100,218.67,200,218.67,217.53,217.53,100,216.93,200,216.65,200,214.67,100,207.9,100,,,,,,,,,,,218.67,200,218.94,200,220.73,100,221.36,100,222.09,100,222.59,100,222.97,100,230.74,100,,,,
2026-01-16 09:34:11,218.1,218.09,1,217.53,100,218.67,200,218.67,217.53,217.53,100,216.93,200,216.65,200,214.67,100,207.9,100,,,,,,,,,,,218.67,200,218.94,200,220.73,100,221.36,100,222.09,100,222.59,100,222.97,100,230.74,100,,,,
2026-01-16 09:34:12,218.1,218.09,1,217.53,100,218.67,200,218.67,217.53,217.53,100,216.93,200,216.65,200,214.67,100,207.9,100,,,,,,,,,,,218.67,200,218.94,200,220.73,100,221.36,100,222.09,100,222.59,100,222.97,100,230.74,100,,,,
2026-01-16 09:34:13,218.185,218.09,1,217.7,100,218.67,200,218.67,217.7,217.7,100,217.53,100,216.93,200,216.65,200,214.67,100,207.9,100,,,,,,,,,218.67,200,218.94,200,220.73,100,221.36,100,222.09,100,222.59,100,222.97,100,230.74,100,,,,
2026-01-16 09:34:14,217.8,217.87,1,216.93,200,218.67,200,218.67,216.93,216.93,200,216.65,200,214.67,100,207.9,100,,,,,,,,,,,,,218.67,200,218.94,200,220.73,100,221.36,100,222.09,100,222.59,100,222.97,100,230.74,100,,,,
2026-01-16 09:34:15,217.8,217.87,1,216.93,200,218.67,200,218.67,216.93,216.93,200,216.65,200,214.67,100,207.9,100,,,,,,,,,,,,,218.67,200,218.94,200,220.73,100,221.36,100,222.09,100,222.59,100,222.97,100,230.74,100,,,,
2026-01-16 09:34:16,217.8,217.87,1,216.93,200,218.67,200,218.67,216.93,216.93,200,216.65,200,214.67,100,207.9,100,,,,,,,,,,,,,218.67,200,218.94,200,220.73,100,221.36,100,222.09,100,222.59,100,222.97,100,230.74,100,,,,
2026-01-16 09:34:17,217.8,217.87,1,216.93,200,218.67,200,218.67,216.93,216.93,200,216.65,200,214.67,100,207.9,100,,,,,,,,,,,,,218.67,200,218.94,200,220.73,100,221.36,100,222.09,100,222.59,100,222.97,100,230.74,100,,,,
2026-01-16 09:34:18,217.77,217.87,1,216.93,200,218.61,100,218.61,216.93,216.93,200,216.65,200,214.67,100,207.9,100,,,,,,,,,,,,,218.61,100,218.67,200,218.94,200,220.73,100,221.36,100,222.09,100,222.59,100,222.97,100,230.74,100,,
2026-01-16 09:34:19,217.49,217.87,1,216.93,200,218.05,100,218.05,216.93,216.93,200,216.65,200,214.67,100,207.9,100,,,,,,,,,,,,,218.05,100,218.42,100,218.5,100,218.61,100,218.67,200,218.94,200,220.73,100,221.36,100,222.09,100,222.59,100
2026-01-16 09:34:20,217.49,217.87,1,216.93,200,218.05,100,218.05,216.93,216.93,200,216.65,200,214.67,100,207.9,100,,,,,,,,,,,,,218.05,100,218.42,100,218.5,100,218.61,100,218.67,200,218.94,200,220.73,100,221.36,100,222.09,100,222.59,100
2026-01-16 09:34:21,217.49,217.87,1,216.93,200,218.05,100,218.05,216.93,216.93,200,216.65,200,214.67,100,207.9,100,,,,,,,,,,,,,218.05,100,218.42,100,218.5,100,218.61,100,218.67,200,218.94,200,220.73,100,221.36,100,222.09,100,222.59,100
2026-01-16 09:34:22,217.49,217.87,1,216.93,200,218.05,100,218.05,216.93,216.93,200,216.65,200,214.67,100,207.9,100,,,,,,,,,,,,,218.05,100,218.42,100,218.5,100,218.61,100,218.67,200,218.94,200,220.73,100,221.36,100,222.09,100,222.59,100
2026-01-16 09:34:23,217.49,217.87,1,216.93,200,218.05,100,218.05,216.93,216.93,200,216.65,200,214.67,100,207.9,100,,,,,,,,,,,,,218.05,100,218.42,100,218.5,100,218.61,100,218.67,200,218.94,200,220.73,100,221.36,100,222.09,100,222.59,100
2026-01-16 09:34:24,217.675,217.87,1,216.93,200,218.42,100,218.42,216.93,216.93,200,216.65,200,214.67,100,207.9,100,,,,,,,,,,,,,218.42,100,218.5,100,218.61,100,218.67,200,218.94,200,220.73,100,221.36,100,222.09,100,222.59,100,222.97,100
2026-01-16 09:34:25,217.675,217.87,1,216.93,200,218.42,100,218.42,216.93,216.93,200,216.65,200,214.67,100,207.9,100,,,,,,,,,,,,,218.42,100,218.5,100,218.61,100,218.67,200,218.94,200,220.73,100,221.36,100,222.09,100,222.59,100,222.97,100
2026-01-16 09:34:26,217.675,217.87,1,216.93,200,218.42,100,218.42,216.93,216.93,200,216.65,200,214.67,100,207.9,100,,,,,,,,,,,,,218.42,100,218.5,100,218.61,100,218.67,200,218.94,200,220.73,100,221.36,100,222.09,100,222.59,100,222.97,100
2026-01-16 09:34:27,217.675,217.87,1,216.93,200,218.42,100,218.42,216.93,216.93,200,216.65,200,214.67,100,207.9,100,,,,,,,,,,,,,218.42,100,218.5,100,218.61,100,218.67,200,218.94,200,220.73,100,221.36,100,222.09,100,222.59,100,222.97,100
2026-01-16 09:34:28,217.675,217.87,1,216.93,200,218.42,100,218.42,216.93,216.93,200,216.65,200,214.67,100,207.9,100,,,,,,,,,,,,,218.42,100,218.5,100,218.61,100,218.67,200,218.94,200,220.73,100,221.36,100,222.09,100,222.59,100,222.97,100
2026-01-16 09:34:29,217.675,217.87,1,216.93,200,218.42,100,218.42,216.93,216.93,200,216.65,200,214.67,100,207.9,100,,,,,,,,,,,,,218.42,100,218.5,100,218.61,100,218.67,200,218.94,200,220.73,100,221.36,100,222.09,100,222.59,100,222.97,100
2026-01-16 09:34:30,217.675,217.87,1,216.93,200,218.42,100,218.42,216.93,216.93,200,216.65,200,214.67,100,207.9,100,,,,,,,,,,,,,218.42,100,218.5,100,218.61,100,218.67,200,218.94,200,220.73,100,221.36,100,222.09,100,222.59,100,222.97,100
2026-01-16 09:34:31,217.665,217.87,1,216.93,200,218.4,100,218.4,216.93,216.93,200,216.65,200,214.67,100,207.9,100,,,,,,,,,,,,,218.4,100,218.5,100,218.61,100,218.67,200,218.94,200,220.73,100,221.36,100,222.09,100,222.59,100,222.97,100
2026-01-16 09:34:32,217.665,217.87,1,216.93,200,218.4,100,218.4,216.93,216.93,200,216.65,200,214.67,100,207.9,100,,,,,,,,,,,,,218.4,100,218.5,100,218.61,100,218.67,200,218.94,200,220.73,100,221.36,100,222.09,100,222.59,100,222.97,100
2026-01-16 09:34:33,217.665,217.87,1,216.93,200,218.4,100,218.4,216.93,216.93,200,216.65,200,214.67,100,207.9,100,,,,,,,,,,,,,218.4,100,218.5,100,218.61,100,218.67,200,218.94,200,220.73,100,221.36,100,222.09,100,222.59,100,222.97,100
2026-01-16 09:34:34,217.615,217.87,1,216.93,200,218.3,100,218.3,216.93,216.93,200,216.65,200,214.67,100,207.9,100,,,,,,,,,,,,,218.3,100,218.4,100,218.5,100,218.61,100,218.67,200,218.94,200,220.73,100,221.36,100,222.09,100,222.59,100
2026-01-16 09:34:35,217.615,217.87,1,216.93,200,218.3,100,218.3,216.93,216.93,200,216.65,200,214.67,100,207.9,100,,,,,,,,,,,,,218.3,100,218.4,100,218.5,100,218.61,100,218.67,200,218.94,200,220.73,100,221.36,100,222.09,100,222.59,100
2026-01-16 09:34:36,217.615,217.87,1,216.93,200,218.3,100,218.3,216.93,216.93,200,216.65,200,214.67,100,207.9,100,,,,,,,,,,,,,218.3,100,218.4,100,218.5,100,218.61,100,218.67,200,218.94,200,220.73,100,221.36,100,222.09,100,222.59,100
2026-01-16 09:34:37,217.615,217.87,1,216.93,200,218.3,100,218.3,216.93,216.93,200,216.65,200,214.67,100,207.9,100,,,,,,,,,,,,,218.3,100,218.4,100,218.5,100,218.61,100,218.67,200,218.94,200,220.73,100,221.36,100,222.09,100,222.59,100
2026-01-16 09:34:38,217.67,217.87,1,216.93,200,218.41,200,218.41,216.93,216.93,200,216.65,200,214.67,100,207.9,100,,,,,,,,,,,,,218.41,200,218.5,100,218.61,100,218.67,200,218.94,200,220.73,100,221.36,100,222.09,100,222.59,100,222.97,100
2026-01-16 09:34:39,217.67,217.87,1,216.93,200,218.41,200,218.41,216.93,216.93,200,216.65,200,214.67,100,207.9,100,,,,,,,,,,,,,218.41,200,218.5,100,218.61,100,218.67,200,218.94,200,220.73,100,221.36,100,222.09,100,222.59,100,222.97,100
2026-01-16 09:34:40,217.67,217.87,1,216.93,200,218.41,200,218.41,216.93,216.93,200,216.65,200,214.67,100,207.9,100,,,,,,,,,,,,,218.41,200,218.5,100,218.61,100,218.67,200,218.94,200,220.73,100,221.36,100,222.09,100,222.59,100,222.97,100
2026-01-16 09:34:41,217.67,217.87,1,216.93,200,218.41,200,218.41,216.93,216.93,200,216.65,200,214.67,100,207.9,100,,,,,,,,,,,,,218.41,200,218.5,100,218.61,100,218.67,200,218.94,200,220.73,100,221.36,100,222.09,100,222.59,100,222.97,100
2026-01-16 09:34:42,217.67,217.87,1,216.93,200,218.41,200,218.41,216.93,216.93,200,216.65,200,214.67,100,207.9,100,,,,,,,,,,,,,218.41,200,218.5,100,218.61,100,218.67,200,218.94,200,220.73,100,221.36,100,222.09,100,222.59,100,222.97,100
2026-01-16 09:34:43,217.805,217.87,1,216.93,200,218.68,200,218.68,216.93,216.93,200,216.65,200,214.67,100,207.9,100,,,,,,,,,,,,,218.68,200,220.73,100,221.36,100,222.09,100,222.59,100,222.97,100,230.74,100,,,,,,
2026-01-16 09:34:44,217.805,217.87,1,216.93,200,218.68,200,218.68,216.93,216.93,200,216.65,200,214.67,100,207.9,100,,,,,,,,,,,,,218.68,200,220.73,100,221.36,100,222.09,100,222.59,100,222.97,100,230.74,100,,,,,,
2026-01-16 09:34:45,217.845,217.87,1,217.51,100,218.18,100,218.18,217.51,217.51,100,216.93,200,216.65,200,214.67,100,207.9,100,,,,,,,,,,,218.18,100,218.68,200,220.73,100,221.36,100,222.09,100,222.59,100,222.97,100,230.74,100,,,,
2026-01-16 09:34:46,217.555,217.87,1,216.93,200,218.18,100,218.18,216.93,216.93,200,216.65,200,214.67,100,207.9,100,,,,,,,,,,,,,218.18,100,218.68,200,220.73,100,221.36,100,222.09,100,222.59,100,222.97,100,230.74,100,,,,
2026-01-16 09:34:47,217.555,217.87,1,216.93,200,218.18,100,218.18,216.93,216.93,200,216.65,200,214.67,100,207.9,100,,,,,,,,,,,,,218.18,100,218.68,200,220.73,100,221.36,100,222.09,100,222.59,100,222.97,100,230.74,100,,,,
2026-01-16 09:34:48,217.555,217.87,1,216.93,200,218.18,100,218.18,216.93,216.93,200,216.65,200,214.67,100,207.9,100,,,,,,,,,,,,,218.18,100,218.68,200,220.73,100,221.36,100,222.09,100,222.59,100,222.97,100,230.74,100,,,,
2026-01-16 09:34:49,217.555,217.87,1,216.93,200,218.18,100,218.18,216.93,216.93,200,216.65,200,214.67,100,207.9,100,,,,,,,,,,,,,218.18,100,218.68,200,220.73,100,221.36,100,222.09,100,222.59,100,222.97,100,230.74,100,,,,
2026-01-16 09:34:50,217.93,218.11,1,217.18,200,218.68,200,218.68,217.18,217.18,200,214.67,100,207.9,100,,,,,,,,,,,,,,,218.68,200,220.73,100,221.36,100,222.09,100,222.59,100,222.97,100,230.74,100,,,,,,
2026-01-16 09:34:51,217.93,218.11,1,217.18,200,218.68,200,218.68,217.18,217.18,200,214.67,100,207.9,100,,,,,,,,,,,,,,,218.68,200,220.73,100,221.36,100,222.09,100,222.59,100,222.97,100,230.74,100,,,,,,
2026-01-16 09:34:52,217.93,218.11,1,217.18,200,218.68,200,218.68,217.18,217.18,200,214.67,100,207.9,100,,,,,,,,,,,,,,,218.68,200,220.73,100,221.36,100,222.09,100,222.59,100,222.97,100,230.74,100,,,,,,
2026-01-16 09:34:53,217.93,218.11,1,217.18,200,218.68,200,218.68,217.18,217.18,200,214.67,100,207.9,100,,,,,,,,,,,,,,,218.68,200,220.73,100,221.36,100,222.09,100,222.59,100,222.97,100,230.74,100,,,,,,
2026-01-16 09:34:54,217.93,218.11,1,217.18,200,218.68,200,218.68,217.18,217.18,200,214.67,100,207.9,100,,,,,,,,,,,,,,,218.68,200,220.73,100,221.36,100,222.09,100,222.59,100,222.97,100,230.74,100,,,,,,
2026-01-16 09:34:55,218.435,218.11,1,218.19,100,218.68,200,218.68,218.19,218.19,100,217.18,200,214.67,100,207.9,100,,,,,,,,,,,,,218.68,200,220.73,100,221.36,100,222.09,100,222.59,100,222.97,100,230.74,100,,,,,,
2026-01-16 09:34:56,217.955,218.11,1,217.18,200,218.73,100,218.73,217.18,217.18,200,214.67,100,207.9,100,,,,,,,,,,,,,,,218.73,100,220.73,100,221.36,100,222.09,100,222.59,100,222.97,100,230.74,100,,,,,,
2026-01-16 09:34:57,217.955,218.11,1,217.18,200,218.73,100,218.73,217.18,217.18,200,214.67,100,207.9,100,,,,,,,,,,,,,,,218.73,100,220.73,100,221.36,100,222.09,100,222.59,100,222.97,100,230.74,100,,,,,,
2026-01-16 09:34:58,217.955,218.11,1,217.18,200,218.73,100,218.73,217.18,217.18,200,214.67,100,207.9,100,,,,,,,,,,,,,,,218.73,100,220.73,100,221.36,100,222.09,100,222.59,100,222.97,100,230.74,100,,,,,,
2026-01-16 09:34:59,217.955,218.11,1,217.18,200,218.73,100,218.73,217.18,217.18,200,214.67,100,207.9,100,,,,,,,,,,,,,,,218.73,100,220.73,100,221.36,100,222.09,100,222.59,100,222.97,100,230.74,100,,,,,,
2026-01-16 09:35:00,218.09,218.11,1,217.45,200,218.73,100,218.73,217.45,217.45,200,214.67,100,207.9,100,,,,,,,,,,,,,,,218.73,100,220.73,100,221.36,100,222.09,100,222.59,100,222.97,100,230.74,100,,,,,,
2026-01-16 09:35:01,218.09,218.11,1,217.45,200,218.73,100,218.73,217.45,217.45,200,214.67,100,207.9,100,,,,,,,,,,,,,,,218.73,100,220.73,100,221.36,100,222.09,100,222.59,100,222.97,100,230.74,100,,,,,,
2026-01-16 09:35:02,218.09,218.11,1,217.45,200,218.73,100,218.73,217.45,217.45,200,214.67,100,207.9,100,,,,,,,,,,,,,,,218.73,100,220.73,100,221.36,100,222.09,100,222.59,100,222.97,100,230.74,100,,,,,,
2026-01-16 09:35:03,218.09,218.11,1,217.45,200,218.73,100,218.73,217.45,217.45,200,214.67,100,207.9,100,,,,,,,,,,,,,,,218.73,100,220.73,100,221.36,100,222.09,100,222.59,100,222.97,100,230.74,100,,,,,,
2026-01-16 09:35:04,218.09,218.11,1,217.45,200,218.73,100,218.73,217.45,217.45,200,214.67,100,207.9,100,,,,,,,,,,,,,,,218.73,100,220.73,100,221.36,100,222.09,100,222.59,100,222.97,100,230.74,100,,,,,,
2026-01-16 09:35:05,218.19,218.11,1,217.45,200,218.93,200,218.93,217.45,217.45,200,214.67,100,207.9,100,,,,,,,,,,,,,,,218.93,200,220.73,100,221.36,100,222.09,100,222.59,100,222.97,100,230.74,100,,,,,,
2026-01-16 09:35:06,218.19,218.11,1,217.45,200,218.93,200,218.93,217.45,217.45,200,214.67,100,207.9,100,,,,,,,,,,,,,,,218.93,200,220.73,100,221.36,100,222.09,100,222.59,100,222.97,100,230.74,100,,,,,,
2026-01-16 09:35:07,218.325,218.11,1,217.45,200,219.2,200,219.2,217.45,217.45,200,214.67,100,207.9,100,,,,,,,,,,,,,,,219.2,200,220.73,100,221.36,100,222.09,100,222.59,100,222.97,100,230.74,100,,,,,,
2026-01-16 09:35:08,218.325,218.11,1,217.45,200,219.2,200,219.2,217.45,217.45,200,214.67,100,207.9,100,,,,,,,,,,,,,,,219.2,200,220.73,100,221.36,100,222.09,100,222.59,100,222.97,100,230.74,100,,,,,,
2026-01-16 09:35:09,218.325,218.11,1,217.45,200,219.2,200,219.2,217.45,217.45,200,214.67,100,207.9,100,,,,,,,,,,,,,,,219.2,200,220.73,100,221.36,100,222.09,100,222.59,100,222.97,100,230.74,100,,,,,,
2026-01-16 09:35:10,218.325,218.11,1,217.45,200,219.2,200,219.2,217.45,217.45,200,214.67,100,207.9,100,,,,,,,,,,,,,,,219.2,200,220.73,100,221.36,100,222.09,100,222.59,100,222.97,100,230.74,100,,,,,,
2026-01-16 09:35:11,218.445,218.11,1,217.45,200,219.44,200,219.44,217.45,217.45,200,214.67,100,207.9,100,,,,,,,,,,,,,,,219.44,200,220.73,100,221.36,100,222.09,100,222.59,100,222.97,100,230.74,100,,,,,,
2026-01-16 09:35:12,218.33,218.11,1,217.45,200,219.21,200,219.21,217.45,217.45,200,214.67,100,207.9,100,,,,,,,,,,,,,,,219.21,200,220.73,100,221.36,100,222.09,100,222.59,100,222.97,100,230.74,100,,,,,,
2026-01-16 09:35:13,218.33,218.11,1,217.45,200,219.21,200,219.21,217.45,217.45,200,214.67,100,207.9,100,,,,,,,,,,,,,,,219.21,200,220.73,100,221.36,100,222.09,100,222.59,100,222.97,100,230.74,100,,,,,,
2026-01-16 09:35:14,218.465,218.11,1,217.72,200,219.21,200,219.21,217.72,217.72,200,215.29,100,214.67,100,207.9,100,,,,,,,,,,,,,219.21,200,220.73,100,221.36,100,222.09,100,222.59,100,222.97,100,230.74,100,,,,,,
2026-01-16 09:35:15,218.465,218.11,1,217.72,200,219.21,200,219.21,217.72,217.72,200,215.29,100,214.67,100,207.9,100,,,,,,,,,,,,,219.21,200,220.73,100,221.36,100,222.09,100,222.59,100,222.97,100,230.74,100,,,,,,
2026-01-16 09:35:16,218.465,218.11,1,217.72,200,219.21,200,219.21,217.72,217.72,200,215.29,100,214.67,100,207.9,100,,,,,,,,,,,,,219.21,200,220.73,100,221.36,100,222.09,100,222.59,100,222.97,100,230.74,100,,,,,,
2026-01-16 09:35:17,218.465,218.11,1,217.72,200,219.21,200,219.21,217.72,217.72,200,215.29,100,214.67,100,207.9,100,,,,,,,,,,,,,219.21,200,220.73,100,221.36,100,222.09,100,222.59,100,222.97,100,230.74,100,,,,,,
2026-01-16 09:35:18,218.465,218.11,1,217.72,200,219.21,200,219.21,217.72,217.72,200,215.29,100,214.67,100,207.9,100,,,,,,,,,,,,,219.21,200,220.73,100,221.36,100,222.09,100,222.59,100,222.97,100,230.74,100,,,,,,
2026-01-16 09:35:19,218.465,218.11,1,217.72,200,219.21,200,219.21,217.72,217.72,200,215.29,100,214.67,100,207.9,100,,,,,,,,,,,,,219.21,200,220.73,100,221.36,100,222.09,100,222.59,100,222.97,100,230.74,100,,,,,,
2026-01-16 09:35:20,218.465,218.11,1,217.72,200,219.21,200,219.21,217.72,217.72,200,215.29,100,214.67,100,207.9,100,,,,,,,,,,,,,219.21,200,220.73,100,221.36,100,222.09,100,222.59,100,222.97,100,230.74,100,,,,,,
2026-01-16 09:35:21,218.465,218.11,1,217.72,200,219.21,200,219.21,217.72,217.72,200,215.29,100,214.67,100,207.9,100,,,,,,,,,,,,,219.21,200,220.73,100,221.36,100,222.09,100,222.59,100,222.97,100,230.74,100,,,,,,
2026-01-16 09:35:22,218.465,218.11,1,217.72,200,219.21,200,219.21,217.72,217.72,200,215.29,100,214.67,100,207.9,100,,,,,,,,,,,,,219.21,200,220.73,100,221.36,100,222.09,100,222.59,100,222.97,100,230.74,100,,,,,,
2026-01-16 09:35:23,218.465,218.11,1,217.72,200,219.21,200,219.21,217.72,217.72,200,215.29,100,214.67,100,207.9,100,,,,,,,,,,,,,219.21,200,220.73,100,221.36,100,222.09,100,222.59,100,222.97,100,230.74,100,,,,,,
2026-01-16 09:35:24,218.465,218.11,1,217.72,200,219.21,200,219.21,217.72,217.72,200,215.29,100,214.67,100,207.9,100,,,,,,,,,,,,,219.21,200,220.73,100,221.36,100,222.09,100,222.59,100,222.97,100,230.74,100,,,,,,
2026-01-16 09:35:25,218.465,218.11,1,217.72,200,219.21,200,219.21,217.72,217.72,200,215.29,100,214.67,100,207.9,100,,,,,,,,,,,,,219.21,200,220.73,100,221.36,100,222.09,100,222.59,100,222.97,100,230.74,100,,,,,,
2026-01-16 09:35:26,218.465,218.11,1,217.72,200,219.21,200,219.21,217.72,217.72,200,215.29,100,214.67,100,207.9,100,,,,,,,,,,,,,219.21,200,220.73,100,221.36,100,222.09,100,222.59,100,222.97,100,230.74,100,,,,,,
2026-01-16 09:35:27,218.465,218.11,1,217.72,200,219.21,200,219.21,217.72,217.72,200,215.29,100,214.67,100,207.9,100,,,,,,,,,,,,,219.21,200,220.73,100,221.36,100,222.09,100,222.59,100,222.97,100,230.74,100,,,,,,
2026-01-16 09:35:28,218.465,218.11,1,217.72,200,219.21,200,219.21,217.72,217.72,200,215.29,100,214.67,100,207.9,100,,,,,,,,,,,,,219.21,200,220.73,100,221.36,100,222.09,100,222.59,100,222.97,100,230.74,100,,,,,,
2026-01-16 09:35:29,218.465,218.58,2,217.72,200,219.21,200,219.21,217.72,217.72,200,215.29,100,214.67,100,207.9,100,,,,,,,,,,,,,219.21,200,220.73,100,221.36,100,222.09,100,222.59,100,222.97,100,230.74,100,,,,,,
2026-01-16 09:35:30,218.465,218.58,2,217.72,200,219.21,200,219.21,217.72,217.72,200,215.29,100,214.67,100,207.9,100,,,,,,,,,,,,,219.21,200,220.73,100,221.36,100,222.09,100,222.59,100,222.97,100,230.74,100,,,,,,
2026-01-16 09:35:31,218.465,218.58,2,217.72,200,219.21,200,219.21,217.72,217.72,200,215.29,100,214.67,100,207.9,100,,,,,,,,,,,,,219.21,200,220.73,100,221.36,100,222.09,100,222.59,100,222.97,100,230.74,100,,,,,,
2026-01-16 09:35:32,218.465,218.58,2,217.72,200,219.21,200,219.21,217.72,217.72,200,215.29,100,214.67,100,207.9,100,,,,,,,,,,,,,219.21,200,220.73,100,221.36,100,222.09,100,222.59,100,222.97,100,230.74,100,,,,,,
2026-01-16 09:35:33,218.465,218.58,2,217.72,200,219.21,200,219.21,217.72,217.72,200,215.29,100,214.67,100,207.9,100,,,,,,,,,,,,,219.21,200,220.73,100,221.36,100,222.09,100,222.59,100,222.97,100,230.74,100,,,,,,
2026-01-16 09:35:34,218.465,218.58,2,217.72,200,219.21,200,219.21,217.72,217.72,200,215.29,100,214.67,100,207.9,100,,,,,,,,,,,,,219.21,200,220.73,100,221.36,100,222.09,100,222.59,100,222.97,100,230.74,100,,,,,,
2026-01-16 09:35:35,218.16,218.58,2,217.72,200,218.6,100,218.6,217.72,217.72,200,215.29,100,214.67,100,207.9,100,,,,,,,,,,,,,218.6,100,219.21,200,220.73,100,221.36,100,222.09,100,222.59,100,222.97,100,230.74,100,,,,
2026-01-16 09:35:36,218.465,218.6,1,217.72,200,219.21,200,219.21,217.72,217.72,200,215.29,100,214.67,100,207.9,100,,,,,,,,,,,,,219.21,200,220.73,100,221.36,100,222.09,100,222.59,100,222.97,100,230.74,100,,,,,,
2026-01-16 09:35:37,218.465,218.6,1,217.72,200,219.21,200,219.21,217.72,217.72,200,215.29,100,214.67,100,207.9,100,,,,,,,,,,,,,219.21,200,220.73,100,221.36,100,222.09,100,222.59,100,222.97,100,230.74,100,,,,,,
2026-01-16 09:35:38,218.465,218.6,1,217.72,200,219.21,200,219.21,217.72,217.72,200,215.29,100,214.67,100,207.9,100,,,,,,,,,,,,,219.21,200,220.73,100,221.36,100,222.09,100,222.59,100,222.97,100,230.74,100,,,,,,
2026-01-16 09:35:39,218.465,218.6,1,217.72,200,219.21,200,219.21,217.72,217.72,200,215.29,100,214.67,100,207.9,100,,,,,,,,,,,,,219.21,200,220.73,100,221.36,100,222.09,100,222.59,100,222.97,100,230.74,100,,,,,,
2026-01-16 09:35:40,218.465,218.6,1,217.72,200,219.21,200,219.21,217.72,217.72,200,215.29,100,214.67,100,207.9,100,,,,,,,,,,,,,219.21,200,220.73,100,221.36,100,222.09,100,222.59,100,222.97,100,230.74,100,,,,,,
2026-01-16 09:35:41,218.185,218.6,1,217.72,200,218.65,100,218.65,217.72,217.72,200,215.29,100,214.67,100,207.9,100,,,,,,,,,,,,,218.65,100,219.21,200,220.73,100,221.36,100,222.09,100,222.59,100,222.97,100,230.74,100,,,,
2026-01-16 09:35:42,218.185,218.6,1,217.72,200,218.65,100,218.65,217.72,217.72,200,215.29,100,214.67,100,207.9,100,,,,,,,,,,,,,218.65,100,219.21,200,220.73,100,221.36,100,222.09,100,222.59,100,222.97,100,230.74,100,,,,
2026-01-16 09:35:43,218.185,218.6,1,217.72,200,218.65,100,218.65,217.72,217.72,200,215.29,100,214.67,100,207.9,100,,,,,,,,,,,,,218.65,100,219.21,200,220.73,100,221.36,100,222.09,100,222.59,100,222.97,100,230.74,100,,,,
2026-01-16 09:35:44,218.185,218.6,1,217.72,200,218.65,100,218.65,217.72,217.72,200,215.29,100,214.67,100,207.9,100,,,,,,,,,,,,,218.65,100,219.21,200,220.73,100,221.36,100,222.09,100,222.59,100,222.97,100,230.74,100,,,,
2026-01-16 09:35:45,218.465,218.53,1,217.72,200,219.21,200,219.21,217.72,217.72,200,215.29,100,214.67,100,207.9,100,,,,,,,,,,,,,219.21,200,220.73,100,221.36,100,222.09,100,222.59,100,222.97,100,230.74,100,,,,,,
2026-01-16 09:35:46,218.465,218.53,1,217.72,200,219.21,200,219.21,217.72,217.72,200,215.29,100,214.67,100,207.9,100,,,,,,,,,,,,,219.21,200,220.73,100,221.36,100,222.09,100,222.59,100,222.97,100,230.74,100,,,,,,
2026-01-16 09:35:47,218.465,218.53,1,217.72,200,219.21,200,219.21,217.72,217.72,200,215.29,100,214.67,100,207.9,100,,,,,,,,,,,,,219.21,200,220.73,100,221.36,100,222.09,100,222.59,100,222.97,100,230.74,100,,,,,,
2026-01-16 09:35:48,218.465,218.53,1,217.72,200,219.21,200,219.21,217.72,217.72,200,215.29,100,214.67,100,207.9,100,,,,,,,,,,,,,219.21,200,220.73,100,221.36,100,222.09,100,222.59,100,222.97,100,230.74,100,,,,,,
2026-01-16 09:35:49,218.465,218.38,1,217.72,200,219.21,200,219.21,217.72,217.72,200,215.29,100,214.67,100,207.9,100,,,,,,,,,,,,,219.21,200,220.73,100,221.36,100,222.09,100,222.59,100,222.97,100,230.74,100,,,,,,
2026-01-16 09:35:50,218.125,218.38,1,217.72,200,218.53,100,218.53,217.72,217.72,200,215.29,100,214.67,100,207.9,100,,,,,,,,,,,,,218.53,100,219.21,200,220.73,100,221.36,100,222.09,100,222.59,100,222.97,100,230.74,100,,,,
2026-01-16 09:35:51,218.125,218.38,1,217.72,200,218.53,100,218.53,217.72,217.72,200,215.29,100,214.67,100,207.9,100,,,,,,,,,,,,,218.53,100,219.21,200,220.73,100,221.36,100,222.09,100,222.59,100,222.97,100,230.74,100,,,,
2026-01-16 09:35:52,218.465,218.33,1,217.72,200,219.21,200,219.21,217.72,217.72,200,215.29,100,214.67,100,207.9,100,,,,,,,,,,,,,219.21,200,220.73,100,221.36,100,222.09,100,222.59,100,222.97,100,230.74,100,,,,,,
2026-01-16 09:35:53,218.12,218.33,1,217.72,200,218.52,100,218.52,217.72,217.72,200,215.29,100,214.67,100,207.9,100,,,,,,,,,,,,,218.52,100,219.21,200,220.73,100,221.36,100,222.09,100,222.59,100,222.97,100,230.74,100,,,,
2026-01-16 09:35:54,218.12,218.33,1,217.72,200,218.52,100,218.52,217.72,217.72,200,215.29,100,214.67,100,207.9,100,,,,,,,,,,,,,218.52,100,219.21,200,220.73,100,221.36,100,222.09,100,222.59,100,222.97,100,230.74,100,,,,
2026-01-16 09:35:55,218.12,218.33,1,217.72,200,218.52,100,218.52,217.72,217.72,200,215.29,100,214.67,100,207.9,100,,,,,,,,,,,,,218.52,100,219.21,200,220.73,100,221.36,100,222.09,100,222.59,100,222.97,100,230.74,100,,,,
2026-01-16 09:35:56,218.12,218.33,1,217.72,200,218.52,100,218.52,217.72,217.72,200,215.29,100,214.67,100,207.9,100,,,,,,,,,,,,,218.52,100,219.21,200,220.73,100,221.36,100,222.09,100,222.59,100,222.97,100,230.74,100,,,,
2026-01-16 09:35:57,218.12,218.33,1,217.72,200,218.52,100,218.52,217.72,217.72,200,215.29,100,214.67,100,207.9,100,,,,,,,,,,,,,218.52,100,219.21,200,220.73,100,221.36,100,222.09,100,222.59,100,222.97,100,230.74,100,,,,
2026-01-16 09:35:58,218.12,218.33,1,217.72,200,218.52,100,218.52,217.72,217.72,200,215.29,100,214.67,100,207.9,100,,,,,,,,,,,,,218.52,100,219.21,200,220.73,100,221.36,100,222.09,100,222.59,100,222.97,100,230.74,100,,,,
2026-01-16 09:35:59,218.12,218.33,1,217.72,200,218.52,100,218.52,217.72,217.72,200,215.29,100,214.67,100,207.9,100,,,,,,,,,,,,,218.52,100,219.21,200,220.73,100,221.36,100,222.09,100,222.59,100,222.97,100,230.74,100,,,,
2026-01-16 09:36:00,218.465,218.33,1,217.72,200,219.21,200,219.21,217.72,217.72,200,215.29,100,214.67,100,207.9,100,,,,,,,,,,,,,219.21,200,220.73,100,221.36,100,222.09,100,222.59,100,222.97,100,230.74,100,,,,,,
2026-01-16 09:36:01,218.465,218.33,1,217.72,200,219.21,200,219.21,217.72,217.72,200,215.29,100,214.67,100,207.9,100,,,,,,,,,,,,,219.21,200,220.73,100,221.36,100,222.09,100,222.59,100,222.97,100,230.74,100,,,,,,
2026-01-16 09:36:02,218.465,218.33,1,217.72,200,219.21,200,219.21,217.72,217.72,200,215.29,100,214.67,100,207.9,100,,,,,,,,,,,,,219.21,200,220.73,100,221.36,100,222.09,100,222.59,100,222.97,100,230.74,100,,,,,,
2026-01-16 09:36:03,218.465,218.33,1,217.72,200,219.21,200,219.21,217.72,217.72,200,215.29,100,214.67,100,207.9,100,,,,,,,,,,,,,219.21,200,220.73,100,221.36,100,222.09,100,222.59,100,222.97,100,230.74,100,,,,,,
2026-01-16 09:36:04,218.35,218.27,1,217.72,200,218.98,300,218.98,217.72,217.72,200,215.29,100,214.67,100,207.9,100,,,,,,,,,,,,,218.98,300,220.73,100,221.36,100,222.09,100,222.59,100,222.97,100,230.74,100,,,,,,
2026-01-16 09:36:05,218.35,218.27,1,217.72,200,218.98,300,218.98,217.72,217.72,200,215.29,100,214.67,100,207.9,100,,,,,,,,,,,,,218.98,300,220.73,100,221.36,100,222.09,100,222.59,100,222.97,100,230.74,100,,,,,,
2026-01-16 09:36:06,218.35,218.27,1,217.72,200,218.98,300,218.98,217.72,217.72,200,215.29,100,214.67,100,207.9,100,,,,,,,,,,,,,218.98,300,220.73,100,221.36,100,222.09,100,222.59,100,222.97,100,230.74,100,,,,,,
2026-01-16 09:36:07,218.35,218.27,1,217.72,200,218.98,300,218.98,217.72,217.72,200,215.29,100,214.67,100,207.9,100,,,,,,,,,,,,,218.98,300,220.73,100,221.36,100,222.09,100,222.59,100,222.97,100,230.74,100,,,,,,
2026-01-16 09:36:08,218.35,218.27,1,217.72,200,218.98,300,218.98,217.72,217.72,200,215.29,100,214.67,100,207.9,100,,,,,,,,,,,,,218.98,300,220.73,100,221.36,100,222.09,100,222.59,100,222.97,100,230.74,100,,,,,,
2026-01-16 09:36:09,218.35,218.27,1,217.72,200,218.98,300,218.98,217.72,217.72,200,215.29,100,214.67,100,207.9,100,,,,,,,,,,,,,218.98,300,220.73,100,221.36,100,222.09,100,222.59,100,222.97,100,230.74,100,,,,,,
2026-01-16 09:36:10,218.35,218.27,1,217.72,200,218.98,300,218.98,217.72,217.72,200,215.29,100,214.67,100,207.9,100,,,,,,,,,,,,,218.98,300,220.73,100,221.36,100,222.09,100,222.59,100,222.97,100,230.74,100,,,,,,
2026-01-16 09:36:11,218.35,218.27,1,217.72,200,218.98,300,218.98,217.72,217.72,200,215.29,100,214.67,100,207.9,100,,,,,,,,,,,,,218.98,300,220.73,100,221.36,100,222.09,100,222.59,100,222.97,100,230.74,100,,,,,,
2026-01-16 09:36:12,218.35,218.27,1,217.72,200,218.98,300,218.98,217.72,217.72,200,215.29,100,214.67,100,207.9,100,,,,,,,,,,,,,218.98,300,220.73,100,221.36,100,222.09,100,222.59,100,222.97,100,230.74,100,,,,,,
2026-01-16 09:36:13,218.35,218.27,1,217.72,200,218.98,300,218.98,217.72,217.72,200,215.29,100,214.67,100,207.9,100,,,,,,,,,,,,,218.98,300,220.73,100,221.36,100,222.09,100,222.59,100,222.97,100,230.74,100,,,,,,
2026-01-16 09:36:14,218.24,218.16,1,217.5,200,218.98,300,218.98,217.5,217.5,200,215.8,100,215.29,100,214.67,100,207.9,100,,,,,,,,,,,218.98,300,220.73,100,221.36,100,222.09,100,222.59,100,222.97,100,230.74,100,,,,,,
2026-01-16 09:36:15,218.24,218.16,1,217.5,200,218.98,300,218.98,217.5,217.5,200,215.8,100,215.29,100,214.67,100,207.9,100,,,,,,,,,,,218.98,300,220.73,100,221.36,100,222.09,100,222.59,100,222.97,100,230.74,100,,,,,,
2026-01-16 09:36:16,218.24,218.16,1,217.5,200,218.98,300,218.98,217.5,217.5,200,215.8,100,215.29,100,214.67,100,207.9,100,,,,,,,,,,,218.98,300,220.73,100,221.36,100,222.09,100,222.59,100,222.97,100,230.74,100,,,,,,
2026-01-16 09:36:17,218.11,218.16,1,217.5,200,218.72,200,218.72,217.5,217.5,200,215.8,100,215.29,100,214.67,100,207.9,100,,,,,,,,,,,218.72,200,220.73,100,221.36,100,222.09,100,222.59,100,222.97,100,230.74,100,,,,,,
2026-01-16 09:36:18,218.11,218.16,1,217.5,200,218.72,200,218.72,217.5,217.5,200,215.8,100,215.29,100,214.67,100,207.9,100,,,,,,,,,,,218.72,200,220.73,100,221.36,100,222.09,100,222.59,100,222.97,100,230.74,100,,,,,,
2026-01-16 09:36:19,218.28,218.16,1,217.84,100,218.72,200,218.72,217.84,217.84,100,217.5,200,215.8,100,215.29,100,214.67,100,207.9,100,,,,,,,,,218.72,200,220.73,100,221.36,100,222.09,100,222.59,100,222.97,100,230.74,100,,,,,,
2026-01-16 09:36:20,218.11,218.16,1,217.5,200,218.72,200,218.72,217.5,217.5,200,215.8,100,215.29,100,214.67,100,207.9,100,,,,,,,,,,,218.72,200,220.73,100,221.36,100,222.09,100,222.59,100,222.97,100,230.74,100,,,,,,
2026-01-16 09:36:21,218.11,218.16,1,217.5,200,218.72,200,218.72,217.5,217.5,200,215.8,100,215.29,100,214.67,100,207.9,100,,,,,,,,,,,218.72,200,220.73,100,221.36,100,222.09,100,222.59,100,222.97,100,230.74,100,,,,,,
2026-01-16 09:36:22,218.11,217.92,1,217.5,200,218.72,200,218.72,217.5,217.5,200,215.8,100,215.29,100,214.67,100,207.9,100,,,,,,,,,,,218.72,200,220.73,100,221.36,100,222.09,100,222.59,100,222.97,100,230.74,100,,,,,,
2026-01-16 09:36:23,218.11,217.92,1,217.5,200,218.72,200,218.72,217.5,217.5,200,215.8,100,215.29,100,214.67,100,207.9,100,,,,,,,,,,,218.72,200,220.73,100,221.36,100,222.09,100,222.59,100,222.97,100,230.74,100,,,,,,
2026-01-16 09:36:25,218.11,217.92,1,217.5,200,218.72,200,218.72,217.5,217.5,200,215.8,100,215.29,100,214.67,100,207.9,100,,,,,,,,,,,218.72,200,220.73,100,221.36,100,222.09,100,222.59,100,222.97,100,230.74,100,,,,,,
2026-01-16 09:36:26,218.11,217.92,1,217.5,200,218.72,200,218.72,217.5,217.5,200,215.8,100,215.29,100,214.67,100,207.9,100,,,,,,,,,,,218.72,200,220.73,100,221.36,100,222.09,100,222.59,100,222.97,100,230.74,100,,,,,,
2026-01-16 09:36:27,218.11,217.92,1,217.5,200,218.72,200,218.72,217.5,217.5,200,215.8,100,215.29,100,214.67,100,207.9,100,,,,,,,,,,,218.72,200,220.73,100,221.36,100,222.09,100,222.59,100,222.97,100,230.74,100,,,,,,
2026-01-16 09:36:28,218.11,217.92,1,217.5,200,218.72,200,218.72,217.5,217.5,200,215.8,100,215.29,100,214.67,100,207.9,100,,,,,,,,,,,218.72,200,220.73,100,221.36,100,222.09,100,222.59,100,222.97,100,230.74,100,,,,,,
2026-01-16 09:36:29,218.11,217.92,1,217.5,200,218.72,200,218.72,217.5,217.5,200,215.8,100,215.29,100,214.67,100,207.9,100,,,,,,,,,,,218.72,200,220.73,100,221.36,100,222.09,100,222.59,100,222.97,100,230.74,100,,,,,,
2026-01-16 09:36:30,218.11,217.92,1,217.5,200,218.72,200,218.72,217.5,217.5,200,215.8,100,215.29,100,214.67,100,207.9,100,,,,,,,,,,,218.72,200,220.73,100,221.36,100,222.09,100,222.59,100,222.97,100,230.74,100,,,,,,
2026-01-16 09:36:31,218.11,217.92,1,217.5,200,218.72,200,218.72,217.5,217.5,200,215.8,100,215.29,100,214.67,100,207.9,100,,,,,,,,,,,218.72,200,220.73,100,221.36,100,222.09,100,222.59,100,222.97,100,230.74,100,,,,,,
2026-01-16 09:36:32,218.11,217.92,1,217.5,200,218.72,200,218.72,217.5,217.5,200,215.8,100,215.29,100,214.67,100,207.9,100,,,,,,,,,,,218.72,200,220.73,100,221.36,100,222.09,100,222.59,100,222.97,100,230.74,100,,,,,,
2026-01-16 09:36:33,217.855,217.92,1,217.5,200,218.21,100,218.21,217.5,217.5,200,215.8,100,215.29,100,214.67,100,207.9,100,,,,,,,,,,,218.21,100,218.72,200,220.73,100,221.36,100,222.09,100,222.59,100,222.97,100,230.74,100,,,,
2026-01-16 09:36:34,217.855,217.92,1,217.5,200,218.21,100,218.21,217.5,217.5,200,215.8,100,215.29,100,214.67,100,207.9,100,,,,,,,,,,,218.21,100,218.72,200,220.73,100,221.36,100,222.09,100,222.59,100,222.97,100,230.74,100,,,,
2026-01-16 09:36:35,217.855,217.92,1,217.5,200,218.21,100,218.21,217.5,217.5,200,215.8,100,215.29,100,214.67,100,207.9,100,,,,,,,,,,,218.21,100,218.72,200,220.73,100,221.36,100,222.09,100,222.59,100,222.97,100,230.74,100,,,,
2026-01-16 09:36:36,217.7,217.92,1,217.19,200,218.21,100,218.21,217.19,217.19,200,215.8,100,215.29,100,214.67,100,207.9,100,,,,,,,,,,,218.21,100,218.72,200,220.73,100,221.36,100,222.09,100,222.59,100,222.97,100,230.74,100,,,,
2026-01-16 09:36:37,217.7,217.92,1,217.19,200,218.21,100,218.21,217.19,217.19,200,215.8,100,215.29,100,214.67,100,207.9,100,,,,,,,,,,,218.21,100,218.72,200,220.73,100,221.36,100,222.09,100,222.59,100,222.97,100,230.74,100,,,,
2026-01-16 09:36:38,217.635,217.92,1,217.19,200,218.08,100,218.08,217.19,217.19,200,215.8,100,215.29,100,214.67,100,207.9,100,,,,,,,,,,,218.08,100,218.21,100,218.72,200,220.73,100,221.36,100,222.09,100,222.59,100,222.97,100,230.74,100,,
2026-01-16 09:36:39,217.635,217.92,1,217.19,200,218.08,100,218.08,217.19,217.19,200,215.8,100,215.29,100,214.67,100,207.9,100,,,,,,,,,,,218.08,100,218.21,100,218.72,200,220.73,100,221.36,100,222.09,100,222.59,100,222.97,100,230.74,100,,
2026-01-16 09:36:40,217.635,217.92,1,217.19,200,218.08,100,218.08,217.19,217.19,200,215.8,100,215.29,100,214.67,100,207.9,100,,,,,,,,,,,218.08,100,218.21,100,218.72,200,220.73,100,221.36,100,222.09,100,222.59,100,222.97,100,230.74,100,,
2026-01-16 09:36:41,217.635,217.92,1,217.19,200,218.08,100,218.08,217.19,217.19,200,215.8,100,215.29,100,214.67,100,207.9,100,,,,,,,,,,,218.08,100,218.21,100,218.72,200,220.73,100,221.36,100,222.09,100,222.59,100,222.97,100,230.74,100,,
2026-01-16 09:36:42,217.635,217.92,1,217.19,200,218.08,100,218.08,217.19,217.19,200,215.8,100,215.29,100,214.67,100,207.9,100,,,,,,,,,,,218.08,100,218.21,100,218.72,200,220.73,100,221.36,100,222.09,100,222.59,100,222.97,100,230.74,100,,
2026-01-16 09:36:43,217.635,217.92,1,217.19,200,218.08,100,218.08,217.19,217.19,200,215.8,100,215.29,100,214.67,100,207.9,100,,,,,,,,,,,218.08,100,218.21,100,218.72,200,220.73,100,221.36,100,222.09,100,222.59,100,222.97,100,230.74,100,,
2026-01-16 09:36:44,217.635,217.92,1,217.19,200,218.08,100,218.08,217.19,217.19,200,215.8,100,215.29,100,214.67,100,207.9,100,,,,,,,,,,,218.08,100,218.21,100,218.72,200,220.73,100,221.36,100,222.09,100,222.59,100,222.97,100,230.74,100,,
2026-01-16 09:36:45,217.635,217.92,1,217.19,200,218.08,100,218.08,217.19,217.19,200,215.8,100,215.29,100,214.67,100,207.9,100,,,,,,,,,,,218.08,100,218.21,100,218.72,200,220.73,100,221.36,100,222.09,100,222.59,100,222.97,100,230.74,100,,
2026-01-16 09:36:46,217.635,217.92,1,217.19,200,218.08,100,218.08,217.19,217.19,200,215.8,100,215.29,100,214.67,100,207.9,100,,,,,,,,,,,218.08,100,218.21,100,218.72,200,220.73,100,221.36,100,222.09,100,222.59,100,222.97,100,230.74,100,,
2026-01-16 09:36:47,217.635,217.92,1,217.19,200,218.08,100,218.08,217.19,217.19,200,215.8,100,215.29,100,214.67,100,207.9,100,,,,,,,,,,,218.08,100,218.21,100,218.72,200,220.73,100,221.36,100,222.09,100,222.59,100,222.97,100,230.74,100,,
2026-01-16 09:36:48,217.635,217.92,1,217.19,200,218.08,100,218.08,217.19,217.19,200,215.8,100,215.29,100,214.67,100,207.9,100,,,,,,,,,,,218.08,100,218.21,100,218.72,200,220.73,100,221.36,100,222.09,100,222.59,100,222.97,100,230.74,100,,
2026-01-16 09:36:49,217.635,217.92,1,217.19,200,218.08,100,218.08,217.19,217.19,200,215.8,100,215.29,100,214.67,100,207.9,100,,,,,,,,,,,218.08,100,218.21,100,218.72,200,220.73,100,221.36,100,222.09,100,222.59,100,222.97,100,230.74,100,,
2026-01-16 09:36:50,217.635,217.92,1,217.19,200,218.08,100,218.08,217.19,217.19,200,215.8,100,215.29,100,214.67,100,207.9,100,,,,,,,,,,,218.08,100,218.21,100,218.72,200,220.73,100,221.36,100,222.09,100,222.59,100,222.97,100,230.74,100,,
2026-01-16 09:36:51,217.635,217.92,1,217.19,200,218.08,100,218.08,217.19,217.19,200,215.8,100,215.29,100,214.67,100,207.9,100,,,,,,,,,,,218.08,100,218.21,100,218.72,200,220.73,100,221.36,100,222.09,100,222.59,100,222.97,100,230.74,100,,
2026-01-16 09:36:52,217.635,217.92,1,217.19,200,218.08,100,218.08,217.19,217.19,200,215.8,100,215.29,100,214.67,100,207.9,100,,,,,,,,,,,218.08,100,218.21,100,218.72,200,220.73,100,221.36,100,222.09,100,222.59,100,222.97,100,230.74,100,,
2026-01-16 09:36:53,217.635,217.92,1,217.19,200,218.08,100,218.08,217.19,217.19,200,215.8,100,215.29,100,214.67,100,207.9,100,,,,,,,,,,,218.08,100,218.21,100,218.72,200,220.73,100,221.36,100,222.09,100,222.59,100,222.97,100,230.74,100,,
2026-01-16 09:36:54,217.635,217.92,1,217.19,200,218.08,100,218.08,217.19,217.19,200,215.8,100,215.29,100,214.67,100,207.9,100,,,,,,,,,,,218.08,100,218.21,100,218.72,200,220.73,100,221.36,100,222.09,100,222.59,100,222.97,100,230.74,100,,
2026-01-16 09:36:55,217.635,217.92,1,217.19,200,218.08,100,218.08,217.19,217.19,200,215.8,100,215.29,100,214.67,100,207.9,100,,,,,,,,,,,218.08,100,218.21,100,218.72,200,220.73,100,221.36,100,222.09,100,222.59,100,222.97,100,230.74,100,,
2026-01-16 09:36:56,217.635,217.92,1,217.19,200,218.08,100,218.08,217.19,217.19,200,215.8,100,215.29,100,214.67,100,207.9,100,,,,,,,,,,,218.08,100,218.21,100,218.72,200,220.73,100,221.36,100,222.09,100,222.59,100,222.97,100,230.74,100,,
2026-01-16 09:36:57,217.635,217.92,1,217.19,200,218.08,100,218.08,217.19,217.19,200,215.8,100,215.29,100,214.67,100,207.9,100,,,,,,,,,,,218.08,100,218.21,100,218.72,200,220.73,100,221.36,100,222.09,100,222.59,100,222.97,100,230.74,100,,
2026-01-16 09:36:58,217.635,217.92,1,217.19,200,218.08,100,218.08,217.19,217.19,200,215.8,100,215.29,100,214.67,100,207.9,100,,,,,,,,,,,218.08,100,218.21,100,218.72,200,220.73,100,221.36,100,222.09,100,222.59,100,222.97,100,230.74,100,,
2026-01-16 09:36:59,217.635,217.92,1,217.19,200,218.08,100,218.08,217.19,217.19,200,215.8,100,215.29,100,214.67,100,207.9,100,,,,,,,,,,,218.08,100,218.21,100,218.72,200,220.73,100,221.36,100,222.09,100,222.59,100,222.97,100,230.74,100,,
2026-01-16 09:37:00,217.635,217.92,1,217.19,200,218.08,100,218.08,217.19,217.19,200,215.8,100,215.29,100,214.67,100,207.9,100,,,,,,,,,,,218.08,100,218.21,100,218.72,200,220.73,100,221.36,100,222.09,100,222.59,100,222.97,100,230.74,100,,
2026-01-16 09:37:01,217.635,217.92,1,217.19,200,218.08,100,218.08,217.19,217.19,200,215.8,100,215.29,100,214.67,100,207.9,100,,,,,,,,,,,218.08,100,218.21,100,218.72,200,220.73,100,221.36,100,222.09,100,222.59,100,222.97,100,230.74,100,,
2026-01-16 09:37:02,217.635,217.92,1,217.19,200,218.08,100,218.08,217.19,217.19,200,215.8,100,215.29,100,214.67,100,207.9,100,,,,,,,,,,,218.08,100,218.21,100,218.72,200,220.73,100,221.36,100,222.09,100,222.59,100,222.97,100,230.74,100,,
2026-01-16 09:37:03,217.635,217.92,1,217.19,200,218.08,100,218.08,217.19,217.19,200,215.8,100,215.29,100,214.67,100,207.9,100,,,,,,,,,,,218.08,100,218.21,100,218.72,200,220.73,100,221.36,100,222.09,100,222.59,100,222.97,100,230.74,100,,
2026-01-16 09:37:04,217.635,217.92,1,217.19,200,218.08,100,218.08,217.19,217.19,200,215.8,100,215.29,100,214.67,100,207.9,100,,,,,,,,,,,218.08,100,218.21,100,218.72,200,220.73,100,221.36,100,222.09,100,222.59,100,222.97,100,230.74,100,,
2026-01-16 09:37:05,217.635,217.92,1,217.19,200,218.08,100,218.08,217.19,217.19,200,215.8,100,215.29,100,214.67,100,207.9,100,,,,,,,,,,,218.08,100,218.21,100,218.72,200,220.73,100,221.36,100,222.09,100,222.59,100,222.97,100,230.74,100,,
2026-01-16 09:37:06,217.635,217.92,1,217.19,200,218.08,100,218.08,217.19,217.19,200,215.8,100,215.29,100,214.67,100,207.9,100,,,,,,,,,,,218.08,100,218.21,100,218.72,200,220.73,100,221.36,100,222.09,100,222.59,100,222.97,100,230.74,100,,
2026-01-16 09:37:07,217.635,217.92,1,217.19,200,218.08,100,218.08,217.19,217.19,200,215.8,100,215.29,100,214.67,100,207.9,100,,,,,,,,,,,218.08,100,218.21,100,218.72,200,220.73,100,221.36,100,222.09,100,222.59,100,222.97,100,230.74,100,,
2026-01-16 09:37:08,217.635,217.92,1,217.19,200,218.08,100,218.08,217.19,217.19,200,215.8,100,215.29,100,214.67,100,207.9,100,,,,,,,,,,,218.08,100,218.21,100,218.72,200,220.73,100,221.36,100,222.09,100,222.59,100,222.97,100,230.74,100,,
2026-01-16 09:37:09,217.635,217.92,1,217.19,200,218.08,100,218.08,217.19,217.19,200,215.8,100,215.29,100,214.67,100,207.9,100,,,,,,,,,,,218.08,100,218.21,100,218.72,200,220.73,100,221.36,100,222.09,100,222.59,100,222.97,100,230.74,100,,
2026-01-16 09:37:10,217.635,217.92,1,217.19,200,218.08,100,218.08,217.19,217.19,200,215.8,100,215.29,100,214.67,100,207.9,100,,,,,,,,,,,218.08,100,218.21,100,218.72,200,220.73,100,221.36,100,222.09,100,222.59,100,222.97,100,230.74,100,,
2026-01-16 09:37:11,217.635,217.92,1,217.19,200,218.08,100,218.08,217.19,217.19,200,215.8,100,215.29,100,214.67,100,207.9,100,,,,,,,,,,,218.08,100,218.21,100,218.72,200,220.73,100,221.36,100,222.09,100,222.59,100,222.97,100,230.74,100,,
2026-01-16 09:37:12,217.635,217.92,1,217.19,200,218.08,100,218.08,217.19,217.19,200,215.8,100,215.29,100,214.67,100,207.9,100,,,,,,,,,,,218.08,100,218.21,100,218.72,200,220.73,100,221.36,100,222.09,100,222.59,100,222.97,100,230.74,100,,
2026-01-16 09:37:13,217.635,217.92,1,217.19,200,218.08,100,218.08,217.19,217.19,200,215.8,100,215.29,100,214.67,100,207.9,100,,,,,,,,,,,218.08,100,218.21,100,218.72,200,220.73,100,221.36,100,222.09,100,222.59,100,222.97,100,230.74,100,,
2026-01-16 09:37:14,217.635,217.92,1,217.19,200,218.08,100,218.08,217.19,217.19,200,215.8,100,215.29,100,214.67,100,207.9,100,,,,,,,,,,,218.08,100,218.21,100,218.72,200,220.73,100,221.36,100,222.09,100,222.59,100,222.97,100,230.74,100,,
2026-01-16 09:37:15,217.635,217.92,1,217.19,200,218.08,100,218.08,217.19,217.19,200,215.8,100,215.29,100,214.67,100,207.9,100,,,,,,,,,,,218.08,100,218.21,100,218.72,200,220.73,100,221.36,100,222.09,100,222.59,100,222.97,100,230.74,100,,
2026-01-16 09:37:16,217.635,217.92,1,217.19,200,218.08,100,218.08,217.19,217.19,200,215.8,100,215.29,100,214.67,100,207.9,100,,,,,,,,,,,218.08,100,218.21,100,218.72,200,220.73,100,221.36,100,222.09,100,222.59,100,222.97,100,230.74,100,,
2026-01-16 09:37:17,217.635,217.92,1,217.19,200,218.08,100,218.08,217.19,217.19,200,215.8,100,215.29,100,214.67,100,207.9,100,,,,,,,,,,,218.08,100,218.21,100,218.72,200,220.73,100,221.36,100,222.09,100,222.59,100,222.97,100,230.74,100,,
2026-01-16 09:37:18,217.74,217.92,1,217.19,200,218.29,100,218.29,217.19,217.19,200,215.8,100,215.29,100,214.67,100,207.9,100,,,,,,,,,,,218.29,100,218.72,200,220.73,100,221.36,100,222.09,100,222.59,100,222.97,100,230.74,100,,,,
2026-01-16 09:37:19,217.74,217.92,1,217.19,200,218.29,100,218.29,217.19,217.19,200,215.8,100,215.29,100,214.67,100,207.9,100,,,,,,,,,,,218.29,100,218.72,200,220.73,100,221.36,100,222.09,100,222.59,100,222.97,100,230.74,100,,,,
2026-01-16 09:37:20,217.74,217.92,1,217.19,200,218.29,100,218.29,217.19,217.19,200,215.8,100,215.29,100,214.67,100,207.9,100,,,,,,,,,,,218.29,100,218.72,200,220.73,100,221.36,100,222.09,100,222.59,100,222.97,100,230.74,100,,,,
2026-01-16 09:37:21,217.74,217.92,1,217.19,200,218.29,100,218.29,217.19,217.19,200,215.8,100,215.29,100,214.67,100,207.9,100,,,,,,,,,,,218.29,100,218.72,200,220.73,100,221.36,100,222.09,100,222.59,100,222.97,100,230.74,100,,,,
2026-01-16 09:37:22,217.74,217.92,1,217.19,200,218.29,100,218.29,217.19,217.19,200,215.8,100,215.29,100,214.67,100,207.9,100,,,,,,,,,,,218.29,100,218.72,200,220.73,100,221.36,100,222.09,100,222.59,100,222.97,100,230.74,100,,,,
2026-01-16 09:37:23,217.74,217.92,1,217.19,200,218.29,100,218.29,217.19,217.19,200,215.8,100,215.29,100,214.67,100,207.9,100,,,,,,,,,,,218.29,100,218.72,200,220.73,100,221.36,100,222.09,100,222.59,100,222.97,100,230.74,100,,,,
2026-01-16 09:37:24,217.74,217.92,1,217.19,200,218.29,100,218.29,217.19,217.19,200,215.8,100,215.29,100,214.67,100,207.9,100,,,,,,,,,,,218.29,100,218.72,200,220.73,100,221.36,100,222.09,100,222.59,100,222.97,100,230.74,100,,,,
2026-01-16 09:37:25,217.74,217.92,1,217.19,200,218.29,100,218.29,217.19,217.19,200,215.8,100,215.29,100,214.67,100,207.9,100,,,,,,,,,,,218.29,100,218.72,200,220.73,100,221.36,100,222.09,100,222.59,100,222.97,100,230.74,100,,,,
2026-01-16 09:37:26,217.74,217.92,1,217.19,200,218.29,100,218.29,217.19,217.19,200,215.8,100,215.29,100,214.67,100,207.9,100,,,,,,,,,,,218.29,100,218.72,200,220.73,100,221.36,100,222.09,100,222.59,100,222.97,100,230.74,100,,,,
2026-01-16 09:37:27,217.74,217.92,1,217.19,200,218.29,100,218.29,217.19,217.19,200,215.8,100,215.29,100,214.67,100,207.9,100,,,,,,,,,,,218.29,100,218.72,200,220.73,100,221.36,100,222.09,100,222.59,100,222.97,100,230.74,100,,,,
2026-01-16 09:37:28,217.74,217.92,1,217.19,200,218.29,100,218.29,217.19,217.19,200,215.8,100,215.29,100,214.67,100,207.9,100,,,,,,,,,,,218.29,100,218.72,200,220.73,100,221.36,100,222.09,100,222.59,100,222.97,100,230.74,100,,,,
2026-01-16 09:37:29,217.74,217.92,1,217.19,200,218.29,100,218.29,217.19,217.19,200,215.8,100,215.29,100,214.67,100,207.9,100,,,,,,,,,,,218.29,100,218.72,200,220.73,100,221.36,100,222.09,100,222.59,100,222.97,100,230.74,100,,,,
2026-01-16 09:37:30,217.74,217.92,1,217.19,200,218.29,100,218.29,217.19,217.19,200,215.8,100,215.29,100,214.67,100,207.9,100,,,,,,,,,,,218.29,100,218.72,200,220.73,100,221.36,100,222.09,100,222.59,100,222.97,100,230.74,100,,,,
2026-01-16 09:37:31,217.74,217.92,1,217.19,200,218.29,100,218.29,217.19,217.19,200,215.8,100,215.29,100,214.67,100,207.9,100,,,,,,,,,,,218.29,100,218.72,200,220.73,100,221.36,100,222.09,100,222.59,100,222.97,100,230.74,100,,,,
2026-01-16 09:37:32,217.835,217.92,1,217.38,200,218.29,100,218.29,217.38,217.38,200,217.19,200,215.8,100,215.29,100,214.67,100,207.9,100,,,,,,,,,218.29,100,218.72,200,220.73,100,221.36,100,222.09,100,222.59,100,222.97,100,230.74,100,,,,
2026-01-16 09:37:33,217.925,217.92,1,217.56,100,218.29,100,218.29,217.56,217.56,100,216.99,300,215.8,100,215.29,100,214.67,100,207.9,100,,,,,,,,,218.29,100,218.72,200,220.73,100,221.36,100,222.09,100,222.59,100,222.97,100,230.74,100,,,,
2026-01-16 09:37:34,217.64,217.92,1,216.99,300,218.29,100,218.29,216.99,216.99,300,215.8,100,215.29,100,214.67,100,207.9,100,,,,,,,,,,,218.29,100,218.72,200,220.73,100,221.36,100,222.09,100,222.59,100,222.97,100,230.74,100,,,,
2026-01-16 09:37:35,217.64,217.92,1,216.99,300,218.29,100,218.29,216.99,216.99,300,215.8,100,215.29,100,214.67,100,207.9,100,,,,,,,,,,,218.29,100,218.72,200,220.73,100,221.36,100,222.09,100,222.59,100,222.97,100,230.74,100,,,,
2026-01-16 09:37:36,217.64,217.92,1,216.99,300,218.29,100,218.29,216.99,216.99,300,215.8,100,215.29,100,214.67,100,207.9,100,,,,,,,,,,,218.29,100,218.72,200,220.73,100,221.36,100,222.09,100,222.59,100,222.97,100,230.74,100,,,,
2026-01-16 09:37:37,217.64,217.92,1,216.99,300,218.29,100,218.29,216.99,216.99,300,215.8,100,215.29,100,214.67,100,207.9,100,,,,,,,,,,,218.29,100,218.72,200,220.73,100,221.36,100,222.09,100,222.59,100,222.97,100,230.74,100,,,,
2026-01-16 09:37:38,217.64,217.92,1,216.99,300,218.29,100,218.29,216.99,216.99,300,215.8,100,215.29,100,214.67,100,207.9,100,,,,,,,,,,,218.29,100,218.72,200,220.73,100,221.36,100,222.09,100,222.59,100,222.97,100,230.74,100,,,,
2026-01-16 09:37:39,217.64,217.92,1,216.99,300,218.29,100,218.29,216.99,216.99,300,215.8,100,215.29,100,214.67,100,207.9,100,,,,,,,,,,,218.29,100,218.72,200,220.73,100,221.36,100,222.09,100,222.59,100,222.97,100,230.74,100,,,,
2026-01-16 09:37:40,217.64,217.92,1,216.99,300,218.29,100,218.29,216.99,216.99,300,215.8,100,215.29,100,214.67,100,207.9,100,,,,,,,,,,,218.29,100,218.72,200,220.73,100,221.36,100,222.09,100,222.59,100,222.97,100,230.74,100,,,,
2026-01-16 09:37:41,217.64,217.92,1,216.99,300,218.29,100,218.29,216.99,216.99,300,215.8,100,215.29,100,214.67,100,207.9,100,,,,,,,,,,,218.29,100,218.72,200,220.73,100,221.36,100,222.09,100,222.59,100,222.97,100,230.74,100,,,,
2026-01-16 09:37:42,217.64,217.92,1,216.99,300,218.29,100,218.29,216.99,216.99,300,215.8,100,215.29,100,214.67,100,207.9,100,,,,,,,,,,,218.29,100,218.72,200,220.73,100,221.36,100,222.09,100,222.59,100,222.97,100,230.74,100,,,,
2026-01-16 09:37:43,217.64,217.92,1,216.99,300,218.29,100,218.29,216.99,216.99,300,215.8,100,215.29,100,214.67,100,207.9,100,,,,,,,,,,,218.29,100,218.72,200,220.73,100,221.36,100,222.09,100,222.59,100,222.97,100,230.74,100,,,,
2026-01-16 09:37:44,217.64,217.92,1,216.99,300,218.29,100,218.29,216.99,216.99,300,215.8,100,215.29,100,214.67,100,207.9,100,,,,,,,,,,,218.29,100,218.72,200,220.73,100,221.36,100,222.09,100,222.59,100,222.97,100,230.74,100,,,,
2026-01-16 09:37:45,217.64,217.92,1,216.99,300,218.29,100,218.29,216.99,216.99,300,215.8,100,215.29,100,214.67,100,207.9,100,,,,,,,,,,,218.29,100,218.72,200,220.73,100,221.36,100,222.09,100,222.59,100,222.97,100,230.74,100,,,,
2026-01-16 09:37:46,217.64,217.92,1,216.99,300,218.29,100,218.29,216.99,216.99,300,215.8,100,215.29,100,214.67,100,207.9,100,,,,,,,,,,,218.29,100,218.72,200,220.73,100,221.36,100,222.09,100,222.59,100,222.97,100,230.74,100,,,,
2026-01-16 09:37:47,217.64,217.92,1,216.99,300,218.29,100,218.29,216.99,216.99,300,215.8,100,215.29,100,214.67,100,207.9,100,,,,,,,,,,,218.29,100,218.72,200,220.73,100,221.36,100,222.09,100,222.59,100,222.97,100,230.74,100,,,,
2026-01-16 09:37:48,217.545,217.92,1,216.99,300,218.1,200,218.1,216.99,216.99,300,215.8,100,215.29,100,214.67,100,207.9,100,,,,,,,,,,,218.1,200,218.29,100,218.72,200,220.73,100,221.36,100,222.09,100,222.59,100,222.97,100,230.74,100,,
2026-01-16 09:37:49,217.545,217.92,1,216.99,300,218.1,200,218.1,216.99,216.99,300,215.8,100,215.29,100,214.67,100,207.9,100,,,,,,,,,,,218.1,200,218.29,100,218.72,200,220.73,100,221.36,100,222.09,100,222.59,100,222.97,100,230.74,100,,
2026-01-16 09:37:50,217.545,217.92,1,216.99,300,218.1,200,218.1,216.99,216.99,300,215.8,100,215.29,100,214.67,100,207.9,100,,,,,,,,,,,218.1,200,218.29,100,218.72,200,220.73,100,221.36,100,222.09,100,222.59,100,222.97,100,230.74,100,,
2026-01-16 09:37:51,217.545,217.92,1,216.99,300,218.1,200,218.1,216.99,216.99,300,215.8,100,215.29,100,214.67,100,207.9,100,,,,,,,,,,,218.1,200,218.29,100,218.72,200,220.73,100,221.36,100,222.09,100,222.59,100,222.97,100,230.74,100,,
2026-01-16 09:37:52,217.545,217.92,1,216.99,300,218.1,200,218.1,216.99,216.99,300,215.8,100,215.29,100,214.67,100,207.9,100,,,,,,,,,,,218.1,200,218.29,100,218.72,200,220.73,100,221.36,100,222.09,100,222.59,100,222.97,100,230.74,100,,
2026-01-16 09:37:53,217.545,217.92,1,216.99,300,218.1,200,218.1,216.99,216.99,300,215.8,100,215.29,100,214.67,100,207.9,100,,,,,,,,,,,218.1,200,218.29,100,218.72,200,220.73,100,221.36,100,222.09,100,222.59,100,222.97,100,230.74,100,,
2026-01-16 09:37:54,217.545,217.92,1,216.99,300,218.1,200,218.1,216.99,216.99,300,215.8,100,215.29,100,214.67,100,207.9,100,,,,,,,,,,,218.1,200,218.29,100,218.72,200,220.73,100,221.36,100,222.09,100,222.59,100,222.97,100,230.74,100,,
2026-01-16 09:37:55,217.545,217.92,1,216.99,300,218.1,200,218.1,216.99,216.99,300,215.8,100,215.29,100,214.67,100,207.9,100,,,,,,,,,,,218.1,200,218.29,100,218.72,200,220.73,100,221.36,100,222.09,100,222.59,100,222.97,100,230.74,100,,
2026-01-16 09:37:56,217.545,217.92,1,216.99,300,218.1,200,218.1,216.99,216.99,300,215.8,100,215.29,100,214.67,100,207.9,100,,,,,,,,,,,218.1,200,218.29,100,218.72,200,220.73,100,221.36,100,222.09,100,222.59,100,222.97,100,230.74,100,,
2026-01-16 09:37:57,217.545,217.92,1,216.99,300,218.1,200,218.1,216.99,216.99,300,215.8,100,215.29,100,214.67,100,207.9,100,,,,,,,,,,,218.1,200,218.29,100,218.72,200,220.73,100,221.36,100,222.09,100,222.59,100,222.97,100,230.74,100,,
2026-01-16 09:37:58,217.545,217.92,1,216.99,300,218.1,200,218.1,216.99,216.99,300,215.8,100,215.29,100,214.67,100,207.9,100,,,,,,,,,,,218.1,200,218.29,100,218.72,200,220.73,100,221.36,100,222.09,100,222.59,100,222.97,100,230.74,100,,
2026-01-16 09:37:59,217.545,217.92,1,216.99,300,218.1,200,218.1,216.99,216.99,300,215.8,100,215.29,100,214.67,100,207.9,100,,,,,,,,,,,218.1,200,218.29,100,218.72,200,220.73,100,221.36,100,222.09,100,222.59,100,222.97,100,230.74,100,,
2026-01-16 09:38:00,217.37,217.92,1,216.99,300,217.75,200,217.75,216.99,216.99,300,215.8,100,215.29,100,214.67,100,207.9,100,,,,,,,,,,,217.75,200,218.1,200,218.29,100,218.72,200,220.73,100,221.36,100,222.09,100,222.59,100,222.97,100,230.74,100
2026-01-16 09:38:01,217.37,217.92,1,216.99,300,217.75,200,217.75,216.99,216.99,300,215.8,100,215.29,100,214.67,100,207.9,100,,,,,,,,,,,217.75,200,218.1,200,218.29,100,218.72,200,220.73,100,221.36,100,222.09,100,222.59,100,222.97,100,230.74,100
2026-01-16 09:38:02,217.37,217.92,1,216.99,300,217.75,200,217.75,216.99,216.99,300,215.8,100,215.29,100,214.67,100,207.9,100,,,,,,,,,,,217.75,200,218.1,200,218.29,100,218.72,200,220.73,100,221.36,100,222.09,100,222.59,100,222.97,100,230.74,100
2026-01-16 09:38:03,217.37,217.92,1,216.99,300,217.75,200,217.75,216.99,216.99,300,215.8,100,215.29,100,214.67,100,207.9,100,,,,,,,,,,,217.75,200,218.1,200,218.29,100,218.72,200,220.73,100,221.36,100,222.09,100,222.59,100,222.97,100,230.74,100
2026-01-16 09:38:04,217.37,217.92,1,216.99,300,217.75,200,217.75,216.99,216.99,300,215.8,100,215.29,100,214.67,100,207.9,100,,,,,,,,,,,217.75,200,218.1,200,218.29,100,218.72,200,220.73,100,221.36,100,222.09,100,222.59,100,222.97,100,230.74,100
2026-01-16 09:38:05,217.37,217.92,1,216.99,300,217.75,200,217.75,216.99,216.99,300,215.8,100,215.29,100,214.67,100,207.9,100,,,,,,,,,,,217.75,200,218.1,200,218.29,100,218.72,200,220.73,100,221.36,100,222.09,100,222.59,100,222.97,100,230.74,100
2026-01-16 09:38:06,217.37,217.92,1,216.99,300,217.75,200,217.75,216.99,216.99,300,215.8,100,215.29,100,214.67,100,207.9,100,,,,,,,,,,,217.75,200,218.1,200,218.29,100,218.72,200,220.73,100,221.36,100,222.09,100,222.59,100,222.97,100,230.74,100
2026-01-16 09:38:07,217.37,217.92,1,216.99,300,217.75,200,217.75,216.99,216.99,300,215.8,100,215.29,100,214.67,100,207.9,100,,,,,,,,,,,217.75,200,218.1,200,218.29,100,218.72,200,220.73,100,221.36,100,222.09,100,222.59,100,222.97,100,230.74,100
2026-01-16 09:38:08,217.37,217.92,1,216.99,300,217.75,200,217.75,216.99,216.99,300,215.8,100,215.29,100,214.67,100,207.9,100,,,,,,,,,,,217.75,200,218.1,200,218.29,100,218.72,200,220.73,100,221.36,100,222.09,100,222.59,100,222.97,100,230.74,100
2026-01-16 09:38:09,217.37,217.92,1,216.99,300,217.75,200,217.75,216.99,216.99,300,215.8,100,215.29,100,214.67,100,207.9,100,,,,,,,,,,,217.75,200,218.1,200,218.29,100,218.72,200,220.73,100,221.36,100,222.09,100,222.59,100,222.97,100,230.74,100
2026-01-16 09:38:10,217.37,217.92,1,216.99,300,217.75,200,217.75,216.99,216.99,300,215.8,100,215.29,100,214.67,100,207.9,100,,,,,,,,,,,217.75,200,218.1,200,218.29,100,218.72,200,220.73,100,221.36,100,222.09,100,222.59,100,222.97,100,230.74,100
2026-01-16 09:38:11,217.37,217.92,1,216.99,300,217.75,300,217.75,216.99,216.99,300,215.8,100,215.29,100,214.67,100,207.9,100,,,,,,,,,,,217.75,300,218.1,200,218.29,100,218.72,200,220.73,100,221.36,100,222.09,100,222.59,100,222.97,100,230.74,100
2026-01-16 09:38:12,217.37,217.92,1,216.99,300,217.75,300,217.75,216.99,216.99,300,215.8,100,215.29,100,214.67,100,207.9,100,,,,,,,,,,,217.75,300,218.1,200,218.29,100,218.72,200,220.73,100,221.36,100,222.09,100,222.59,100,222.97,100,230.74,100
