sim_time,mid_price,last_price,last_size,best_bid_price,best_bid_size,best_ask_price,best_ask_size,close_price_buy,close_price_sell,bid1_price,bid1_size,bid2_price,bid2_size,bid3_price,bid3_size,bid4_price,bid4_size,bid5_price,bid5_size,bid6_price,bid6_size,bid7_price,bid7_size,bid8_price,bid8_size,bid9_price,bid9_size,bid10_price,bid10_size,ask1_price,ask1_size,ask2_price,ask2_size,ask3_price,ask3_size,ask4_price,ask4_size,ask5_price,ask5_size,ask6_price,ask6_size,ask7_price,ask7_size,ask8_price,ask8_size,ask9_price,ask9_size,ask10_price,ask10_size
2026-01-16 09:30:36,303.08,302.9,1,302.67,80,303.49,80,303.49,302.67,302.67,80,302.57,80,302.27,80,301.92,120,301.91,80,301.71,40,301.6,80,301.32,80,301.18,40,301.17,40,303.49,80,303.5,40,303.51,40,,,,,,,,,,,,,,
2026-01-16 09:30:37,303.385,303.66,12,302.99,40,303.78,80,303.78,302.99,302.99,40,302.98,40,302.77,40,302.68,80,302.67,120,302.57,80,302.27,80,301.92,120,301.91,80,301.71,40,303.78,80,,,,,,,,,,,,,,,,,,
2026-01-16 09:30:38,303.685,304.0,1,303.09,40,304.28,80,304.28,303.09,303.09,40,302.99,40,302.98,40,302.77,40,302.68,80,302.67,120,302.57,80,302.27,80,301.92,120,301.91,80,304.28,80,,,,,,,,,,,,,,,,,,
2026-01-16 09:30:38,303.73,304.0,1,303.18,40,304.28,40,304.28,303.18,303.18,40,303.13,40,303.09,40,302.99,40,302.98,40,302.77,40,302.68,80,302.67,120,302.57,80,302.27,80,304.28,40,,,,,,,,,,,,,,,,,,
2026-01-16 09:30:39,303.825,304.0,1,303.37,40,304.28,40,304.28,303.37,303.37,40,303.19,40,303.18,80,303.13,40,303.09,40,302.99,40,302.98,40,302.77,40,302.68,80,302.67,120,304.28,40,,,,,,,,,,,,,,,,,,
2026-01-16 09:30:39,303.825,304.0,1,303.37,40,304.28,40,304.28,303.37,303.37,40,303.19,40,303.18,80,303.13,40,303.09,40,302.99,40,302.98,40,302.77,40,302.68,80,302.67,120,304.28,40,,,,,,,,,,,,,,,,,,
2026-01-16 09:30:41,303.81,304.29,2,303.32,40,304.3,80,304.3,303.32,303.32,40,303.19,40,303.18,80,303.13,40,303.09,40,302.99,40,302.98,40,302.77,40,302.68,80,302.67,120,304.3,80,,,,,,,,,,,,,,,,,,
2026-01-16 09:30:43,303.895,303.91,2,303.5,40,304.29,120,304.29,303.5,303.5,40,303.32,40,303.19,40,303.18,80,303.13,40,303.09,40,302.99,40,302.98,40,302.77,40,302.68,80,304.29,120,304.3,80,,,,,,,,,,,,,,,,
2026-01-16 09:30:44,303.89,303.91,2,303.5,40,304.28,80,304.28,303.5,303.5,40,303.32,40,303.19,40,303.18,80,303.13,40,303.09,40,302.99,40,302.98,40,302.77,40,302.68,80,304.28,80,304.29,120,304.3,80,,,,,,,,,,,,,,
2026-01-16 09:30:45,303.89,304.27,1,303.5,40,304.28,40,304.28,303.5,303.5,40,303.32,40,303.19,40,303.18,80,303.13,40,303.09,40,302.99,40,302.98,40,302.77,40,302.68,80,304.28,40,304.29,120,304.3,80,,,,,,,,,,,,,,
2026-01-16 09:30:46,303.89,304.27,1,303.5,40,304.28,120,304.28,303.5,303.5,40,303.32,40,303.19,40,303.18,80,303.13,40,303.09,40,302.99,40,302.98,40,302.77,40,302.68,80,304.28,120,304.29,120,304.3,80,,,,,,,,,,,,,,
2026-01-16 09:30:47,303.8,304.19,1,303.41,40,304.19,120,304.19,303.41,303.41,40,303.38,40,303.22,40,303.19,40,303.18,80,303.13,40,303.09,40,302.99,40,302.98,40,302.77,40,304.19,120,304.2,80,304.28,120,304.29,120,304.3,80,,,,,,,,,,
2026-01-16 09:30:48,303.85,304.13,9,303.49,40,304.21,280,304.21,303.49,303.49,40,303.38,40,303.37,40,303.22,40,303.19,40,303.18,80,303.13,40,303.09,40,302.99,40,302.98,40,304.21,280,304.28,120,304.29,120,304.3,80,,,,,,,,,,,,
2026-01-16 09:30:49,303.805,304.02,1,303.46,40,304.15,120,304.15,303.46,303.46,40,303.4,40,303.29,40,303.19,40,303.18,80,303.13,40,303.09,40,302.99,40,302.98,40,302.77,40,304.15,120,304.21,280,304.28,120,304.29,120,304.3,80,,,,,,,,,,
2026-01-16 09:30:50,303.675,303.37,1,303.29,40,304.06,40,304.06,303.29,303.29,40,303.19,40,303.18,80,303.13,40,303.09,40,302.99,40,302.98,40,302.77,40,302.68,80,302.67,120,304.06,40,304.28,120,304.29,120,304.3,80,,,,,,,,,,,,
2026-01-16 09:30:51,303.675,303.37,1,303.29,40,304.06,80,304.06,303.29,303.29,40,303.19,40,303.18,80,303.13,40,303.09,40,302.99,40,302.98,40,302.77,40,302.68,80,302.67,120,304.06,80,304.28,120,304.29,120,304.3,80,,,,,,,,,,,,
2026-01-16 09:30:52,304.22,304.41,3,304.0,40,304.44,200,304.44,304.0,304.0,40,303.66,40,303.49,40,303.4,40,303.29,40,303.19,40,303.18,80,303.13,40,303.09,40,302.99,40,304.44,200,,,,,,,,,,,,,,,,,,
2026-01-16 09:30:53,304.22,304.41,3,304.0,40,304.44,200,304.44,304.0,304.0,40,303.66,40,303.49,40,303.4,40,303.29,40,303.19,40,303.18,80,303.13,40,303.09,40,302.99,40,304.44,200,,,,,,,,,,,,,,,,,,
2026-01-16 09:30:54,304.375,304.5,10,304.0,120,304.75,200,304.75,304.0,304.0,120,303.66,40,303.49,40,303.4,40,303.29,40,303.19,40,303.18,80,303.13,40,303.09,40,302.99,40,304.75,200,,,,,,,,,,,,,,,,,,
2026-01-16 09:30:55,304.375,304.5,10,304.0,120,304.75,200,304.75,304.0,304.0,120,303.66,40,303.49,40,303.4,40,303.29,40,303.19,40,303.18,80,303.13,40,303.09,40,302.99,40,304.75,200,,,,,,,,,,,,,,,,,,
2026-01-16 09:30:56,304.375,304.5,10,304.0,160,304.75,200,304.75,304.0,304.0,160,303.66,40,303.49,40,303.4,40,303.29,40,303.19,40,303.18,80,303.13,40,303.09,40,302.99,40,304.75,200,,,,,,,,,,,,,,,,,,
2026-01-16 09:30:57,304.375,304.5,10,304.0,160,304.75,200,304.75,304.0,304.0,160,303.66,40,303.49,40,303.4,40,303.29,40,303.19,40,303.18,80,303.13,40,303.09,40,302.99,40,304.75,200,,,,,,,,,,,,,,,,,,
2026-01-16 09:30:58,304.375,304.5,10,304.0,160,304.75,200,304.75,304.0,304.0,160,303.66,40,303.49,40,303.4,40,303.29,40,303.19,40,303.18,80,303.13,40,303.09,40,302.99,40,304.75,200,,,,,,,,,,,,,,,,,,
2026-01-16 09:30:59,304.38,304.5,10,304.01,80,304.75,200,304.75,304.01,304.01,80,304.0,80,303.66,40,303.49,40,303.4,40,303.29,40,303.19,40,303.18,80,303.13,40,303.09,40,304.75,200,,,,,,,,,,,,,,,,,,
2026-01-16 09:31:00,304.38,304.5,10,304.01,80,304.75,200,304.75,304.01,304.01,80,304.0,80,303.66,40,303.49,40,303.4,40,303.29,40,303.19,40,303.18,80,303.13,40,303.09,40,304.75,200,,,,,,,,,,,,,,,,,,
2026-01-16 09:31:01,304.38,304.38,16,304.01,120,304.75,440,304.75,304.01,304.01,120,304.0,80,303.66,40,303.49,40,303.4,40,303.29,40,303.19,40,303.18,80,303.13,40,303.09,40,304.75,440,,,,,,,,,,,,,,,,,,
2026-01-16 09:31:02,304.355,304.42,2,304.01,80,304.7,240,304.7,304.01,304.01,80,304.0,80,303.66,40,303.49,40,303.4,40,303.29,40,303.19,40,303.18,80,303.13,40,303.09,40,304.7,240,304.75,440,,,,,,,,,,,,,,,,
2026-01-16 09:31:03,304.5,304.9,1,304.01,360,304.99,280,304.99,304.01,304.01,360,304.0,80,303.66,40,303.49,40,303.4,40,303.29,40,303.19,40,303.18,80,303.13,40,303.09,40,304.99,280,305.0,800,,,,,,,,,,,,,,,,
2026-01-16 09:31:04,304.86,305.0,1,304.42,40,305.3,160,305.3,304.42,304.42,40,304.19,80,304.02,40,304.01,440,304.0,80,303.66,40,303.49,40,303.4,40,303.29,40,303.19,40,305.3,160,305.35,40,,,,,,,,,,,,,,,,
2026-01-16 09:31:05,304.86,304.86,1,304.42,80,305.3,120,305.3,304.42,304.42,80,304.19,80,304.02,40,304.01,440,304.0,80,303.66,40,303.49,40,303.4,40,303.29,40,303.19,40,305.3,120,305.35,40,,,,,,,,,,,,,,,,
2026-01-16 09:31:06,304.85,304.86,1,304.42,80,305.28,40,305.28,304.42,304.42,80,304.19,80,304.02,40,304.01,440,304.0,80,303.66,40,303.49,40,303.4,40,303.29,40,303.19,40,305.28,40,305.3,120,305.35,40,,,,,,,,,,,,,,
2026-01-16 09:31:07,304.92,304.86,1,304.54,40,305.3,40,305.3,304.54,304.54,40,304.42,80,304.19,80,304.02,40,304.01,440,304.0,80,303.66,40,303.49,40,303.4,40,303.29,40,305.3,40,305.35,40,,,,,,,,,,,,,,,,
2026-01-16 09:31:08,305.085,305.3,1,304.76,40,305.41,40,305.41,304.76,304.76,40,304.54,40,304.48,120,304.47,40,304.42,80,304.19,80,304.02,40,304.01,440,304.0,80,303.66,40,305.41,40,,,,,,,,,,,,,,,,,,
2026-01-16 09:31:09,305.28,305.17,1,304.92,200,305.64,400,305.64,304.92,304.92,200,304.76,40,304.54,40,304.48,120,304.47,40,304.42,80,304.19,80,304.02,40,304.01,440,304.0,80,305.64,400,,,,,,,,,,,,,,,,,,
2026-01-16 09:31:10,305.28,305.23,1,304.92,200,305.64,400,305.64,304.92,304.92,200,304.76,40,304.54,40,304.48,120,304.47,40,304.42,80,304.19,80,304.02,40,304.01,440,304.0,80,305.64,400,,,,,,,,,,,,,,,,,,
2026-01-16 09:31:11,305.28,305.23,1,304.92,200,305.64,400,305.64,304.92,304.92,200,304.76,40,304.54,40,304.48,120,304.47,40,304.42,80,304.19,80,304.02,40,304.01,440,304.0,80,305.64,400,,,,,,,,,,,,,,,,,,
2026-01-16 09:31:12,305.28,305.28,4,304.92,200,305.64,40,305.64,304.92,304.92,200,304.76,40,304.54,40,304.48,120,304.47,40,304.42,80,304.19,80,304.02,40,304.01,440,304.0,80,305.64,40,,,,,,,,,,,,,,,,,,
2026-01-16 09:31:13,305.28,305.28,1,304.92,200,305.64,80,305.64,304.92,304.92,200,304.76,40,304.54,40,304.48,120,304.47,40,304.42,80,304.19,80,304.02,40,304.01,440,304.0,80,305.64,80,,,,,,,,,,,,,,,,,,
2026-01-16 09:31:14,305.28,305.64,1,304.92,200,305.64,120,305.64,304.92,304.92,200,304.76,40,304.54,40,304.48,120,304.47,40,304.42,80,304.19,80,304.02,40,304.01,440,304.0,80,305.64,120,,,,,,,,,,,,,,,,,,
2026-01-16 09:31:15,305.02,304.84,4,304.84,400,305.2,120,305.2,304.84,304.84,400,304.25,80,304.19,80,304.02,40,304.01,440,304.0,80,303.66,40,303.49,40,303.4,40,303.29,40,305.2,120,305.28,80,305.46,40,305.64,120,,,,,,,,,,,,
2026-01-16 09:31:16,304.76,304.76,2,304.55,160,304.97,400,304.97,304.55,304.55,160,304.25,80,304.19,80,304.02,40,304.01,440,304.0,80,303.66,40,303.49,40,303.4,40,303.29,40,304.97,400,305.2,120,305.28,80,305.46,40,305.64,120,,,,,,,,,,
2026-01-16 09:31:17,305.0,304.97,1,304.66,160,305.34,40,305.34,304.66,304.66,160,304.55,160,304.25,80,304.19,80,304.02,40,304.01,440,304.0,80,303.66,40,303.49,40,303.4,40,305.34,40,305.39,40,305.66,120,,,,,,,,,,,,,,
2026-01-16 09:31:18,304.83,305.32,1,304.66,160,305.0,120,305.0,304.66,304.66,160,304.55,160,304.25,80,304.19,80,304.02,40,304.01,440,304.0,80,303.66,40,303.49,40,303.4,40,305.0,120,305.34,120,305.39,40,305.66,120,,,,,,,,,,,,
2026-01-16 09:31:19,304.45,304.83,1,304.09,40,304.81,120,304.81,304.09,304.09,40,304.07,40,304.01,440,304.0,80,303.66,40,303.49,40,303.4,40,303.29,40,303.19,40,303.18,80,304.81,120,305.0,120,305.34,120,305.39,40,305.66,120,,,,,,,,,,
2026-01-16 09:31:20,304.53,304.83,1,304.14,40,304.92,120,304.92,304.14,304.14,40,304.09,120,304.07,40,304.01,440,304.0,80,303.66,40,303.49,40,303.4,40,303.29,40,303.19,40,304.92,120,305.0,120,305.34,120,305.39,40,305.66,120,,,,,,,,,,
2026-01-16 09:31:21,304.53,304.83,1,304.14,40,304.92,120,304.92,304.14,304.14,40,304.09,120,304.07,40,304.01,440,304.0,80,303.66,40,303.49,40,303.4,40,303.29,40,303.19,40,304.92,120,305.0,120,305.34,120,305.39,40,305.66,120,,,,,,,,,,
2026-01-16 09:31:22,304.53,304.83,1,304.14,40,304.92,120,304.92,304.14,304.14,40,304.09,120,304.07,40,304.01,440,304.0,80,303.66,40,303.49,40,303.4,40,303.29,40,303.19,40,304.92,120,305.0,120,305.34,120,305.39,40,305.66,120,,,,,,,,,,
2026-01-16 09:31:23,304.345,304.39,3,304.01,400,304.68,40,304.68,304.01,304.01,400,304.0,80,303.66,40,303.49,40,303.4,40,303.29,40,303.19,40,303.18,80,303.13,40,303.09,40,304.68,40,304.7,80,304.92,160,305.0,120,305.34,120,305.39,40,305.66,120,,,,,,
2026-01-16 09:31:24,303.89,304.35,1,303.38,120,304.4,80,304.4,303.38,303.38,120,303.32,200,303.29,40,303.19,40,303.18,80,303.13,40,303.09,40,302.99,40,302.98,40,302.77,40,304.4,80,304.68,80,304.7,80,304.92,160,305.0,120,305.34,120,305.39,40,305.66,120,,,,
2026-01-16 09:31:25,303.89,304.35,1,303.38,120,304.4,80,304.4,303.38,303.38,120,303.32,200,303.29,40,303.19,40,303.18,80,303.13,40,303.09,40,302.99,40,302.98,40,302.77,40,304.4,80,304.68,80,304.7,80,304.92,160,305.0,120,305.34,120,305.39,40,305.66,120,,,,
2026-01-16 09:31:26,303.89,304.35,1,303.38,120,304.4,80,304.4,303.38,303.38,120,303.32,200,303.29,40,303.19,40,303.18,80,303.13,40,303.09,40,302.99,40,302.98,40,302.77,40,304.4,80,304.68,80,304.7,80,304.92,160,305.0,120,305.34,120,305.39,40,305.66,120,,,,
2026-01-16 09:31:27,303.89,303.89,2,303.38,120,304.4,80,304.4,303.38,303.38,120,303.32,200,303.29,40,303.19,40,303.18,80,303.13,40,303.09,40,302.99,40,302.98,40,302.77,40,304.4,80,304.68,80,304.7,80,304.92,160,305.0,120,305.34,120,305.39,40,305.66,120,,,,
2026-01-16 09:31:28,303.89,303.89,2,303.38,120,304.4,80,304.4,303.38,303.38,120,303.32,200,303.29,40,303.19,40,303.18,80,303.13,40,303.09,40,302.99,40,302.98,40,302.77,40,304.4,80,304.68,80,304.7,80,304.92,160,305.0,120,305.34,120,305.39,40,305.66,120,,,,
2026-01-16 09:31:29,303.89,303.89,2,303.38,120,304.4,80,304.4,303.38,303.38,120,303.32,200,303.29,40,303.19,40,303.18,80,303.13,40,303.09,40,302.99,40,302.98,40,302.77,40,304.4,80,304.68,80,304.7,80,304.92,160,305.0,120,305.34,120,305.39,40,305.66,120,,,,
2026-01-16 09:31:30,303.89,303.89,2,303.38,160,304.4,80,304.4,303.38,303.38,160,303.32,200,303.29,40,303.19,40,303.18,80,303.13,40,303.09,40,302.99,40,302.98,40,302.77,40,304.4,80,304.68,80,304.7,80,304.92,160,305.0,120,305.34,120,305.39,40,305.66,120,,,,
2026-01-16 09:31:31,303.89,303.89,2,303.38,120,304.4,80,304.4,303.38,303.38,120,303.32,200,303.29,40,303.19,40,303.18,80,303.13,40,303.09,40,302.99,40,302.98,40,302.77,40,304.4,80,304.68,80,304.7,80,304.92,160,305.0,120,305.34,120,305.39,40,305.66,120,,,,
2026-01-16 09:31:32,303.89,303.89,2,303.38,120,304.4,80,304.4,303.38,303.38,120,303.32,200,303.29,40,303.19,40,303.18,80,303.13,40,303.09,40,302.99,40,302.98,40,302.77,40,304.4,80,304.68,80,304.7,80,304.92,160,305.0,120,305.34,120,305.39,40,305.66,120,,,,
2026-01-16 09:31:33,303.89,303.89,2,303.38,120,304.4,160,304.4,303.38,303.38,120,303.32,200,303.29,40,303.19,40,303.18,80,303.13,40,303.09,40,302.99,40,302.98,40,302.77,40,304.4,160,304.68,80,304.7,80,304.92,160,305.0,120,305.34,120,305.39,40,305.66,120,,,,
2026-01-16 09:31:34,303.34,303.34,1,303.0,40,303.68,160,303.68,303.0,303.0,40,302.99,40,302.98,40,302.77,40,302.68,80,302.67,120,302.57,80,302.27,80,301.92,120,301.91,80,303.68,160,303.86,40,303.97,40,304.4,200,304.68,80,304.7,80,304.92,160,305.0,120,305.34,120,305.39,40
2026-01-16 09:31:35,303.34,303.34,1,303.0,80,303.68,240,303.68,303.0,303.0,80,302.99,40,302.98,40,302.77,40,302.68,80,302.67,120,302.57,80,302.27,80,301.92,120,301.91,80,303.68,240,303.86,40,303.97,40,304.4,200,304.68,80,304.7,80,304.92,160,305.0,120,305.34,120,305.39,40
2026-01-16 09:31:36,303.34,303.34,1,303.0,80,303.68,240,303.68,303.0,303.0,80,302.99,40,302.98,40,302.77,40,302.68,80,302.67,120,302.57,80,302.27,80,301.92,120,301.91,80,303.68,240,303.86,40,303.97,40,304.4,200,304.68,80,304.7,80,304.92,160,305.0,120,305.34,120,305.39,40
2026-01-16 09:31:37,303.34,303.34,1,303.0,80,303.68,240,303.68,303.0,303.0,80,302.99,40,302.98,40,302.77,40,302.68,80,302.67,120,302.57,80,302.27,80,301.92,120,301.91,80,303.68,240,303.86,40,303.97,40,304.4,200,304.68,80,304.7,80,304.92,160,305.0,120,305.34,120,305.39,40
2026-01-16 09:31:38,303.34,303.34,1,303.0,80,303.68,240,303.68,303.0,303.0,80,302.99,40,302.98,40,302.77,40,302.68,80,302.67,120,302.57,80,302.27,80,301.92,120,301.91,80,303.68,240,303.86,40,303.97,40,304.4,200,304.68,80,304.7,80,304.92,160,305.0,120,305.34,120,305.39,40
2026-01-16 09:31:39,303.415,303.68,1,303.14,40,303.69,80,303.69,303.14,303.14,40,303.0,160,302.99,40,302.98,40,302.77,40,302.68,80,302.67,120,302.57,80,302.27,80,301.92,120,303.69,80,303.86,40,303.97,40,304.4,200,304.68,80,304.7,80,304.92,160,305.0,120,305.34,120,305.39,40
2026-01-16 09:31:40,303.415,303.68,1,303.14,80,303.69,80,303.69,303.14,303.14,80,303.0,160,302.99,40,302.98,40,302.77,40,302.68,80,302.67,120,302.57,80,302.27,80,301.92,120,303.69,80,303.86,40,303.97,40,304.4,200,304.68,80,304.7,80,304.92,160,305.0,120,305.34,120,305.39,40
2026-01-16 09:31:41,303.415,303.68,1,303.14,40,303.69,80,303.69,303.14,303.14,40,303.0,120,302.99,40,302.98,40,302.77,40,302.68,80,302.67,120,302.57,80,302.27,80,301.92,120,303.69,80,303.86,40,303.97,40,304.4,200,304.68,80,304.7,80,304.92,160,305.0,120,305.34,120,305.39,40
2026-01-16 09:31:42,303.76,303.69,1,303.14,120,304.38,520,304.38,303.14,303.14,120,303.0,120,302.99,40,302.98,40,302.77,40,302.68,80,302.67,120,302.57,80,302.27,80,301.92,120,304.38,520,304.4,200,304.68,80,304.7,80,304.92,160,305.0,120,305.34,120,305.39,40,305.66,120,,
2026-01-16 09:31:43,303.76,303.69,1,303.14,80,304.38,520,304.38,303.14,303.14,80,303.0,120,302.99,40,302.98,40,302.77,40,302.68,80,302.67,120,302.57,80,302.27,80,301.92,120,304.38,520,304.4,200,304.68,80,304.7,80,304.92,160,305.0,120,305.34,120,305.39,40,305.66,120,,
2026-01-16 09:31:44,303.76,303.69,1,303.14,80,304.38,520,304.38,303.14,303.14,80,303.0,120,302.99,40,302.98,40,302.77,40,302.68,80,302.67,120,302.57,80,302.27,80,301.92,120,304.38,520,304.4,200,304.68,80,304.7,80,304.92,160,305.0,120,305.34,120,305.39,40,305.66,120,,
2026-01-16 09:31:45,303.76,303.69,1,303.14,80,304.38,520,304.38,303.14,303.14,80,303.0,120,302.99,40,302.98,40,302.77,40,302.68,80,302.67,120,302.57,80,302.27,80,301.92,120,304.38,520,304.4,200,304.68,80,304.7,80,304.92,160,305.0,120,305.34,120,305.39,40,305.66,120,,
2026-01-16 09:31:46,303.485,303.69,1,303.0,80,303.97,80,303.97,303.0,303.0,80,302.99,40,302.98,40,302.77,40,302.68,80,302.67,120,302.57,80,302.27,80,301.92,120,301.91,80,303.97,80,304.38,520,304.4,200,304.68,80,304.7,80,304.92,160,305.0,120,305.34,120,305.39,40,305.66,120
2026-01-16 09:31:47,303.485,303.49,1,303.0,120,303.97,80,303.97,303.0,303.0,120,302.99,40,302.98,40,302.77,40,302.68,80,302.67,120,302.57,80,302.27,80,301.92,120,301.91,80,303.97,80,304.38,520,304.4,200,304.68,80,304.7,80,304.92,160,305.0,120,305.34,120,305.39,40,305.66,120
2026-01-16 09:31:48,303.485,303.49,1,303.0,120,303.97,80,303.97,303.0,303.0,120,302.99,40,302.98,40,302.77,40,302.68,80,302.67,120,302.57,80,302.27,80,301.92,120,301.91,80,303.97,80,304.38,520,304.4,200,304.68,80,304.7,80,304.92,160,305.0,120,305.34,120,305.39,40,305.66,120
2026-01-16 09:31:49,303.345,303.49,1,303.0,120,303.69,40,303.69,303.0,303.0,120,302.99,40,302.98,40,302.77,40,302.68,80,302.67,120,302.57,80,302.27,80,301.92,120,301.91,80,303.69,40,303.97,80,304.38,520,304.4,200,304.68,80,304.7,80,304.92,160,305.0,120,305.34,120,305.39,40
2026-01-16 09:31:50,303.345,303.49,1,303.0,120,303.69,40,303.69,303.0,303.0,120,302.99,40,302.98,40,302.77,40,302.68,80,302.67,120,302.57,80,302.27,80,301.92,120,301.91,80,303.69,40,303.97,80,304.38,520,304.4,200,304.68,80,304.7,80,304.92,160,305.0,120,305.34,120,305.39,40
2026-01-16 09:31:51,303.195,303.49,1,303.0,280,303.39,80,303.39,303.0,303.0,280,302.99,40,302.98,40,302.77,40,302.68,80,302.67,120,302.57,80,302.27,80,301.92,120,301.91,80,303.39,80,303.69,40,303.97,80,304.38,520,304.4,200,304.68,80,304.7,80,304.92,160,305.0,120,305.34,120
2026-01-16 09:31:52,303.195,303.49,1,303.0,280,303.39,80,303.39,303.0,303.0,280,302.99,40,302.98,40,302.77,40,302.68,80,302.67,120,302.57,80,302.27,80,301.92,120,301.91,80,303.39,80,303.69,40,303.97,80,304.38,520,304.4,200,304.68,80,304.7,80,304.92,160,305.0,120,305.34,120
2026-01-16 09:31:53,303.195,303.39,1,303.0,280,303.39,80,303.39,303.0,303.0,280,302.99,40,302.98,40,302.77,40,302.68,80,302.67,120,302.57,80,302.27,80,301.92,120,301.91,80,303.39,80,303.69,40,303.97,80,304.38,520,304.4,200,304.68,80,304.7,80,304.92,160,305.0,120,305.34,120
2026-01-16 09:31:54,303.195,303.39,1,303.0,280,303.39,80,303.39,303.0,303.0,280,302.99,40,302.98,40,302.77,40,302.68,80,302.67,120,302.57,80,302.27,80,301.92,120,301.91,80,303.39,80,303.69,40,303.97,80,304.38,520,304.4,200,304.68,80,304.7,80,304.92,160,305.0,120,305.34,120
2026-01-16 09:31:55,303.195,303.39,1,303.0,280,303.39,80,303.39,303.0,303.0,280,302.99,40,302.98,40,302.77,40,302.68,80,302.67,120,302.57,80,302.27,80,301.92,120,301.91,80,303.39,80,303.69,40,303.97,80,304.38,520,304.4,200,304.68,80,304.7,80,304.92,160,305.0,120,305.34,120
2026-01-16 09:31:56,303.58,303.39,1,303.19,160,303.97,80,303.97,303.19,303.19,160,303.01,40,303.0,280,302.99,40,302.98,40,302.77,40,302.68,80,302.67,120,302.57,80,302.27,80,303.97,80,304.38,520,304.4,200,304.68,80,304.7,80,304.92,160,305.0,120,305.34,120,305.39,40,305.66,120
2026-01-16 09:31:57,303.58,303.39,1,303.19,160,303.97,80,303.97,303.19,303.19,160,303.01,40,303.0,280,302.99,40,302.98,40,302.77,40,302.68,80,302.67,120,302.57,80,302.27,80,303.97,80,304.38,520,304.4,200,304.68,80,304.7,80,304.92,160,305.0,120,305.34,120,305.39,40,305.66,120
2026-01-16 09:31:58,303.58,303.39,1,303.19,160,303.97,80,303.97,303.19,303.19,160,303.01,40,303.0,280,302.99,40,302.98,40,302.77,40,302.68,80,302.67,120,302.57,80,302.27,80,303.97,80,304.38,520,304.4,200,304.68,80,304.7,80,304.92,160,305.0,120,305.34,120,305.39,40,305.66,120
2026-01-16 09:31:59,303.655,303.34,20,303.34,600,303.97,200,303.97,303.34,303.34,600,303.19,160,303.01,40,303.0,280,302.99,40,302.98,40,302.77,40,302.68,80,302.67,120,302.57,80,303.97,200,304.24,160,304.38,520,304.4,200,304.68,80,304.7,80,304.92,160,305.0,120,305.34,120,305.39,40
2026-01-16 09:32:00,303.49,303.35,1,303.01,200,303.97,440,303.97,303.01,303.01,200,303.0,280,302.99,40,302.98,40,302.77,40,302.68,80,302.67,120,302.57,80,302.27,80,301.92,120,303.97,440,304.24,160,304.38,520,304.4,200,304.68,80,304.7,80,304.92,160,305.0,120,305.34,120,305.39,40
2026-01-16 09:32:01,303.425,303.43,2,303.01,240,303.84,360,303.84,303.01,303.01,240,303.0,280,302.99,40,302.98,40,302.77,40,302.68,80,302.67,120,302.57,80,302.27,80,301.92,120,303.84,360,303.97,560,304.24,160,304.38,520,304.4,200,304.68,80,304.7,80,304.92,160,305.0,120,305.34,120
2026-01-16 09:32:02,303.295,303.43,2,303.01,280,303.58,400,303.58,303.01,303.01,280,303.0,280,302.99,40,302.98,40,302.77,40,302.68,80,302.67,120,302.57,80,302.27,80,301.92,120,303.58,400,303.84,360,303.97,560,304.24,160,304.38,520,304.4,200,304.68,80,304.7,80,304.92,160,305.0,120
2026-01-16 09:32:03,302.655,302.78,1,302.46,80,302.85,320,302.85,302.46,302.46,80,302.45,200,302.27,80,301.92,120,301.91,80,301.71,40,301.6,80,301.32,80,301.18,40,301.17,40,302.85,320,303.09,80,303.1,320,303.2,80,303.21,80,303.4,360,303.58,400,303.84,360,303.97,560,304.24,160
2026-01-16 09:32:04,302.455,302.77,2,302.25,40,302.66,280,302.66,302.25,302.25,40,302.24,40,301.85,80,301.71,40,301.6,80,301.32,80,301.18,40,301.17,40,301.16,40,301.15,160,302.66,280,302.85,400,303.09,80,303.1,320,303.2,80,303.21,80,303.4,360,303.58,400,303.84,360,303.97,560
2026-01-16 09:32:05,302.455,302.77,2,302.25,80,302.66,280,302.66,302.25,302.25,80,302.24,40,301.85,80,301.71,40,301.6,80,301.32,80,301.18,40,301.17,40,301.16,40,301.15,160,302.66,280,302.85,400,303.09,80,303.1,320,303.2,80,303.21,80,303.4,360,303.58,400,303.84,360,303.97,560
2026-01-16 09:32:06,302.455,302.41,1,302.25,80,302.66,280,302.66,302.25,302.25,80,302.24,40,301.85,80,301.71,40,301.6,80,301.32,80,301.18,40,301.17,40,301.16,40,301.15,160,302.66,280,302.85,400,303.09,80,303.1,320,303.2,80,303.21,80,303.4,360,303.58,400,303.84,360,303.97,560
2026-01-16 09:32:07,302.455,302.41,1,302.25,240,302.66,280,302.66,302.25,302.25,240,302.24,40,301.85,80,301.71,40,301.6,80,301.32,80,301.18,40,301.17,40,301.16,40,301.15,160,302.66,280,302.85,400,303.09,80,303.1,320,303.2,80,303.21,80,303.4,360,303.58,400,303.84,360,303.97,560
2026-01-16 09:32:08,302.405,302.41,1,302.25,200,302.56,360,302.56,302.25,302.25,200,302.24,40,301.85,80,301.71,40,301.6,80,301.32,80,301.18,40,301.17,40,301.16,40,301.15,160,302.56,360,302.65,40,302.66,280,302.85,400,303.09,80,303.1,320,303.2,80,303.21,80,303.4,360,303.58,400
2026-01-16 09:32:09,302.405,302.41,1,302.25,200,302.56,360,302.56,302.25,302.25,200,302.24,40,301.85,80,301.71,40,301.6,80,301.32,80,301.18,40,301.17,40,301.16,40,301.15,160,302.56,360,302.65,40,302.66,280,302.85,400,303.09,80,303.1,320,303.2,80,303.21,80,303.4,360,303.58,400
2026-01-16 09:32:10,302.405,302.4,3,302.25,200,302.56,360,302.56,302.25,302.25,200,302.24,40,301.85,80,301.71,40,301.6,80,301.32,80,301.18,40,301.17,40,301.16,40,301.15,160,302.56,360,302.65,40,302.66,280,302.85,400,303.09,80,303.1,320,303.2,80,303.21,80,303.4,360,303.58,400
2026-01-16 09:32:11,302.405,302.4,3,302.25,200,302.56,360,302.56,302.25,302.25,200,302.24,40,301.85,80,301.71,40,301.6,80,301.32,80,301.18,40,301.17,40,301.16,40,301.15,160,302.56,360,302.65,40,302.66,280,302.85,400,303.09,80,303.1,320,303.2,80,303.21,80,303.4,360,303.58,400
2026-01-16 09:32:12,302.405,302.4,3,302.25,200,302.56,360,302.56,302.25,302.25,200,302.24,40,301.85,80,301.71,40,301.6,80,301.32,80,301.18,40,301.17,40,301.16,40,301.15,160,302.56,360,302.65,40,302.66,280,302.85,400,303.09,80,303.1,320,303.2,80,303.21,80,303.4,360,303.58,400
2026-01-16 09:32:13,302.405,302.4,3,302.25,200,302.56,360,302.56,302.25,302.25,200,302.24,40,301.85,80,301.71,40,301.6,80,301.32,80,301.18,40,301.17,40,301.16,40,301.15,160,302.56,360,302.65,40,302.66,280,302.85,400,303.09,80,303.1,320,303.2,80,303.21,80,303.4,360,303.58,400
2026-01-16 09:32:14,302.405,302.4,3,302.25,200,302.56,360,302.56,302.25,302.25,200,302.24,40,301.85,80,301.71,40,301.6,80,301.32,80,301.18,40,301.17,40,301.16,40,301.15,160,302.56,360,302.65,40,302.66,280,302.85,400,303.09,80,303.1,320,303.2,80,303.21,80,303.4,360,303.58,400
2026-01-16 09:32:15,302.625,302.72,1,302.25,200,303.0,120,303.0,302.25,302.25,200,302.24,40,301.85,80,301.71,40,301.6,80,301.32,80,301.18,40,301.17,40,301.16,40,301.15,160,303.0,120,303.09,80,303.1,320,303.2,80,303.21,80,303.4,360,303.58,400,303.84,360,303.97,560,304.24,160
2026-01-16 09:32:16,302.625,302.72,1,302.25,200,303.0,120,303.0,302.25,302.25,200,302.24,40,301.85,80,301.71,40,301.6,80,301.32,80,301.18,40,301.17,40,301.16,40,301.15,160,303.0,120,303.09,80,303.1,320,303.2,80,303.21,80,303.4,360,303.58,400,303.84,360,303.97,560,304.24,160
2026-01-16 09:32:17,302.685,302.72,1,302.37,40,303.0,320,303.0,302.37,302.37,40,302.25,200,302.24,40,301.85,80,301.71,40,301.6,80,301.32,80,301.18,40,301.17,40,301.16,40,303.0,320,303.09,80,303.1,320,303.2,80,303.21,80,303.4,360,303.58,400,303.84,360,303.97,560,304.24,160
2026-01-16 09:32:18,302.71,302.72,1,302.42,40,303.0,320,303.0,302.42,302.42,40,302.37,40,302.25,200,302.24,40,301.85,80,301.71,40,301.6,80,301.32,80,301.18,40,301.17,40,303.0,320,303.09,80,303.1,320,303.2,80,303.21,80,303.4,360,303.58,400,303.84,360,303.97,560,304.24,160
2026-01-16 09:32:19,302.71,302.72,1,302.42,40,303.0,320,303.0,302.42,302.42,40,302.37,40,302.25,200,302.24,40,301.85,80,301.71,40,301.6,80,301.32,80,301.18,40,301.17,40,303.0,320,303.09,80,303.1,320,303.2,80,303.21,80,303.4,360,303.58,400,303.84,360,303.97,560,304.24,160
2026-01-16 09:32:20,302.71,303.0,2,302.42,120,303.0,320,303.0,302.42,302.42,120,302.37,40,302.25,200,302.24,40,301.85,80,301.71,40,301.6,80,301.32,80,301.18,40,301.17,40,303.0,320,303.09,80,303.1,320,303.2,80,303.21,80,303.4,360,303.58,400,303.84,360,303.97,560,304.24,160
2026-01-16 09:32:21,303.055,303.25,2,302.42,200,303.69,560,303.69,302.42,302.42,200,302.37,40,302.25,200,302.24,40,301.85,80,301.71,40,301.6,80,301.32,80,301.18,40,301.17,40,303.69,560,303.84,360,303.97,560,304.24,160,304.38,520,304.4,200,304.68,80,304.7,80,304.92,160,305.0,120
2026-01-16 09:32:22,302.73,303.23,2,302.42,160,303.04,160,303.04,302.42,302.42,160,302.37,40,302.25,200,302.24,40,301.85,80,301.71,40,301.6,80,301.32,80,301.18,40,301.17,40,303.04,160,303.27,120,303.69,560,303.84,360,303.97,560,304.24,160,304.38,520,304.4,200,304.68,80,304.7,80
2026-01-16 09:32:24,302.655,302.93,1,302.27,40,303.04,160,303.04,302.27,302.27,40,302.25,160,302.24,40,301.85,80,301.71,40,301.6,80,301.32,80,301.18,40,301.17,40,301.16,40,303.04,160,303.27,120,303.69,560,303.84,360,303.97,560,304.24,160,304.38,520,304.4,200,304.68,80,304.7,80
2026-01-16 09:32:25,302.47,302.93,1,302.23,40,302.71,80,302.71,302.23,302.23,40,301.85,80,301.71,40,301.6,80,301.32,80,301.18,40,301.17,40,301.16,40,301.15,160,301.02,40,302.71,80,303.0,80,303.04,160,303.27,120,303.69,560,303.84,360,303.97,560,304.24,160,304.38,520,304.4,200
2026-01-16 09:32:26,302.475,302.93,1,302.24,40,302.71,160,302.71,302.24,302.24,40,302.23,40,301.85,80,301.71,40,301.6,80,301.32,80,301.18,40,301.17,40,301.16,40,301.15,160,302.71,160,303.0,80,303.04,160,303.27,120,303.69,560,303.84,360,303.97,560,304.24,160,304.38,520,304.4,200
2026-01-16 09:32:26,302.475,302.93,1,302.24,40,302.71,160,302.71,302.24,302.24,40,302.23,40,301.85,80,301.71,40,301.6,80,301.32,80,301.18,40,301.17,40,301.16,40,301.15,160,302.71,160,303.0,80,303.04,160,303.27,120,303.69,560,303.84,360,303.97,560,304.24,160,304.38,520,304.4,200
2026-01-16 09:32:28,302.475,302.93,1,302.24,40,302.71,160,302.71,302.24,302.24,40,302.23,40,301.85,80,301.71,40,301.6,80,301.32,80,301.18,40,301.17,40,301.16,40,301.15,160,302.71,160,303.0,80,303.04,160,303.27,120,303.69,560,303.84,360,303.97,560,304.24,160,304.38,520,304.4,200
2026-01-16 09:32:29,302.475,302.93,1,302.24,40,302.71,160,302.71,302.24,302.24,40,302.23,40,301.85,80,301.71,40,301.6,80,301.32,80,301.18,40,301.17,40,301.16,40,301.15,160,302.71,160,303.0,80,303.04,160,303.27,120,303.69,560,303.84,360,303.97,560,304.24,160,304.38,520,304.4,200
2026-01-16 09:32:30,302.565,302.93,1,302.42,80,302.71,160,302.71,302.42,302.42,80,302.41,40,302.24,40,302.23,40,301.85,80,301.71,40,301.6,80,301.32,80,301.18,40,301.17,40,302.71,160,303.0,80,303.04,160,303.27,120,303.69,560,303.84,360,303.97,560,304.24,160,304.38,520,304.4,200
2026-01-16 09:32:31,302.565,302.93,1,302.42,80,302.71,160,302.71,302.42,302.42,80,302.41,40,302.24,40,302.23,40,301.85,80,301.71,40,301.6,80,301.32,80,301.18,40,301.17,40,302.71,160,303.0,80,303.04,160,303.27,120,303.69,560,303.84,360,303.97,560,304.24,160,304.38,520,304.4,200
2026-01-16 09:32:31,302.565,302.93,1,302.42,80,302.71,160,302.71,302.42,302.42,80,302.41,40,302.24,40,302.23,40,301.85,80,301.71,40,301.6,80,301.32,80,301.18,40,301.17,40,302.71,160,303.0,80,303.04,160,303.27,120,303.69,560,303.84,360,303.97,560,304.24,160,304.38,520,304.4,200
2026-01-16 09:32:33,302.565,302.93,1,302.42,80,302.71,160,302.71,302.42,302.42,80,302.41,40,302.24,40,302.23,40,301.85,80,301.71,40,301.6,80,301.32,80,301.18,40,301.17,40,302.71,160,303.0,80,303.04,160,303.27,120,303.69,560,303.84,360,303.97,560,304.24,160,304.38,520,304.4,200
2026-01-16 09:32:33,302.21,302.93,1,301.85,120,302.57,80,302.57,301.85,301.85,120,301.71,40,301.6,80,301.32,80,301.18,40,301.17,40,301.16,40,301.15,160,301.02,40,300.78,80,302.57,80,302.66,40,302.71,160,303.0,80,303.04,160,303.27,120,303.69,560,303.84,360,303.97,560,304.24,160
2026-01-16 09:32:35,302.285,302.93,1,302.0,40,302.57,120,302.57,302.0,302.0,40,301.85,120,301.71,40,301.6,80,301.32,80,301.18,40,301.17,40,301.16,40,301.15,160,301.02,40,302.57,120,302.66,40,302.71,160,303.0,80,303.04,160,303.27,120,303.69,560,303.84,360,303.97,560,304.24,160
2026-01-16 09:32:36,302.29,302.29,1,302.01,40,302.57,120,302.57,302.01,302.01,40,302.0,40,301.85,120,301.71,40,301.6,80,301.32,80,301.18,40,301.17,40,301.16,40,301.15,160,302.57,120,302.66,40,302.71,160,303.0,80,303.04,160,303.27,120,303.69,560,303.84,360,303.97,560,304.24,160
2026-01-16 09:32:36,302.29,302.29,1,302.01,40,302.57,120,302.57,302.01,302.01,40,302.0,40,301.85,120,301.71,40,301.6,80,301.32,80,301.18,40,301.17,40,301.16,40,301.15,160,302.57,120,302.66,40,302.71,160,303.0,80,303.04,160,303.27,120,303.69,560,303.84,360,303.97,560,304.24,160
2026-01-16 09:32:37,302.29,302.29,1,302.01,40,302.57,120,302.57,302.01,302.01,40,302.0,40,301.85,120,301.71,40,301.6,80,301.32,80,301.18,40,301.17,40,301.16,40,301.15,160,302.57,120,302.66,40,302.71,160,303.0,80,303.04,160,303.27,120,303.69,560,303.84,360,303.97,560,304.24,160
2026-01-16 09:32:39,302.29,302.29,1,302.01,40,302.57,120,302.57,302.01,302.01,40,302.0,40,301.85,120,301.71,40,301.6,80,301.32,80,301.18,40,301.17,40,301.16,40,301.15,160,302.57,120,302.66,40,302.71,160,303.0,80,303.04,160,303.27,120,303.69,560,303.84,360,303.97,560,304.24,160
2026-01-16 09:32:40,302.15,302.29,1,302.01,80,302.29,40,302.29,302.01,302.01,80,302.0,40,301.85,120,301.71,40,301.6,80,301.32,80,301.18,40,301.17,40,301.16,40,301.15,160,302.29,40,302.57,120,302.66,40,302.71,160,303.0,80,303.04,160,303.27,120,303.69,560,303.84,360,303.97,560
2026-01-16 09:32:41,301.77,302.14,4,301.45,480,302.09,40,302.09,301.45,301.45,480,301.43,400,301.38,40,301.31,240,301.18,40,301.17,40,301.16,40,301.15,160,301.02,40,300.78,80,302.09,40,302.15,40,302.29,120,302.57,120,302.66,40,302.71,160,303.0,80,303.04,160,303.27,120,303.69,560
2026-01-16 09:32:42,302.275,302.15,3,301.84,40,302.71,160,302.71,301.84,301.84,40,301.78,40,301.75,40,301.47,80,301.45,480,301.43,400,301.38,40,301.31,240,301.18,40,301.17,40,302.71,160,303.0,80,303.04,160,303.27,120,303.69,560,303.84,360,303.97,560,304.24,160,304.38,520,304.4,200
2026-01-16 09:32:43,302.295,302.15,3,301.88,40,302.71,200,302.71,301.88,301.88,40,301.84,40,301.78,40,301.75,40,301.47,80,301.45,480,301.43,400,301.38,40,301.31,240,301.18,40,302.71,200,303.0,80,303.04,160,303.27,120,303.69,560,303.84,360,303.97,560,304.24,160,304.38,520,304.4,200
2026-01-16 09:32:44,302.3,302.3,1,301.89,80,302.71,160,302.71,301.89,301.89,80,301.88,40,301.84,40,301.78,40,301.75,40,301.47,80,301.45,480,301.43,400,301.38,40,301.31,240,302.71,160,303.0,80,303.04,160,303.27,120,303.69,560,303.84,360,303.97,560,304.24,160,304.38,520,304.4,200
2026-01-16 09:32:45,302.3,302.3,1,301.89,80,302.71,160,302.71,301.89,301.89,80,301.88,40,301.84,40,301.78,40,301.75,40,301.47,80,301.45,480,301.43,400,301.38,40,301.31,240,302.71,160,303.0,80,303.04,160,303.27,120,303.69,560,303.84,360,303.97,560,304.24,160,304.38,520,304.4,200
2026-01-16 09:32:46,302.3,302.3,1,301.89,80,302.71,160,302.71,301.89,301.89,80,301.88,40,301.84,40,301.78,40,301.75,40,301.47,80,301.45,480,301.43,400,301.38,40,301.31,240,302.71,160,303.0,80,303.04,160,303.27,120,303.69,560,303.84,360,303.97,560,304.24,160,304.38,520,304.4,200
2026-01-16 09:32:47,302.3,302.3,1,301.89,80,302.71,160,302.71,301.89,301.89,80,301.88,40,301.84,40,301.78,40,301.75,40,301.47,80,301.45,480,301.43,400,301.38,40,301.31,240,302.71,160,303.0,80,303.04,160,303.27,120,303.69,560,303.84,360,303.97,560,304.24,160,304.38,520,304.4,200
2026-01-16 09:32:48,302.3,302.3,1,301.89,40,302.71,200,302.71,301.89,301.89,40,301.88,40,301.84,40,301.78,40,301.75,40,301.47,80,301.45,480,301.43,400,301.38,40,301.31,240,302.71,200,303.0,80,303.04,160,303.27,120,303.69,560,303.84,360,303.97,560,304.24,160,304.38,520,304.4,200
2026-01-16 09:32:48,302.3,302.3,1,301.89,40,302.71,200,302.71,301.89,301.89,40,301.88,40,301.84,40,301.78,40,301.75,40,301.47,80,301.45,480,301.43,400,301.38,40,301.31,240,302.71,200,303.0,80,303.04,160,303.27,120,303.69,560,303.84,360,303.97,560,304.24,160,304.38,520,304.4,200
2026-01-16 09:32:50,302.415,302.3,1,302.12,200,302.71,160,302.71,302.12,302.12,200,301.89,40,301.88,40,301.84,40,301.78,40,301.75,40,301.47,80,301.45,480,301.43,400,301.38,40,302.71,160,303.0,80,303.04,160,303.27,120,303.69,560,303.84,360,303.97,560,304.24,160,304.38,520,304.4,200
2026-01-16 09:32:51,302.415,302.3,1,302.12,200,302.71,160,302.71,302.12,302.12,200,302.1,200,302.09,200,301.89,40,301.88,40,301.84,40,301.78,40,301.75,40,301.47,80,301.45,480,302.71,160,303.0,80,303.04,160,303.27,120,303.69,560,303.84,360,303.97,560,304.24,160,304.38,520,304.4,200
2026-01-16 09:32:52,302.415,302.3,1,302.12,240,302.71,160,302.71,302.12,302.12,240,302.1,200,302.09,200,301.89,40,301.88,40,301.84,40,301.78,40,301.75,40,301.47,80,301.45,480,302.71,160,303.0,80,303.04,160,303.27,120,303.69,560,303.84,360,303.97,560,304.24,160,304.38,520,304.4,200
2026-01-16 09:32:52,302.425,302.3,1,302.14,200,302.71,160,302.71,302.14,302.14,200,302.12,40,302.1,200,302.09,200,301.89,40,301.88,40,301.84,40,301.78,40,301.75,40,301.47,80,302.71,160,303.0,80,303.04,160,303.27,120,303.69,560,303.84,360,303.97,560,304.24,160,304.38,520,304.4,200
2026-01-16 09:32:54,302.425,302.3,1,302.14,240,302.71,160,302.71,302.14,302.14,240,302.12,40,302.1,200,302.09,200,301.89,40,301.88,40,301.84,40,301.78,40,301.75,40,301.47,80,302.71,160,303.0,80,303.04,160,303.27,120,303.69,560,303.84,360,303.97,560,304.24,160,304.38,520,304.4,200
2026-01-16 09:32:55,302.425,302.43,3,302.14,240,302.71,160,302.71,302.14,302.14,240,302.12,40,302.1,200,302.09,200,301.89,40,301.88,40,301.84,40,301.78,40,301.75,40,301.47,80,302.71,160,303.0,80,303.04,160,303.27,120,303.69,560,303.84,360,303.97,560,304.24,160,304.38,520,304.4,200
2026-01-16 09:32:56,302.43,302.43,3,302.15,240,302.71,160,302.71,302.15,302.15,240,302.14,240,302.12,40,302.1,200,302.09,200,301.89,40,301.88,40,301.84,40,301.78,40,301.75,40,302.71,160,303.0,80,303.04,160,303.27,120,303.69,560,303.84,360,303.97,560,304.24,160,304.38,520,304.4,200
2026-01-16 09:32:57,302.435,302.43,3,302.16,40,302.71,160,302.71,302.16,302.16,40,302.15,240,302.14,240,302.12,40,302.1,200,302.09,200,301.89,40,301.88,40,301.84,40,301.78,40,302.71,160,303.0,80,303.04,160,303.27,120,303.69,560,303.84,360,303.97,560,304.24,160,304.38,520,304.4,200
2026-01-16 09:32:58,302.435,302.56,1,302.16,40,302.71,160,302.71,302.16,302.16,40,302.15,240,302.14,240,302.12,40,302.1,200,302.09,200,301.89,40,301.88,40,301.84,40,301.78,40,302.71,160,303.0,80,303.04,160,303.27,120,303.69,560,303.84,360,303.97,560,304.24,160,304.38,520,304.4,200
2026-01-16 09:32:59,302.585,302.56,1,302.17,160,303.0,80,303.0,302.17,302.17,160,302.16,200,302.15,240,302.14,240,302.12,40,302.1,200,302.09,200,301.89,40,301.88,40,301.84,40,303.0,80,303.04,160,303.27,120,303.69,560,303.84,360,303.97,560,304.24,160,304.38,520,304.4,200,304.68,80
2026-01-16 09:33:00,302.59,302.56,1,302.18,120,303.0,80,303.0,302.18,302.18,120,302.17,160,302.16,200,302.15,240,302.14,240,302.12,40,302.1,200,302.09,200,301.89,40,301.88,40,303.0,80,303.04,160,303.27,120,303.69,560,303.84,360,303.97,560,304.24,160,304.38,520,304.4,200,304.68,80
2026-01-16 09:33:01,302.61,302.56,1,302.22,80,303.0,80,303.0,302.22,302.22,80,302.18,120,302.17,160,302.16,200,302.15,240,302.14,240,302.12,40,302.1,200,302.09,200,301.89,40,303.0,80,303.04,160,303.27,120,303.69,560,303.84,360,303.97,560,304.24,160,304.38,520,304.4,200,304.68,80
2026-01-16 09:33:02,302.61,302.56,1,302.22,120,303.0,80,303.0,302.22,302.22,120,302.18,120,302.17,160,302.16,200,302.15,240,302.14,240,302.12,40,302.1,200,302.09,200,301.89,40,303.0,80,303.04,160,303.27,120,303.69,560,303.84,360,303.97,560,304.24,160,304.38,520,304.4,200,304.68,80
2026-01-16 09:33:03,302.63,302.56,1,302.26,80,303.0,80,303.0,302.26,302.26,80,302.22,120,302.18,120,302.17,160,302.16,200,302.15,240,302.14,240,302.12,40,302.1,200,302.09,200,303.0,80,303.04,160,303.27,120,303.69,560,303.84,360,303.97,560,304.24,160,304.38,520,304.4,200,304.68,80
2026-01-16 09:33:04,302.63,302.56,1,302.26,80,303.0,80,303.0,302.26,302.26,80,302.22,120,302.18,120,302.17,160,302.16,200,302.15,240,302.14,240,302.12,40,302.1,200,302.09,200,303.0,80,303.04,160,303.27,120,303.69,560,303.84,360,303.97,560,304.24,160,304.38,520,304.4,200,304.68,80
2026-01-16 09:33:05,302.63,302.56,1,302.26,80,303.0,120,303.0,302.26,302.26,80,302.22,120,302.18,120,302.17,160,302.16,200,302.15,240,302.14,240,302.12,40,302.1,200,302.09,200,303.0,120,303.04,160,303.27,120,303.69,560,303.84,360,303.97,560,304.24,160,304.38,520,304.4,200,304.68,80
2026-01-16 09:33:06,302.445,302.56,1,302.26,240,302.63,80,302.63,302.26,302.26,240,302.22,120,302.18,120,302.17,160,302.16,200,302.15,240,302.14,240,302.12,40,302.1,200,302.09,200,302.63,80,303.0,120,303.04,160,303.27,120,303.69,560,303.84,360,303.97,560,304.24,160,304.38,520,304.4,200
2026-01-16 09:33:07,302.445,302.56,1,302.26,240,302.63,80,302.63,302.26,302.26,240,302.22,120,302.18,120,302.17,160,302.16,200,302.15,240,302.14,240,302.12,40,302.1,200,302.09,200,302.63,80,303.0,120,303.04,160,303.27,120,303.69,560,303.84,360,303.97,560,304.24,160,304.38,520,304.4,200
2026-01-16 09:33:08,302.445,302.56,1,302.26,240,302.63,80,302.63,302.26,302.26,240,302.22,120,302.18,120,302.17,160,302.16,200,302.15,240,302.14,240,302.12,40,302.1,200,302.09,200,302.63,80,303.0,120,303.04,160,303.27,120,303.69,560,303.84,360,303.97,560,304.24,160,304.38,520,304.4,200
2026-01-16 09:33:09,302.445,302.56,1,302.26,240,302.63,80,302.63,302.26,302.26,240,302.22,120,302.18,120,302.17,160,302.16,200,302.15,240,302.14,240,302.12,40,302.1,200,302.09,200,302.63,80,303.0,120,303.04,160,303.27,120,303.69,560,303.84,360,303.97,560,304.24,160,304.38,520,304.4,200
2026-01-16 09:33:10,302.445,302.56,1,302.26,240,302.63,80,302.63,302.26,302.26,240,302.22,120,302.18,120,302.17,160,302.16,200,302.15,240,302.14,240,302.12,40,302.1,200,302.09,200,302.63,80,303.0,120,303.04,160,303.27,120,303.69,560,303.84,360,303.97,560,304.24,160,304.38,520,304.4,200
2026-01-16 09:33:11,302.445,302.56,1,302.26,240,302.63,80,302.63,302.26,302.26,240,302.22,120,302.18,120,302.17,160,302.16,200,302.15,240,302.14,240,302.12,40,302.1,200,302.09,200,302.63,80,303.0,120,303.04,160,303.27,120,303.69,560,303.84,360,303.97,560,304.24,160,304.38,520,304.4,200
2026-01-16 09:33:12,302.635,302.56,1,302.27,40,303.0,80,303.0,302.27,302.27,40,302.26,280,302.22,120,302.18,120,302.17,160,302.16,200,302.15,240,302.14,240,302.12,40,302.1,200,303.0,80,303.04,160,303.27,120,303.69,560,303.84,360,303.97,560,304.24,160,304.38,520,304.4,200,304.68,80
2026-01-16 09:33:13,302.69,302.56,1,302.38,40,303.0,80,303.0,302.38,302.38,40,302.37,40,302.35,40,302.27,40,302.26,280,302.22,120,302.18,120,302.17,160,302.16,200,302.15,240,303.0,80,303.04,160,303.27,120,303.69,560,303.84,360,303.97,560,304.24,160,304.38,520,304.4,200,304.68,80
2026-01-16 09:33:14,302.69,302.56,1,302.38,40,303.0,80,303.0,302.38,302.38,40,302.37,40,302.35,40,302.27,40,302.26,280,302.22,120,302.18,120,302.17,160,302.16,200,302.15,240,303.0,80,303.04,160,303.27,120,303.69,560,303.84,360,303.97,560,304.24,160,304.38,520,304.4,200,304.68,80
2026-01-16 09:33:15,302.67,302.56,1,302.34,40,303.0,80,303.0,302.34,302.34,40,302.26,280,302.22,120,302.18,120,302.17,160,302.16,200,302.15,240,302.14,240,302.12,40,302.1,200,303.0,80,303.04,160,303.27,120,303.69,560,303.84,360,303.97,560,304.24,160,304.38,520,304.4,200,304.68,80
2026-01-16 09:33:16,302.68,302.56,1,302.36,40,303.0,80,303.0,302.36,302.36,40,302.35,40,302.34,40,302.26,280,302.22,120,302.18,120,302.17,160,302.16,200,302.15,240,302.14,240,303.0,80,303.04,160,303.27,120,303.69,560,303.84,360,303.97,560,304.24,160,304.38,520,304.4,200,304.68,80
2026-01-16 09:33:17,302.935,302.56,1,302.62,40,303.25,40,303.25,302.62,302.62,40,302.6,40,302.44,80,302.36,40,302.35,40,302.34,40,302.26,280,302.22,120,302.18,120,302.17,160,303.25,40,303.27,120,303.69,560,303.84,360,303.97,560,304.24,160,304.38,520,304.4,200,304.68,80,304.7,80
2026-01-16 09:33:18,302.875,302.56,1,302.62,80,303.13,40,303.13,302.62,302.62,80,302.6,40,302.44,80,302.36,40,302.35,40,302.34,40,302.26,280,302.22,120,302.18,120,302.17,160,303.13,40,303.25,40,303.27,120,303.69,560,303.84,360,303.97,560,304.24,160,304.38,520,304.4,200,304.68,80
2026-01-16 09:33:19,302.875,302.56,1,302.62,80,303.13,40,303.13,302.62,302.62,80,302.6,40,302.44,80,302.36,40,302.35,40,302.34,40,302.26,280,302.22,120,302.18,120,302.17,160,303.13,40,303.25,40,303.27,120,303.69,560,303.84,360,303.97,560,304.24,160,304.38,520,304.4,200,304.68,80
2026-01-16 09:33:20,302.88,302.56,1,302.63,40,303.13,40,303.13,302.63,302.63,40,302.62,80,302.6,40,302.44,80,302.36,40,302.35,40,302.34,40,302.26,280,302.22,120,302.18,120,303.13,40,303.25,40,303.27,120,303.69,560,303.84,360,303.97,560,304.24,160,304.38,520,304.4,200,304.68,80
2026-01-16 09:33:21,302.88,302.56,1,302.63,40,303.13,40,303.13,302.63,302.63,40,302.62,80,302.6,40,302.44,80,302.36,40,302.35,40,302.34,40,302.26,280,302.22,120,302.18,120,303.13,40,303.25,40,303.27,120,303.69,560,303.84,360,303.97,560,304.24,160,304.38,520,304.4,200,304.68,80
2026-01-16 09:33:22,302.955,302.56,1,302.66,40,303.25,40,303.25,302.66,302.66,40,302.63,40,302.62,80,302.6,40,302.44,80,302.36,40,302.35,40,302.34,40,302.26,280,302.22,120,303.25,40,303.27,120,303.69,560,303.84,360,303.97,560,304.24,160,304.38,520,304.4,200,304.68,80,304.7,80
2026-01-16 09:33:23,302.955,302.56,1,302.66,40,303.25,40,303.25,302.66,302.66,40,302.63,40,302.62,80,302.6,40,302.44,80,302.36,40,302.35,40,302.34,40,302.26,280,302.22,120,303.25,40,303.27,120,303.69,560,303.84,360,303.97,560,304.24,160,304.38,520,304.4,200,304.68,80,304.7,80
2026-01-16 09:33:24,302.94,302.56,1,302.63,40,303.25,40,303.25,302.63,302.63,40,302.62,80,302.6,40,302.44,80,302.36,40,302.35,40,302.34,40,302.26,280,302.22,120,302.18,120,303.25,40,303.27,120,303.69,560,303.84,360,303.97,560,304.24,160,304.38,520,304.4,200,304.68,80,304.7,80
2026-01-16 09:33:25,302.88,302.56,1,302.63,40,303.13,40,303.13,302.63,302.63,40,302.62,80,302.6,40,302.44,80,302.36,40,302.35,40,302.34,40,302.26,280,302.22,120,302.18,120,303.13,40,303.25,40,303.27,120,303.69,560,303.84,360,303.97,560,304.24,160,304.38,520,304.4,200,304.68,80
2026-01-16 09:33:26,302.96,302.56,1,302.79,40,303.13,40,303.13,302.79,302.79,40,302.67,40,302.63,40,302.62,80,302.6,40,302.44,80,302.36,40,302.35,40,302.34,40,302.26,280,303.13,40,303.25,40,303.27,120,303.69,560,303.84,360,303.97,560,304.24,160,304.38,520,304.4,200,304.68,80
2026-01-16 09:33:27,302.96,302.56,1,302.79,40,303.13,40,303.13,302.79,302.79,40,302.67,40,302.63,40,302.62,80,302.6,40,302.44,80,302.36,40,302.35,40,302.34,40,302.26,280,303.13,40,303.25,40,303.27,120,303.69,560,303.84,360,303.97,560,304.24,160,304.38,520,304.4,200,304.68,80
2026-01-16 09:33:28,302.96,302.56,1,302.79,40,303.13,40,303.13,302.79,302.79,40,302.67,40,302.63,40,302.62,80,302.6,40,302.44,80,302.36,40,302.35,40,302.34,40,302.26,280,303.13,40,303.25,40,303.27,120,303.69,560,303.84,360,303.97,560,304.24,160,304.38,520,304.4,200,304.68,80
2026-01-16 09:33:29,302.96,302.56,1,302.79,40,303.13,40,303.13,302.79,302.79,40,302.67,40,302.63,40,302.62,80,302.6,40,302.44,80,302.36,40,302.35,40,302.34,40,302.26,280,303.13,40,303.25,40,303.27,120,303.69,560,303.84,360,303.97,560,304.24,160,304.38,520,304.4,200,304.68,80
2026-01-16 09:33:30,302.96,302.56,1,302.79,40,303.13,40,303.13,302.79,302.79,40,302.67,40,302.63,40,302.62,80,302.6,40,302.44,80,302.36,40,302.35,40,302.34,40,302.26,280,303.13,40,303.25,40,303.27,120,303.69,560,303.84,360,303.97,560,304.24,160,304.38,520,304.4,200,304.68,80
2026-01-16 09:33:31,302.96,302.56,1,302.79,40,303.13,40,303.13,302.79,302.79,40,302.67,40,302.63,40,302.62,80,302.6,40,302.44,80,302.36,40,302.35,40,302.34,40,302.26,280,303.13,40,303.25,40,303.27,120,303.69,560,303.84,360,303.97,560,304.24,160,304.38,520,304.4,200,304.68,80
2026-01-16 09:33:32,302.96,302.56,1,302.79,80,303.13,40,303.13,302.79,302.79,80,302.67,40,302.63,40,302.62,80,302.6,40,302.44,80,302.36,40,302.35,40,302.34,40,302.26,280,303.13,40,303.25,40,303.27,120,303.69,560,303.84,360,303.97,560,304.24,160,304.38,520,304.4,200,304.68,80
2026-01-16 09:33:33,302.96,302.56,1,302.79,80,303.13,40,303.13,302.79,302.79,80,302.67,40,302.63,40,302.62,80,302.6,40,302.44,80,302.36,40,302.35,40,302.34,40,302.26,280,303.13,40,303.25,40,303.27,120,303.69,560,303.84,360,303.97,560,304.24,160,304.38,520,304.4,200,304.68,80
2026-01-16 09:33:34,303.04,303.29,2,302.79,80,303.29,120,303.29,302.79,302.79,80,302.67,40,302.63,40,302.62,80,302.6,40,302.44,80,302.36,40,302.35,40,302.34,40,302.26,280,303.29,120,303.69,560,303.84,360,303.97,560,304.24,160,304.38,520,304.4,200,304.68,80,304.7,80,304.92,160
2026-01-16 09:33:35,303.04,303.29,2,302.79,80,303.29,120,303.29,302.79,302.79,80,302.67,40,302.63,40,302.62,80,302.6,40,302.44,80,302.36,40,302.35,40,302.34,40,302.26,280,303.29,120,303.69,560,303.84,360,303.97,560,304.24,160,304.38,520,304.4,200,304.68,80,304.7,80,304.92,160
2026-01-16 09:33:36,303.04,303.29,2,302.79,80,303.29,120,303.29,302.79,302.79,80,302.67,40,302.63,40,302.62,80,302.6,40,302.44,80,302.36,40,302.35,40,302.34,40,302.26,280,303.29,120,303.69,560,303.84,360,303.97,560,304.24,160,304.38,520,304.4,200,304.68,80,304.7,80,304.92,160
2026-01-16 09:33:37,303.04,303.29,2,302.79,80,303.29,120,303.29,302.79,302.79,80,302.67,40,302.63,40,302.62,80,302.6,40,302.44,80,302.36,40,302.35,40,302.34,40,302.26,280,303.29,120,303.69,560,303.84,360,303.97,560,304.24,160,304.38,520,304.4,200,304.68,80,304.7,80,304.92,160
2026-01-16 09:33:38,303.04,303.29,2,302.79,80,303.29,120,303.29,302.79,302.79,80,302.67,40,302.63,40,302.62,80,302.6,40,302.44,80,302.36,40,302.35,40,302.34,40,302.26,280,303.29,120,303.69,560,303.84,360,303.97,560,304.24,160,304.38,520,304.4,200,304.68,80,304.7,80,304.92,160
2026-01-16 09:33:39,303.04,303.29,2,302.79,80,303.29,120,303.29,302.79,302.79,80,302.67,40,302.63,40,302.62,80,302.6,40,302.44,80,302.36,40,302.35,40,302.34,40,302.26,280,303.29,120,303.69,560,303.84,360,303.97,560,304.24,160,304.38,520,304.4,200,304.68,80,304.7,80,304.92,160
2026-01-16 09:33:40,303.045,303.29,2,302.8,80,303.29,120,303.29,302.8,302.8,80,302.79,80,302.67,40,302.63,40,302.62,80,302.6,40,302.44,80,302.36,40,302.35,40,302.34,40,303.29,120,303.69,560,303.84,360,303.97,560,304.24,160,304.38,520,304.4,200,304.68,80,304.7,80,304.92,160
2026-01-16 09:33:41,303.045,303.29,2,302.8,80,303.29,120,303.29,302.8,302.8,80,302.79,80,302.67,40,302.63,40,302.62,80,302.6,40,302.44,80,302.36,40,302.35,40,302.34,40,303.29,120,303.69,560,303.84,360,303.97,560,304.24,160,304.38,520,304.4,200,304.68,80,304.7,80,304.92,160
2026-01-16 09:33:42,303.045,303.29,2,302.8,80,303.29,120,303.29,302.8,302.8,80,302.79,80,302.67,40,302.63,40,302.62,80,302.6,40,302.44,80,302.36,40,302.35,40,302.34,40,303.29,120,303.69,560,303.84,360,303.97,560,304.24,160,304.38,520,304.4,200,304.68,80,304.7,80,304.92,160
2026-01-16 09:33:43,302.995,303.0,1,302.78,120,303.21,120,303.21,302.78,302.78,120,302.22,40,302.01,40,301.89,40,301.88,40,301.84,40,301.78,40,301.75,40,301.47,80,301.45,480,303.21,120,303.28,40,303.29,120,303.69,560,303.84,360,303.97,560,304.24,160,304.38,520,304.4,200,304.68,80
2026-01-16 09:33:44,302.63,303.0,73,302.26,240,303.0,80,303.0,302.26,302.26,240,302.22,40,302.01,40,301.89,40,301.88,40,301.84,40,301.78,40,301.75,40,301.47,80,301.45,480,303.0,80,303.2,80,303.21,120,303.28,40,303.29,120,303.69,560,303.84,360,303.97,560,304.24,160,304.38,520
2026-01-16 09:33:45,302.635,302.62,1,302.27,80,303.0,160,303.0,302.27,302.27,80,302.26,240,302.22,40,302.01,40,301.89,40,301.88,40,301.84,40,301.78,40,301.75,40,301.47,80,303.0,160,303.2,80,303.21,120,303.28,40,303.29,120,303.69,560,303.84,360,303.97,560,304.24,160,304.38,520
2026-01-16 09:33:46,302.635,302.62,1,302.27,80,303.0,200,303.0,302.27,302.27,80,302.26,240,302.22,40,302.01,40,301.89,40,301.88,40,301.84,40,301.78,40,301.75,40,301.47,80,303.0,200,303.2,80,303.21,120,303.28,40,303.29,120,303.69,560,303.84,360,303.97,560,304.24,160,304.38,520
2026-01-16 09:33:47,302.635,302.62,1,302.27,80,303.0,200,303.0,302.27,302.27,80,302.26,240,302.22,40,302.01,40,301.89,40,301.88,40,301.84,40,301.78,40,301.75,40,301.47,80,303.0,200,303.2,80,303.21,120,303.28,40,303.29,120,303.69,560,303.84,360,303.97,560,304.24,160,304.38,520
2026-01-16 09:33:48,302.635,302.62,1,302.27,80,303.0,200,303.0,302.27,302.27,80,302.26,240,302.22,40,302.01,40,301.89,40,301.88,40,301.84,40,301.78,40,301.75,40,301.47,80,303.0,200,303.2,80,303.21,120,303.28,40,303.29,120,303.69,560,303.84,360,303.97,560,304.24,160,304.38,520
2026-01-16 09:33:49,302.635,302.28,1,302.27,80,303.0,200,303.0,302.27,302.27,80,302.26,240,302.22,40,302.01,40,301.89,40,301.88,40,301.84,40,301.78,40,301.75,40,301.47,80,303.0,200,303.2,80,303.21,120,303.28,40,303.29,120,303.69,560,303.84,360,303.97,560,304.24,160,304.38,520
2026-01-16 09:33:50,302.635,302.28,1,302.27,80,303.0,200,303.0,302.27,302.27,80,302.26,240,302.22,40,302.01,40,301.89,40,301.88,40,301.84,40,301.78,40,301.75,40,301.47,80,303.0,200,303.2,80,303.21,120,303.28,40,303.29,120,303.69,560,303.84,360,303.97,560,304.24,160,304.38,520
2026-01-16 09:33:51,302.635,302.64,2,302.27,80,303.0,200,303.0,302.27,302.27,80,302.26,240,302.22,40,302.01,40,301.89,40,301.88,40,301.84,40,301.78,40,301.75,40,301.47,80,303.0,200,303.2,80,303.21,120,303.28,40,303.29,120,303.69,560,303.84,360,303.97,560,304.24,160,304.38,520
2026-01-16 09:33:52,302.635,302.64,2,302.27,80,303.0,200,303.0,302.27,302.27,80,302.26,240,302.22,40,302.01,40,301.89,40,301.88,40,301.84,40,301.78,40,301.75,40,301.47,80,303.0,200,303.2,80,303.21,120,303.28,40,303.29,120,303.69,560,303.84,360,303.97,560,304.24,160,304.38,520
2026-01-16 09:33:53,302.635,302.64,2,302.27,80,303.0,200,303.0,302.27,302.27,80,302.26,240,302.22,40,302.01,40,301.89,40,301.88,40,301.84,40,301.78,40,301.75,40,301.47,80,303.0,200,303.2,80,303.21,120,303.28,40,303.29,120,303.69,560,303.84,360,303.97,560,304.24,160,304.38,520
2026-01-16 09:33:54,302.635,302.64,1,302.27,40,303.0,200,303.0,302.27,302.27,40,302.26,240,302.22,40,302.01,40,301.89,40,301.88,40,301.84,40,301.78,40,301.75,40,301.47,80,303.0,200,303.2,80,303.21,120,303.28,40,303.29,120,303.69,560,303.84,360,303.97,560,304.24,160,304.38,520
2026-01-16 09:33:55,302.63,302.64,1,302.27,40,302.99,80,302.99,302.27,302.27,40,302.26,240,302.22,40,302.01,40,301.89,40,301.88,40,301.84,40,301.78,40,301.75,40,301.47,80,302.99,80,303.29,80,303.69,560,303.84,360,303.97,560,304.24,160,304.38,520,304.4,200,304.68,80,304.7,80
2026-01-16 09:33:56,302.7,302.7,1,302.41,80,302.99,80,302.99,302.41,302.41,80,302.33,80,302.27,40,302.26,240,302.22,40,302.01,40,301.89,40,301.88,40,301.84,40,301.78,40,302.99,80,303.29,80,303.69,560,303.84,360,303.97,560,304.24,160,304.38,520,304.4,200,304.68,80,304.7,80
2026-01-16 09:33:57,302.7,302.7,1,302.41,80,302.99,80,302.99,302.41,302.41,80,302.33,80,302.27,40,302.26,240,302.22,40,302.01,40,301.89,40,301.88,40,301.84,40,301.78,40,302.99,80,303.29,80,303.69,560,303.84,360,303.97,560,304.24,160,304.38,520,304.4,200,304.68,80,304.7,80
2026-01-16 09:33:58,302.615,302.62,1,302.41,120,302.82,40,302.82,302.41,302.41,120,302.33,80,302.27,40,302.26,240,302.22,40,302.01,40,301.89,40,301.88,40,301.84,40,301.78,40,302.82,40,302.99,80,303.29,80,303.69,560,303.84,360,303.97,560,304.24,160,304.38,520,304.4,200,304.68,80
2026-01-16 09:33:59,302.615,302.62,1,302.41,120,302.82,40,302.82,302.41,302.41,120,302.33,80,302.27,40,302.26,240,302.22,40,302.01,40,301.89,40,301.88,40,301.84,40,301.78,40,302.82,40,302.99,80,303.29,80,303.69,560,303.84,360,303.97,560,304.24,160,304.38,520,304.4,200,304.68,80
2026-01-16 09:34:00,302.74,302.62,1,302.61,120,302.87,40,302.87,302.61,302.61,120,302.41,160,302.33,80,302.27,40,302.26,240,302.22,40,302.01,40,301.89,40,301.88,40,301.84,40,302.87,40,303.0,40,303.29,80,303.69,560,303.84,360,303.97,560,304.24,160,304.38,520,304.4,200,304.68,80
2026-01-16 09:34:01,302.74,302.62,1,302.61,120,302.87,40,302.87,302.61,302.61,120,302.41,160,302.33,80,302.27,40,302.26,240,302.22,40,302.01,40,301.89,40,301.88,40,301.84,40,302.87,40,303.0,40,303.29,80,303.69,560,303.84,360,303.97,560,304.24,160,304.38,520,304.4,200,304.68,80
2026-01-16 09:34:02,302.74,302.62,1,302.61,120,302.87,40,302.87,302.61,302.61,120,302.41,160,302.33,80,302.27,40,302.26,240,302.22,40,302.01,40,301.89,40,301.88,40,301.84,40,302.87,40,303.0,40,303.29,80,303.69,560,303.84,360,303.97,560,304.24,160,304.38,520,304.4,200,304.68,80
2026-01-16 09:34:03,302.745,302.62,1,302.62,40,302.87,80,302.87,302.62,302.62,40,302.61,120,302.41,160,302.33,80,302.27,40,302.26,240,302.22,40,302.01,40,301.89,40,301.88,40,302.87,80,303.0,40,303.29,80,303.69,560,303.84,360,303.97,560,304.24,160,304.38,520,304.4,200,304.68,80
2026-01-16 09:34:04,302.745,302.62,1,302.62,40,302.87,80,302.87,302.62,302.62,40,302.61,120,302.41,160,302.33,80,302.27,40,302.26,240,302.22,40,302.01,40,301.89,40,301.88,40,302.87,80,303.0,40,303.29,80,303.69,560,303.84,360,303.97,560,304.24,160,304.38,520,304.4,200,304.68,80
2026-01-16 09:34:05,302.745,302.75,1,302.62,80,302.87,40,302.87,302.62,302.62,80,302.61,120,302.41,160,302.33,80,302.27,40,302.26,240,302.22,40,302.01,40,301.89,40,301.88,40,302.87,40,303.0,40,303.29,80,303.69,560,303.84,360,303.97,560,304.24,160,304.38,520,304.4,200,304.68,80
2026-01-16 09:34:06,302.745,302.75,1,302.62,80,302.87,40,302.87,302.62,302.62,80,302.61,120,302.41,160,302.33,80,302.27,40,302.26,240,302.22,40,302.01,40,301.89,40,301.88,40,302.87,40,303.0,40,303.29,80,303.69,560,303.84,360,303.97,560,304.24,160,304.38,520,304.4,200,304.68,80
2026-01-16 09:34:07,302.745,302.75,1,302.62,80,302.87,40,302.87,302.62,302.62,80,302.61,120,302.41,160,302.33,80,302.27,40,302.26,240,302.22,40,302.01,40,301.89,40,301.88,40,302.87,40,303.0,40,303.29,80,303.69,560,303.84,360,303.97,560,304.24,160,304.38,520,304.4,200,304.68,80
2026-01-16 09:34:08,302.745,302.75,1,302.62,80,302.87,40,302.87,302.62,302.62,80,302.61,120,302.41,160,302.33,80,302.27,40,302.26,240,302.22,40,302.01,40,301.89,40,301.88,40,302.87,40,303.0,40,303.29,80,303.69,560,303.84,360,303.97,560,304.24,160,304.38,520,304.4,200,304.68,80
2026-01-16 09:34:09,302.865,302.75,1,302.74,160,302.99,80,302.99,302.74,302.74,160,302.65,40,302.62,120,302.61,120,302.41,160,302.33,80,302.27,40,302.26,240,302.22,40,302.01,40,302.99,80,303.0,240,303.29,80,303.69,560,303.84,360,303.97,560,304.24,160,304.38,520,304.4,200,304.68,80
2026-01-16 09:34:10,302.865,302.75,1,302.74,160,302.99,80,302.99,302.74,302.74,160,302.65,40,302.62,120,302.61,120,302.41,160,302.33,80,302.27,40,302.26,240,302.22,40,302.01,40,302.99,80,303.0,240,303.29,80,303.69,560,303.84,360,303.97,560,304.24,160,304.38,520,304.4,200,304.68,80
2026-01-16 09:34:11,302.865,302.75,1,302.74,160,302.99,80,302.99,302.74,302.74,160,302.65,40,302.62,120,302.61,120,302.41,160,302.33,80,302.27,40,302.26,240,302.22,40,302.01,40,302.99,80,303.0,240,303.29,80,303.69,560,303.84,360,303.97,560,304.24,160,304.38,520,304.4,200,304.68,80
2026-01-16 09:34:12,302.865,302.75,1,302.74,160,302.99,80,302.99,302.74,302.74,160,302.65,40,302.62,120,302.61,120,302.41,160,302.33,80,302.27,40,302.26,240,302.22,40,302.01,40,302.99,80,303.0,240,303.29,80,303.69,560,303.84,360,303.97,560,304.24,160,304.38,520,304.4,200,304.68,80
2026-01-16 09:34:13,302.865,302.75,1,302.74,160,302.99,80,302.99,302.74,302.74,160,302.65,40,302.62,120,302.61,120,302.41,160,302.33,80,302.27,40,302.26,240,302.22,40,302.01,40,302.99,80,303.0,240,303.29,80,303.69,560,303.84,360,303.97,560,304.24,160,304.38,520,304.4,200,304.68,80
2026-01-16 09:34:14,302.865,302.75,1,302.74,160,302.99,80,302.99,302.74,302.74,160,302.65,40,302.62,120,302.61,120,302.41,160,302.33,80,302.27,40,302.26,240,302.22,40,302.01,40,302.99,80,303.0,240,303.29,80,303.69,560,303.84,360,303.97,560,304.24,160,304.38,520,304.4,200,304.68,80
2026-01-16 09:34:15,302.865,302.75,1,302.74,120,302.99,80,302.99,302.74,302.74,120,302.65,40,302.62,120,302.61,120,302.41,160,302.33,80,302.27,40,302.26,240,302.22,40,302.01,40,302.99,80,303.0,240,303.29,80,303.69,560,303.84,360,303.97,560,304.24,160,304.38,520,304.4,200,304.68,80
2026-01-16 09:34:16,302.865,302.75,1,302.74,120,302.99,80,302.99,302.74,302.74,120,302.65,40,302.62,120,302.61,120,302.41,160,302.33,80,302.27,40,302.26,240,302.22,40,302.01,40,302.99,80,303.0,240,303.29,80,303.69,560,303.84,360,303.97,560,304.24,160,304.38,520,304.4,200,304.68,80
2026-01-16 09:34:17,302.865,302.75,1,302.74,160,302.99,80,302.99,302.74,302.74,160,302.65,40,302.62,120,302.61,120,302.41,160,302.33,80,302.27,40,302.26,240,302.22,40,302.01,40,302.99,80,303.0,240,303.29,80,303.69,560,303.84,360,303.97,560,304.24,160,304.38,520,304.4,200,304.68,80
2026-01-16 09:34:18,302.865,302.75,1,302.74,160,302.99,80,302.99,302.74,302.74,160,302.65,40,302.62,120,302.61,120,302.41,160,302.33,80,302.27,40,302.26,240,302.22,40,302.01,40,302.99,80,303.0,240,303.29,80,303.69,560,303.84,360,303.97,560,304.24,160,304.38,520,304.4,200,304.68,80
2026-01-16 09:34:19,302.865,302.75,1,302.74,160,302.99,80,302.99,302.74,302.74,160,302.65,40,302.62,120,302.61,120,302.41,160,302.33,80,302.27,40,302.26,240,302.22,40,302.01,40,302.99,80,303.0,240,303.29,80,303.69,560,303.84,360,303.97,560,304.24,160,304.38,520,304.4,200,304.68,80
2026-01-16 09:34:20,302.865,302.75,1,302.74,160,302.99,80,302.99,302.74,302.74,160,302.65,40,302.62,120,302.61,120,302.41,160,302.33,80,302.27,40,302.26,240,302.22,40,302.01,40,302.99,80,303.0,240,303.29,80,303.69,560,303.84,360,303.97,560,304.24,160,304.38,520,304.4,200,304.68,80
2026-01-16 09:34:21,303.535,303.44,1,303.38,40,303.69,920,303.69,303.38,303.38,40,303.26,40,303.16,80,303.11,80,302.87,240,302.74,160,302.65,40,302.62,120,302.61,120,302.41,160,303.69,920,303.79,40,303.84,360,303.97,560,304.24,160,304.38,520,304.4,200,304.68,80,304.7,80,304.92,160
2026-01-16 09:34:22,303.535,303.65,1,303.38,40,303.69,880,303.69,303.38,303.38,40,303.26,40,303.16,80,303.11,80,302.87,240,302.74,160,302.65,40,302.62,120,302.61,120,302.41,160,303.69,880,303.79,40,303.84,360,303.97,560,304.24,160,304.38,520,304.4,200,304.68,80,304.7,80,304.92,160
2026-01-16 09:34:23,303.53,303.65,1,303.38,40,303.68,40,303.68,303.38,303.38,40,303.26,40,303.16,80,303.11,80,302.87,240,302.74,160,302.65,40,302.62,120,302.61,120,302.41,160,303.68,40,303.69,880,303.79,40,303.84,360,303.97,560,304.24,160,304.38,520,304.4,200,304.68,80,304.7,80
2026-01-16 09:34:24,303.73,303.68,18,303.46,40,304.0,600,304.0,303.46,303.46,40,303.33,80,303.26,40,303.16,80,303.11,80,302.87,240,302.74,160,302.65,40,302.62,120,302.61,120,304.0,600,304.24,160,304.38,520,304.4,200,304.68,80,304.7,80,304.92,160,305.0,120,305.34,120,305.39,40
2026-01-16 09:34:25,303.685,303.68,18,303.39,40,303.98,120,303.98,303.39,303.39,40,303.37,40,303.33,80,303.26,40,303.16,80,303.11,80,302.87,240,302.74,160,302.65,40,302.62,120,303.98,120,304.0,600,304.24,160,304.38,520,304.4,200,304.68,80,304.7,80,304.92,160,305.0,120,305.34,120
2026-01-16 09:34:26,303.79,303.97,1,303.61,40,303.97,40,303.97,303.61,303.61,40,303.39,40,303.37,40,303.33,80,303.26,40,303.16,80,303.11,80,302.87,240,302.74,160,302.65,40,303.97,40,303.98,120,304.0,600,304.24,160,304.38,520,304.4,200,304.68,80,304.7,80,304.92,160,305.0,120
2026-01-16 09:34:27,303.585,303.97,1,303.38,40,303.79,160,303.79,303.38,303.38,40,303.37,40,303.33,80,303.26,40,303.16,80,303.11,80,302.87,240,302.74,160,302.65,40,302.62,120,303.79,160,303.97,80,303.98,120,304.0,600,304.24,160,304.38,520,304.4,200,304.68,80,304.7,80,304.92,160
2026-01-16 09:34:28,303.585,303.97,1,303.38,80,303.79,160,303.79,303.38,303.38,80,303.37,40,303.33,80,303.26,40,303.16,80,303.11,80,302.87,240,302.74,160,302.65,40,302.62,120,303.79,160,303.97,80,303.98,120,304.0,600,304.24,160,304.38,520,304.4,200,304.68,80,304.7,80,304.92,160
2026-01-16 09:34:29,303.585,303.97,1,303.38,160,303.79,160,303.79,303.38,303.38,160,303.37,40,303.33,80,303.26,40,303.16,80,303.11,80,302.87,240,302.74,160,302.65,40,302.62,120,303.79,160,303.97,80,303.98,120,304.0,600,304.24,160,304.38,520,304.4,200,304.68,80,304.7,80,304.92,160
2026-01-16 09:34:30,303.59,303.97,1,303.39,120,303.79,160,303.79,303.39,303.39,120,303.38,160,303.37,40,303.33,80,303.26,40,303.16,80,303.11,80,302.87,240,302.74,160,302.65,40,303.79,160,303.97,80,303.98,120,304.0,600,304.24,160,304.38,520,304.4,200,304.68,80,304.7,80,304.92,160
2026-01-16 09:34:31,303.59,303.97,1,303.39,120,303.79,160,303.79,303.39,303.39,120,303.38,160,303.37,40,303.33,80,303.26,40,303.16,80,303.11,80,302.87,240,302.74,160,302.65,40,303.79,160,303.97,80,303.98,120,304.0,600,304.24,160,304.38,520,304.4,200,304.68,80,304.7,80,304.92,160
2026-01-16 09:34:32,303.59,303.97,1,303.39,120,303.79,160,303.79,303.39,303.39,120,303.38,160,303.37,40,303.33,80,303.26,40,303.16,80,303.11,80,302.87,240,302.74,160,302.65,40,303.79,160,303.97,80,303.98,120,304.0,600,304.24,160,304.38,520,304.4,200,304.68,80,304.7,80,304.92,160
2026-01-16 09:34:33,303.59,303.97,1,303.39,120,303.79,160,303.79,303.39,303.39,120,303.38,160,303.37,40,303.33,80,303.26,40,303.16,80,303.11,80,302.87,240,302.74,160,302.65,40,303.79,160,303.97,80,303.98,120,304.0,600,304.24,160,304.38,520,304.4,200,304.68,80,304.7,80,304.92,160
2026-01-16 09:34:34,303.59,303.97,1,303.39,120,303.79,160,303.79,303.39,303.39,120,303.38,160,303.37,40,303.33,80,303.26,40,303.16,80,303.11,80,302.87,240,302.74,160,302.65,40,303.79,160,303.97,80,303.98,120,304.0,600,304.24,160,304.38,520,304.4,200,304.68,80,304.7,80,304.92,160
2026-01-16 09:34:35,303.59,303.97,1,303.39,120,303.79,160,303.79,303.39,303.39,120,303.38,160,303.37,40,303.33,80,303.26,40,303.16,80,303.11,80,302.87,240,302.74,160,302.65,40,303.79,160,303.97,80,303.98,120,304.0,600,304.24,160,304.38,520,304.4,200,304.68,80,304.7,80,304.92,160
2026-01-16 09:34:36,303.59,303.97,1,303.39,120,303.79,160,303.79,303.39,303.39,120,303.38,160,303.37,40,303.33,80,303.26,40,303.16,80,303.11,80,302.87,240,302.74,160,302.65,40,303.79,160,303.97,80,303.98,120,304.0,600,304.24,160,304.38,520,304.4,200,304.68,80,304.7,80,304.92,160
2026-01-16 09:34:37,303.59,303.97,1,303.39,120,303.79,160,303.79,303.39,303.39,120,303.38,160,303.37,40,303.33,80,303.26,40,303.16,80,303.11,80,302.87,240,302.74,160,302.65,40,303.79,160,303.97,80,303.98,120,304.0,600,304.24,160,304.38,520,304.4,200,304.68,80,304.7,80,304.92,160
2026-01-16 09:34:38,303.59,303.55,2,303.39,120,303.79,120,303.79,303.39,303.39,120,303.31,40,303.01,40,303.0,280,302.92,240,302.88,40,302.87,240,302.74,160,302.65,40,302.62,120,303.79,120,303.97,80,303.98,120,304.0,600,304.24,160,304.38,520,304.4,200,304.68,80,304.7,80,304.92,160
2026-01-16 09:34:39,303.59,303.55,2,303.39,120,303.79,160,303.79,303.39,303.39,120,303.31,40,303.01,40,303.0,280,302.92,240,302.88,40,302.87,240,302.74,160,302.65,40,302.62,120,303.79,160,303.97,80,303.98,120,304.0,600,304.24,160,304.38,520,304.4,200,304.68,80,304.7,80,304.92,160
2026-01-16 09:34:40,303.24,303.59,1,302.91,80,303.57,40,303.57,302.91,302.91,80,302.9,80,302.88,40,302.87,240,302.74,160,302.65,40,302.62,120,302.61,120,302.41,160,302.33,80,303.57,40,303.7,40,303.71,80,303.79,160,303.97,80,303.98,120,304.0,600,304.24,160,304.38,520,304.4,200
2026-01-16 09:34:41,303.24,303.59,1,302.91,80,303.57,40,303.57,302.91,302.91,80,302.9,80,302.88,40,302.87,240,302.74,160,302.65,40,302.62,120,302.61,120,302.41,160,302.33,80,303.57,40,303.7,40,303.71,80,303.79,160,303.97,80,303.98,120,304.0,600,304.24,160,304.38,520,304.4,200
2026-01-16 09:34:42,303.24,303.59,1,302.91,80,303.57,40,303.57,302.91,302.91,80,302.9,80,302.88,40,302.87,240,302.74,160,302.65,40,302.62,120,302.61,120,302.41,160,302.33,80,303.57,40,303.7,40,303.71,80,303.79,160,303.97,80,303.98,120,304.0,600,304.24,160,304.38,520,304.4,200
2026-01-16 09:34:43,303.24,303.59,1,302.91,80,303.57,40,303.57,302.91,302.91,80,302.9,80,302.88,40,302.87,240,302.74,160,302.65,40,302.62,120,302.61,120,302.41,160,302.33,80,303.57,40,303.7,40,303.71,80,303.79,160,303.97,80,303.98,120,304.0,600,304.24,160,304.38,520,304.4,200
2026-01-16 09:34:44,303.24,303.59,1,302.91,80,303.57,40,303.57,302.91,302.91,80,302.9,80,302.88,40,302.87,240,302.74,160,302.65,40,302.62,120,302.61,120,302.41,160,302.33,80,303.57,40,303.7,40,303.71,80,303.79,160,303.97,80,303.98,120,304.0,600,304.24,160,304.38,520,304.4,200
2026-01-16 09:34:45,303.245,303.59,1,302.92,80,303.57,40,303.57,302.92,302.92,80,302.91,80,302.9,80,302.88,40,302.87,240,302.74,160,302.65,40,302.62,120,302.61,120,302.41,160,303.57,40,303.7,40,303.71,80,303.79,160,303.97,80,303.98,120,304.0,600,304.24,160,304.38,520,304.4,200
2026-01-16 09:34:46,303.25,303.59,1,302.93,120,303.57,40,303.57,302.93,302.93,120,302.92,80,302.91,80,302.9,80,302.88,40,302.87,240,302.74,160,302.65,40,302.62,120,302.61,120,303.57,40,303.7,40,303.71,80,303.79,160,303.97,80,303.98,120,304.0,600,304.24,160,304.38,520,304.4,200
2026-01-16 09:34:47,303.255,303.59,1,302.94,40,303.57,40,303.57,302.94,302.94,40,302.93,120,302.92,80,302.91,80,302.9,80,302.88,40,302.87,240,302.74,160,302.65,40,302.62,120,303.57,40,303.7,40,303.71,80,303.79,160,303.97,80,303.98,120,304.0,600,304.24,160,304.38,520,304.4,200
2026-01-16 09:34:48,303.475,303.57,1,303.16,80,303.79,80,303.79,303.16,303.16,80,303.06,40,302.95,80,302.94,40,302.93,120,302.92,80,302.91,80,302.9,80,302.88,40,302.87,240,303.79,80,303.97,80,303.98,120,304.0,600,304.24,160,304.38,520,304.4,200,304.68,80,304.7,80,304.92,160
2026-01-16 09:34:49,303.675,303.57,1,303.47,40,303.88,280,303.88,303.47,303.47,40,303.29,40,303.17,160,303.16,80,303.06,40,302.95,80,302.94,40,302.93,120,302.92,80,302.91,80,303.88,280,303.97,80,303.98,120,304.0,600,304.24,160,304.38,520,304.4,200,304.68,80,304.7,80,304.92,160
2026-01-16 09:34:50,303.68,303.57,1,303.48,40,303.88,280,303.88,303.48,303.48,40,303.47,40,303.29,40,303.17,160,303.16,80,303.06,40,302.95,80,302.94,40,302.93,120,302.92,80,303.88,280,303.97,80,303.98,120,304.0,600,304.24,160,304.38,520,304.4,200,304.68,80,304.7,80,304.92,160
2026-01-16 09:34:51,304.05,304.0,4,303.84,40,304.26,40,304.26,303.84,303.84,40,303.75,80,303.67,80,303.48,40,303.47,40,303.29,40,303.17,160,303.16,80,303.06,40,302.95,80,304.26,40,304.38,520,304.4,200,304.68,80,304.7,80,304.92,160,305.0,120,305.34,120,305.39,40,305.66,120
2026-01-16 09:34:52,304.055,304.0,4,303.85,40,304.26,40,304.26,303.85,303.85,40,303.77,40,303.49,40,303.48,40,303.47,40,303.29,40,303.17,160,303.16,80,303.06,40,302.95,80,304.26,40,304.38,520,304.4,200,304.68,80,304.7,80,304.92,160,305.0,120,305.34,120,305.39,40,305.66,120
2026-01-16 09:34:53,304.24,304.26,1,303.98,40,304.5,200,304.5,303.98,303.98,40,303.97,80,303.85,80,303.77,40,303.49,40,303.48,40,303.47,40,303.29,40,303.17,160,303.16,80,304.5,200,304.68,80,304.7,80,304.92,160,305.0,120,305.34,120,305.39,40,305.66,120,,,,
2026-01-16 09:34:54,304.205,304.26,1,303.98,40,304.43,120,304.43,303.98,303.98,40,303.97,80,303.85,80,303.77,40,303.49,40,303.48,40,303.47,40,303.29,40,303.17,160,303.16,80,304.43,120,304.5,200,304.68,80,304.7,80,304.92,160,305.0,120,305.34,120,305.39,40,305.66,120,,
2026-01-16 09:34:55,304.21,304.26,1,303.99,40,304.43,120,304.43,303.99,303.99,40,303.98,40,303.97,80,303.85,80,303.77,40,303.49,40,303.48,40,303.47,40,303.29,40,303.17,160,304.43,120,304.5,200,304.68,80,304.7,80,304.92,160,305.0,120,305.34,120,305.39,40,305.66,120,,
2026-01-16 09:34:56,304.21,304.26,1,303.99,40,304.43,120,304.43,303.99,303.99,40,303.98,40,303.97,80,303.85,80,303.77,40,303.49,40,303.48,40,303.47,40,303.29,40,303.17,160,304.43,120,304.5,200,304.68,80,304.7,80,304.92,160,305.0,120,305.34,120,305.39,40,305.66,120,,
2026-01-16 09:34:57,304.21,304.26,1,303.99,40,304.43,120,304.43,303.99,303.99,40,303.98,40,303.97,80,303.85,80,303.77,40,303.49,40,303.48,40,303.47,40,303.29,40,303.17,160,304.43,120,304.5,200,304.68,80,304.7,80,304.92,160,305.0,120,305.34,120,305.39,40,305.66,120,,
2026-01-16 09:34:58,304.21,304.26,1,303.99,40,304.43,120,304.43,303.99,303.99,40,303.98,40,303.97,80,303.85,80,303.77,40,303.49,40,303.48,40,303.47,40,303.29,40,303.17,160,304.43,120,304.5,200,304.68,80,304.7,80,304.92,160,305.0,120,305.34,120,305.39,40,305.66,120,,
2026-01-16 09:34:59,304.21,304.26,1,303.99,80,304.43,120,304.43,303.99,303.99,80,303.98,40,303.97,80,303.85,80,303.77,40,303.49,40,303.48,40,303.47,40,303.29,40,303.17,160,304.43,120,304.5,200,304.68,80,304.7,80,304.92,160,305.0,120,305.34,120,305.39,40,305.66,120,,
2026-01-16 09:35:00,304.21,304.21,1,303.99,80,304.43,120,304.43,303.99,303.99,80,303.98,40,303.97,80,303.85,80,303.77,40,303.49,40,303.48,40,303.47,40,303.29,40,303.17,160,304.43,120,304.5,200,304.68,80,304.7,80,304.92,160,305.0,120,305.34,120,305.39,40,305.66,120,,
2026-01-16 09:35:01,304.21,304.21,1,303.99,80,304.43,120,304.43,303.99,303.99,80,303.98,40,303.97,80,303.85,80,303.77,40,303.49,40,303.48,40,303.47,40,303.29,40,303.17,160,304.43,120,304.5,200,304.68,80,304.7,80,304.92,160,305.0,120,305.34,120,305.39,40,305.66,120,,
2026-01-16 09:35:02,304.21,304.21,1,303.99,80,304.43,120,304.43,303.99,303.99,80,303.98,40,303.97,80,303.85,80,303.77,40,303.49,40,303.48,40,303.47,40,303.29,40,303.17,160,304.43,120,304.5,200,304.68,80,304.7,80,304.92,160,305.0,120,305.34,120,305.39,40,305.66,120,,
2026-01-16 09:35:03,304.18,304.21,1,303.99,80,304.37,40,304.37,303.99,303.99,80,303.98,40,303.97,80,303.85,80,303.77,40,303.49,40,303.48,40,303.47,40,303.29,40,303.17,160,304.37,40,304.43,120,304.5,200,304.68,80,304.7,80,304.92,160,305.0,120,305.34,120,305.39,40,305.66,120
2026-01-16 09:35:04,304.18,304.21,1,303.99,80,304.37,120,304.37,303.99,303.99,80,303.98,40,303.97,80,303.85,80,303.77,40,303.49,40,303.48,40,303.47,40,303.29,40,303.17,160,304.37,120,304.43,120,304.5,200,304.68,80,304.7,80,304.92,160,305.0,120,305.34,120,305.39,40,305.66,120
2026-01-16 09:35:05,304.18,304.21,1,303.99,80,304.37,120,304.37,303.99,303.99,80,303.98,40,303.97,80,303.85,80,303.77,40,303.49,40,303.48,40,303.47,40,303.29,40,303.17,160,304.37,120,304.43,120,304.5,200,304.68,80,304.7,80,304.92,160,305.0,120,305.34,120,305.39,40,305.66,120
2026-01-16 09:35:06,304.16,304.21,1,304.0,120,304.32,160,304.32,304.0,304.0,120,303.99,80,303.98,40,303.97,80,303.85,80,303.77,40,303.49,40,303.48,40,303.47,40,303.29,40,304.32,160,304.37,120,304.43,120,304.5,200,304.68,80,304.7,80,304.92,160,305.0,120,305.34,120,305.39,40
2026-01-16 09:35:07,304.16,304.21,1,304.0,120,304.32,160,304.32,304.0,304.0,120,303.99,80,303.98,40,303.97,80,303.85,80,303.77,40,303.49,40,303.48,40,303.47,40,303.29,40,304.32,160,304.37,120,304.43,120,304.5,200,304.68,80,304.7,80,304.92,160,305.0,120,305.34,120,305.39,40
2026-01-16 09:35:08,304.16,304.21,1,304.0,120,304.32,160,304.32,304.0,304.0,120,303.99,80,303.98,40,303.97,80,303.85,80,303.77,40,303.49,40,303.48,40,303.47,40,303.29,40,304.32,160,304.37,120,304.43,120,304.5,200,304.68,80,304.7,80,304.92,160,305.0,120,305.34,120,305.39,40
2026-01-16 09:35:09,304.12,304.12,1,304.0,120,304.24,160,304.24,304.0,304.0,120,303.99,80,303.98,40,303.97,80,303.85,80,303.77,40,303.49,40,303.48,40,303.47,40,303.29,40,304.24,160,304.32,160,304.37,120,304.43,120,304.5,200,304.68,80,304.7,80,304.92,160,305.0,120,305.34,120
2026-01-16 09:35:10,304.1,304.12,1,303.96,40,304.24,400,304.24,303.96,303.96,40,303.85,80,303.77,40,303.49,40,303.48,40,303.47,40,303.29,40,303.17,160,303.16,80,303.06,40,304.24,400,304.32,160,304.37,120,304.43,120,304.5,200,304.68,80,304.7,80,304.92,160,305.0,120,305.34,120
2026-01-16 09:35:11,304.1,304.12,1,303.96,40,304.24,400,304.24,303.96,303.96,40,303.85,80,303.77,40,303.49,40,303.48,40,303.47,40,303.29,40,303.17,160,303.16,80,303.06,40,304.24,400,304.32,160,304.37,120,304.43,120,304.5,200,304.68,80,304.7,80,304.92,160,305.0,120,305.34,120
2026-01-16 09:35:12,304.09,304.12,1,303.96,40,304.22,40,304.22,303.96,303.96,40,303.85,80,303.77,40,303.49,40,303.48,40,303.47,40,303.29,40,303.17,160,303.16,80,303.06,40,304.22,40,304.23,40,304.24,400,304.32,160,304.37,120,304.43,120,304.5,200,304.68,80,304.7,80,304.92,160
2026-01-16 09:35:13,304.09,304.22,2,303.96,40,304.22,40,304.22,303.96,303.96,40,303.85,80,303.77,40,303.49,40,303.48,40,303.47,40,303.29,40,303.17,160,303.16,80,303.06,40,304.22,40,304.23,40,304.24,400,304.32,160,304.37,120,304.43,120,304.5,200,304.68,80,304.7,80,304.92,160
2026-01-16 09:35:14,304.085,304.22,2,303.96,40,304.21,120,304.21,303.96,303.96,40,303.85,80,303.77,40,303.49,40,303.48,40,303.47,40,303.29,40,303.17,160,303.16,80,303.06,40,304.21,120,304.23,40,304.24,400,304.32,160,304.37,120,304.43,120,304.5,200,304.68,80,304.7,80,304.92,160
2026-01-16 09:35:15,304.28,304.35,1,304.13,80,304.43,160,304.43,304.13,304.13,80,304.05,40,303.97,40,303.96,40,303.85,80,303.77,40,303.49,40,303.48,40,303.47,40,303.29,40,304.43,160,304.5,200,304.68,80,304.7,80,304.92,160,305.0,120,305.34,120,305.39,40,305.66,120,,
2026-01-16 09:35:16,304.34,304.43,1,304.25,40,304.43,160,304.43,304.25,304.25,40,304.13,80,304.05,40,303.97,40,303.96,40,303.85,80,303.77,40,303.49,40,303.48,40,303.47,40,304.43,160,304.5,200,304.68,80,304.7,80,304.92,160,305.0,120,305.34,120,305.39,40,305.66,120,,
2026-01-16 09:35:17,304.34,304.43,1,304.25,40,304.43,160,304.43,304.25,304.25,40,304.13,80,304.05,40,303.97,40,303.96,40,303.85,80,303.77,40,303.49,40,303.48,40,303.47,40,304.43,160,304.5,200,304.68,80,304.7,80,304.92,160,305.0,120,305.34,120,305.39,40,305.66,120,,
2026-01-16 09:35:18,304.33,304.3,1,304.25,40,304.41,40,304.41,304.25,304.25,40,304.13,80,304.05,40,303.97,40,303.96,40,303.85,80,303.77,40,303.49,40,303.48,40,303.47,40,304.41,40,304.43,160,304.5,200,304.68,80,304.7,80,304.92,160,305.0,120,305.34,120,305.39,40,305.66,120
2026-01-16 09:35:19,304.33,304.41,1,304.25,40,304.41,40,304.41,304.25,304.25,40,304.13,80,304.05,40,303.97,40,303.96,40,303.85,80,303.77,40,303.49,40,303.48,40,303.47,40,304.41,40,304.43,160,304.5,200,304.68,80,304.7,80,304.92,160,305.0,120,305.34,120,305.39,40,305.66,120
2026-01-16 09:35:20,304.33,304.41,1,304.25,40,304.41,40,304.41,304.25,304.25,40,304.13,80,304.05,40,303.97,40,303.96,40,303.85,80,303.77,40,303.49,40,303.48,40,303.47,40,304.41,40,304.43,160,304.5,200,304.68,80,304.7,80,304.92,160,305.0,120,305.34,120,305.39,40,305.66,120
2026-01-16 09:35:21,304.485,304.5,1,304.25,80,304.72,80,304.72,304.25,304.25,80,304.13,80,304.05,40,303.97,40,303.96,40,303.85,80,303.77,40,303.49,40,303.48,40,303.47,40,304.72,80,304.92,160,305.0,120,305.34,120,305.39,40,305.66,120,,,,,,,,
2026-01-16 09:35:22,304.485,304.5,1,304.25,80,304.72,80,304.72,304.25,304.25,80,304.13,80,304.05,40,303.97,40,303.96,40,303.85,80,303.77,40,303.49,40,303.48,40,303.47,40,304.72,80,304.92,160,305.0,120,305.34,120,305.39,40,305.66,120,,,,,,,,
2026-01-16 09:35:23,304.485,304.47,2,304.25,80,304.72,80,304.72,304.25,304.25,80,304.13,80,304.05,40,303.97,40,303.96,40,303.85,80,303.77,40,303.49,40,303.48,40,303.47,40,304.72,80,304.92,160,305.0,120,305.34,120,305.39,40,305.66,120,,,,,,,,
2026-01-16 09:35:24,304.485,304.47,2,304.25,120,304.72,80,304.72,304.25,304.25,120,304.13,80,304.05,40,303.97,40,303.96,40,303.85,80,303.77,40,303.49,40,303.48,40,303.47,40,304.72,80,304.92,160,305.0,120,305.34,120,305.39,40,305.66,120,,,,,,,,
2026-01-16 09:35:25,304.485,304.47,2,304.25,120,304.72,80,304.72,304.25,304.25,120,304.13,80,304.05,40,303.97,40,303.96,40,303.85,80,303.77,40,303.49,40,303.48,40,303.47,40,304.72,80,304.92,160,305.0,120,305.34,120,305.39,40,305.66,120,,,,,,,,
2026-01-16 09:35:26,304.35,304.2,1,304.24,120,304.46,160,304.46,304.24,304.24,120,304.22,80,304.21,40,304.2,80,304.09,80,304.02,80,303.98,40,303.8,40,303.77,40,303.49,40,304.46,160,304.56,80,304.65,160,304.69,40,304.72,80,304.92,160,305.0,120,305.34,120,305.39,40,305.66,120
2026-01-16 09:35:27,304.145,304.2,1,303.99,40,304.3,40,304.3,303.99,303.99,40,303.98,40,303.84,40,303.83,80,303.8,40,303.77,40,303.49,40,303.48,40,303.47,40,303.29,40,304.3,40,304.33,40,304.35,240,304.46,160,304.56,80,304.65,160,304.69,40,304.72,80,304.92,160,305.0,120
2026-01-16 09:35:28,304.34,304.33,1,304.03,40,304.65,160,304.65,304.03,304.03,40,304.02,40,303.99,40,303.98,40,303.84,40,303.83,80,303.8,40,303.77,40,303.49,40,303.48,40,304.65,160,304.69,40,304.72,80,304.92,160,305.0,120,305.34,120,305.39,40,305.66,120,,,,
2026-01-16 09:35:29,304.3,304.3,1,304.01,40,304.59,80,304.59,304.01,304.01,40,304.0,40,303.99,40,303.98,40,303.84,40,303.83,80,303.8,40,303.77,40,303.49,40,303.48,40,304.59,80,304.65,160,304.69,40,304.72,80,304.92,160,305.0,120,305.34,120,305.39,40,305.66,120,,
2026-01-16 09:35:30,304.315,304.3,1,304.04,40,304.59,80,304.59,304.04,304.04,40,304.02,40,304.01,40,304.0,40,303.99,40,303.98,40,303.84,40,303.83,80,303.8,40,303.77,40,304.59,80,304.65,160,304.69,40,304.72,80,304.92,160,305.0,120,305.34,120,305.39,40,305.66,120,,
2026-01-16 09:35:31,304.31,304.3,1,304.04,120,304.58,120,304.58,304.04,304.04,120,304.02,40,304.01,40,304.0,40,303.99,40,303.98,40,303.84,40,303.83,80,303.8,40,303.77,40,304.58,120,304.59,80,304.65,160,304.69,40,304.72,80,304.92,160,305.0,120,305.34,120,305.39,40,305.66,120
2026-01-16 09:35:32,304.175,304.05,1,304.04,80,304.31,80,304.31,304.04,304.04,80,304.02,40,304.01,40,304.0,40,303.99,40,303.98,40,303.84,40,303.83,80,303.8,40,303.77,40,304.31,80,304.41,40,304.45,80,304.57,40,304.58,120,304.59,80,304.65,160,304.69,40,304.72,80,304.92,160
2026-01-16 09:35:33,304.175,304.05,1,304.04,80,304.31,80,304.31,304.04,304.04,80,304.02,40,304.01,40,304.0,40,303.99,40,303.98,40,303.84,40,303.83,80,303.8,40,303.77,40,304.31,80,304.41,40,304.45,80,304.57,40,304.58,120,304.59,80,304.65,160,304.69,40,304.72,80,304.92,160
2026-01-16 09:35:34,303.955,304.13,1,303.8,40,304.11,40,304.11,303.8,303.8,40,303.77,40,303.49,40,303.48,40,303.47,40,303.29,40,303.17,160,303.16,80,303.06,40,302.95,80,304.11,40,304.18,240,304.31,80,304.41,40,304.45,80,304.57,40,304.58,120,304.59,80,304.65,160,304.69,40
2026-01-16 09:35:35,303.955,304.13,1,303.8,40,304.11,120,304.11,303.8,303.8,40,303.77,40,303.49,40,303.48,40,303.47,40,303.29,40,303.17,160,303.16,80,303.06,40,302.95,80,304.11,120,304.18,240,304.31,80,304.41,40,304.45,80,304.57,40,304.58,120,304.59,80,304.65,160,304.69,40
2026-01-16 09:35:36,303.955,304.13,1,303.8,40,304.11,120,304.11,303.8,303.8,40,303.77,40,303.49,40,303.48,40,303.47,40,303.29,40,303.17,160,303.16,80,303.06,40,302.95,80,304.11,120,304.18,240,304.31,80,304.41,40,304.45,80,304.57,40,304.58,120,304.59,80,304.65,160,304.69,40
2026-01-16 09:35:37,303.955,304.13,1,303.8,40,304.11,120,304.11,303.8,303.8,40,303.77,40,303.49,40,303.48,40,303.47,40,303.29,40,303.17,160,303.16,80,303.06,40,302.95,80,304.11,120,304.18,240,304.31,80,304.41,40,304.45,80,304.57,40,304.58,120,304.59,80,304.65,160,304.69,40
2026-01-16 09:35:38,303.96,304.13,1,303.81,40,304.11,120,304.11,303.81,303.81,40,303.8,40,303.77,40,303.49,40,303.48,40,303.47,40,303.29,40,303.17,160,303.16,80,303.06,40,304.11,120,304.18,240,304.31,80,304.41,40,304.45,80,304.57,40,304.58,120,304.59,80,304.65,160,304.69,40
2026-01-16 09:35:39,303.96,304.13,1,303.81,40,304.11,120,304.11,303.81,303.81,40,303.8,40,303.77,40,303.49,40,303.48,40,303.47,40,303.29,40,303.17,160,303.16,80,303.06,40,304.11,120,304.18,240,304.31,80,304.41,40,304.45,80,304.57,40,304.58,120,304.59,80,304.65,160,304.69,40
2026-01-16 09:35:40,303.96,304.13,1,303.81,40,304.11,120,304.11,303.81,303.81,40,303.8,40,303.77,40,303.49,40,303.48,40,303.47,40,303.29,40,303.17,160,303.16,80,303.06,40,304.11,120,304.18,240,304.31,80,304.41,40,304.45,80,304.57,40,304.58,120,304.59,80,304.65,160,304.69,40
2026-01-16 09:35:41,303.96,304.13,1,303.81,40,304.11,120,304.11,303.81,303.81,40,303.8,40,303.77,40,303.49,40,303.48,40,303.47,40,303.29,40,303.17,160,303.16,80,303.06,40,304.11,120,304.18,240,304.31,80,304.41,40,304.45,80,304.57,40,304.58,120,304.59,80,304.65,160,304.69,40
2026-01-16 09:35:42,303.96,304.13,1,303.81,40,304.11,120,304.11,303.81,303.81,40,303.8,40,303.77,40,303.49,40,303.48,40,303.47,40,303.29,40,303.17,160,303.16,80,303.06,40,304.11,120,304.18,240,304.31,80,304.41,40,304.45,80,304.57,40,304.58,120,304.59,80,304.65,160,304.69,40
2026-01-16 09:35:43,303.96,304.13,1,303.81,40,304.11,120,304.11,303.81,303.81,40,303.8,40,303.77,40,303.49,40,303.48,40,303.47,40,303.29,40,303.17,160,303.16,80,303.06,40,304.11,120,304.18,240,304.31,80,304.41,40,304.45,80,304.57,40,304.58,120,304.59,80,304.65,160,304.69,40
2026-01-16 09:35:44,303.96,304.13,1,303.81,40,304.11,120,304.11,303.81,303.81,40,303.8,40,303.77,40,303.49,40,303.48,40,303.47,40,303.29,40,303.17,160,303.16,80,303.06,40,304.11,120,304.18,240,304.31,80,304.41,40,304.45,80,304.57,40,304.58,120,304.59,80,304.65,160,304.69,40
2026-01-16 09:35:45,303.96,304.13,1,303.81,40,304.11,120,304.11,303.81,303.81,40,303.8,40,303.77,40,303.49,40,303.48,40,303.47,40,303.29,40,303.17,160,303.16,80,303.06,40,304.11,120,304.18,240,304.31,80,304.41,40,304.45,80,304.57,40,304.58,120,304.59,80,304.65,160,304.69,40
2026-01-16 09:35:46,303.65,303.65,1,303.49,40,303.81,40,303.81,303.49,303.49,40,303.48,40,303.47,40,303.29,40,303.17,160,303.16,80,303.06,40,302.95,80,302.94,40,302.93,120,303.81,40,303.88,120,303.96,160,304.11,120,304.18,240,304.31,80,304.41,40,304.45,80,304.57,40,304.58,120
2026-01-16 09:35:47,303.56,303.56,1,303.31,160,303.81,80,303.81,303.31,303.31,160,303.3,80,303.29,40,303.17,160,303.16,80,303.06,40,302.95,80,302.94,40,302.93,120,302.92,80,303.81,80,303.88,120,303.96,160,304.11,120,304.18,240,304.31,80,304.41,40,304.45,80,304.57,40,304.58,120
2026-01-16 09:35:48,303.565,303.56,1,303.32,40,303.81,80,303.81,303.32,303.32,40,303.31,160,303.3,80,303.29,40,303.17,160,303.16,80,303.06,40,302.95,80,302.94,40,302.93,120,303.81,80,303.88,120,303.96,160,304.11,120,304.18,240,304.31,80,304.41,40,304.45,80,304.57,40,304.58,120
2026-01-16 09:35:49,303.56,303.57,6,303.31,160,303.81,80,303.81,303.31,303.31,160,303.3,80,303.29,40,303.17,160,303.16,80,303.06,40,302.95,80,302.94,40,302.93,120,302.92,80,303.81,80,303.88,120,303.96,160,304.11,120,304.18,240,304.31,80,304.41,40,304.45,80,304.57,40,304.58,120
2026-01-16 09:35:50,303.56,303.57,6,303.31,160,303.81,80,303.81,303.31,303.31,160,303.3,80,303.29,40,303.17,160,303.16,80,303.06,40,302.95,80,302.94,40,302.93,120,302.92,80,303.81,80,303.88,120,303.96,160,304.11,120,304.18,240,304.31,80,304.41,40,304.45,80,304.57,40,304.58,120
2026-01-16 09:35:51,303.56,303.57,6,303.31,160,303.81,80,303.81,303.31,303.31,160,303.3,80,303.29,40,303.17,160,303.16,80,303.06,40,302.95,80,302.94,40,302.93,120,302.92,80,303.81,80,303.88,120,303.96,160,304.11,120,304.18,240,304.31,80,304.41,40,304.45,80,304.57,40,304.58,120
2026-01-16 09:35:52,303.56,303.57,6,303.31,200,303.81,160,303.81,303.31,303.31,200,303.3,80,303.29,40,303.17,160,303.16,80,303.06,40,302.95,80,302.94,40,302.93,120,302.92,80,303.81,160,303.88,120,303.96,160,304.11,120,304.18,240,304.31,80,304.41,40,304.45,80,304.57,40,304.58,120
2026-01-16 09:35:53,303.56,303.57,6,303.31,200,303.81,160,303.81,303.31,303.31,200,303.3,80,303.29,40,303.17,160,303.16,80,303.06,40,302.95,80,302.94,40,302.93,120,302.92,80,303.81,160,303.88,120,303.96,160,304.11,120,304.18,240,304.31,80,304.41,40,304.45,80,304.57,40,304.58,120
2026-01-16 09:35:54,303.565,303.57,6,303.32,80,303.81,160,303.81,303.32,303.32,80,303.31,200,303.3,80,303.29,40,303.17,160,303.16,80,303.06,40,302.95,80,302.94,40,302.93,120,303.81,160,303.88,120,303.96,160,304.11,120,304.18,240,304.31,80,304.41,40,304.45,80,304.57,40,304.58,120
2026-01-16 09:35:55,303.565,303.57,6,303.32,40,303.81,160,303.81,303.32,303.32,40,303.31,200,303.3,80,303.29,40,303.17,160,303.16,80,303.06,40,302.95,80,302.94,40,302.93,120,303.81,160,303.88,120,303.96,160,304.11,120,304.18,240,304.31,80,304.41,40,304.45,80,304.57,40,304.58,120
2026-01-16 09:35:56,303.565,303.57,6,303.32,40,303.81,160,303.81,303.32,303.32,40,303.31,200,303.3,80,303.29,40,303.17,160,303.16,80,303.06,40,302.95,80,302.94,40,302.93,120,303.81,160,303.88,120,303.96,160,304.11,120,304.18,240,304.31,80,304.41,40,304.45,80,304.57,40,304.58,120
2026-01-16 09:35:57,303.57,303.57,6,303.33,40,303.81,160,303.81,303.33,303.33,40,303.32,40,303.31,200,303.3,80,303.29,40,303.17,160,303.16,80,303.06,40,302.95,80,302.94,40,303.81,160,303.88,120,303.96,160,304.11,120,304.18,240,304.31,80,304.41,40,304.45,80,304.57,40,304.58,120
2026-01-16 09:35:58,303.57,303.57,6,303.33,40,303.81,160,303.81,303.33,303.33,40,303.32,40,303.31,200,303.3,80,303.29,40,303.17,160,303.16,80,303.06,40,302.95,80,302.94,40,303.81,160,303.88,120,303.96,160,304.11,120,304.18,240,304.31,80,304.41,40,304.45,80,304.57,40,304.58,120
2026-01-16 09:35:59,303.57,303.57,6,303.33,40,303.81,160,303.81,303.33,303.33,40,303.32,40,303.31,200,303.3,80,303.29,40,303.17,160,303.16,80,303.06,40,302.95,80,302.94,40,303.81,160,303.88,120,303.96,160,304.11,120,304.18,240,304.31,80,304.41,40,304.45,80,304.57,40,304.58,120
2026-01-16 09:36:00,303.57,303.57,6,303.33,40,303.81,160,303.81,303.33,303.33,40,303.32,40,303.31,200,303.3,80,303.29,40,303.17,160,303.16,80,303.06,40,302.95,80,302.94,40,303.81,160,303.88,120,303.96,160,304.11,120,304.18,240,304.31,80,304.41,40,304.45,80,304.57,40,304.58,120
2026-01-16 09:36:01,303.57,303.57,6,303.33,40,303.81,160,303.81,303.33,303.33,40,303.32,40,303.31,200,303.3,80,303.29,40,303.17,160,303.16,80,303.06,40,302.95,80,302.94,40,303.81,160,303.88,120,303.96,160,304.11,120,304.18,240,304.31,80,304.41,40,304.45,80,304.57,40,304.58,120
2026-01-16 09:36:02,303.57,303.57,6,303.33,40,303.81,160,303.81,303.33,303.33,40,303.32,40,303.31,200,303.3,80,303.29,40,303.17,160,303.16,80,303.06,40,302.95,80,302.94,40,303.81,160,303.88,120,303.96,160,304.11,120,304.18,240,304.31,80,304.41,40,304.45,80,304.57,40,304.58,120
2026-01-16 09:36:03,303.57,303.57,1,303.33,40,303.81,160,303.81,303.33,303.33,40,303.32,40,303.31,200,303.3,80,303.29,40,303.17,160,303.16,80,303.06,40,302.95,80,302.94,40,303.81,160,303.88,120,303.96,160,304.11,120,304.18,240,304.31,80,304.41,40,304.45,80,304.57,40,304.58,120
2026-01-16 09:36:04,303.57,303.57,1,303.33,40,303.81,160,303.81,303.33,303.33,40,303.32,40,303.31,200,303.3,80,303.29,40,303.17,160,303.16,80,303.06,40,302.95,80,302.94,40,303.81,160,303.88,120,303.96,160,304.11,120,304.18,240,304.31,80,304.41,40,304.45,80,304.57,40,304.58,120
2026-01-16 09:36:05,303.575,303.57,1,303.34,80,303.81,120,303.81,303.34,303.34,80,303.33,40,303.32,40,303.31,200,303.3,80,303.29,40,303.17,160,303.16,80,303.06,40,302.95,80,303.81,120,303.88,120,303.96,160,304.11,120,304.18,240,304.31,80,304.41,40,304.45,80,304.57,40,304.58,120
2026-01-16 09:36:06,303.575,303.57,1,303.34,40,303.81,120,303.81,303.34,303.34,40,303.33,40,303.32,40,303.31,200,303.3,80,303.29,40,303.17,160,303.16,80,303.06,40,302.95,80,303.81,120,303.88,120,303.96,160,304.11,120,304.18,240,304.31,80,304.41,40,304.45,80,304.57,40,304.58,120
2026-01-16 09:36:07,303.575,303.57,1,303.34,40,303.81,120,303.81,303.34,303.34,40,303.33,40,303.32,40,303.31,200,303.3,80,303.29,40,303.17,160,303.16,80,303.06,40,302.95,80,303.81,120,303.88,120,303.96,160,304.11,120,304.18,240,304.31,80,304.41,40,304.45,80,304.57,40,304.58,120
2026-01-16 09:36:08,303.58,303.57,1,303.35,40,303.81,120,303.81,303.35,303.35,40,303.34,40,303.33,40,303.32,40,303.31,200,303.3,80,303.29,40,303.17,160,303.16,80,303.06,40,303.81,120,303.88,120,303.96,160,304.11,120,304.18,240,304.31,80,304.41,40,304.45,80,304.57,40,304.58,120
2026-01-16 09:36:09,303.58,303.57,1,303.35,40,303.81,120,303.81,303.35,303.35,40,303.34,40,303.33,40,303.32,40,303.31,200,303.3,80,303.29,40,303.17,160,303.16,80,303.06,40,303.81,120,303.88,120,303.96,160,304.11,120,304.18,240,304.31,80,304.41,40,304.45,80,304.57,40,304.58,120
2026-01-16 09:36:10,303.58,303.57,1,303.35,40,303.81,120,303.81,303.35,303.35,40,303.34,40,303.33,40,303.32,40,303.31,200,303.3,80,303.29,40,303.17,160,303.16,80,303.06,40,303.81,120,303.88,120,303.96,160,304.11,120,304.18,240,304.31,80,304.41,40,304.45,80,304.57,40,304.58,120
2026-01-16 09:36:11,303.58,303.57,1,303.35,80,303.81,120,303.81,303.35,303.35,80,303.34,40,303.33,40,303.32,40,303.31,200,303.3,80,303.29,40,303.17,160,303.16,80,303.06,40,303.81,120,303.88,120,303.96,160,304.11,120,304.18,240,304.31,80,304.41,40,304.45,80,304.57,40,304.58,120
2026-01-16 09:36:12,303.58,303.57,1,303.35,80,303.81,120,303.81,303.35,303.35,80,303.34,40,303.33,40,303.32,40,303.31,200,303.3,80,303.29,40,303.17,160,303.16,80,303.06,40,303.81,120,303.88,120,303.96,160,304.11,120,304.18,240,304.31,80,304.41,40,304.45,80,304.57,40,304.58,120
2026-01-16 09:36:13,303.58,303.58,1,303.35,80,303.81,120,303.81,303.35,303.35,80,303.34,40,303.33,40,303.32,40,303.31,200,303.3,80,303.29,40,303.17,160,303.16,80,303.06,40,303.81,120,303.88,120,303.96,160,304.11,120,304.18,240,304.31,80,304.41,40,304.45,80,304.57,40,304.58,120
2026-01-16 09:36:14,303.58,303.58,1,303.35,120,303.81,120,303.81,303.35,303.35,120,303.34,40,303.33,40,303.32,40,303.31,200,303.3,80,303.29,40,303.17,160,303.16,80,303.06,40,303.81,120,303.88,120,303.96,160,304.11,120,304.18,240,304.31,80,304.41,40,304.45,80,304.57,40,304.58,120
2026-01-16 09:36:15,303.58,303.58,1,303.35,120,303.81,120,303.81,303.35,303.35,120,303.34,40,303.33,40,303.32,40,303.31,200,303.3,80,303.29,40,303.17,160,303.16,80,303.06,40,303.81,120,303.88,120,303.96,160,304.11,120,304.18,240,304.31,80,304.41,40,304.45,80,304.57,40,304.58,120
2026-01-16 09:36:16,303.58,303.58,1,303.35,120,303.81,120,303.81,303.35,303.35,120,303.34,40,303.33,40,303.32,40,303.31,200,303.3,80,303.29,40,303.17,160,303.16,80,303.06,40,303.81,120,303.88,120,303.96,160,304.11,120,304.18,240,304.31,80,304.41,40,304.45,80,304.57,40,304.58,120
2026-01-16 09:36:17,303.58,303.58,1,303.35,120,303.81,120,303.81,303.35,303.35,120,303.34,40,303.33,40,303.32,40,303.31,200,303.3,80,303.29,40,303.17,160,303.16,80,303.06,40,303.81,120,303.88,120,303.96,160,304.11,120,304.18,240,304.31,80,304.41,40,304.45,80,304.57,40,304.58,120
2026-01-16 09:36:18,303.58,303.58,1,303.35,120,303.81,120,303.81,303.35,303.35,120,303.34,40,303.33,40,303.32,40,303.31,200,303.3,80,303.29,40,303.17,160,303.16,80,303.06,40,303.81,120,303.88,120,303.96,160,304.11,120,304.18,240,304.31,80,304.41,40,304.45,80,304.57,40,304.58,120
2026-01-16 09:36:19,303.58,303.58,1,303.35,120,303.81,120,303.81,303.35,303.35,120,303.34,40,303.33,40,303.32,40,303.31,200,303.3,80,303.29,40,303.17,160,303.16,80,303.06,40,303.81,120,303.88,120,303.96,160,304.11,120,304.18,240,304.31,80,304.41,40,304.45,80,304.57,40,304.58,120
2026-01-16 09:36:20,303.55,303.56,1,303.35,120,303.75,40,303.75,303.35,303.35,120,303.34,40,303.33,40,303.32,40,303.31,200,303.3,80,303.29,40,303.17,160,303.16,80,303.06,40,303.75,40,303.81,160,303.88,120,303.96,160,304.11,120,304.18,240,304.31,80,304.41,40,304.45,80,304.57,40
2026-01-16 09:36:21,303.555,303.56,1,303.36,40,303.75,80,303.75,303.36,303.36,40,303.35,120,303.34,40,303.33,40,303.32,40,303.31,200,303.3,80,303.29,40,303.17,160,303.16,80,303.75,80,303.81,160,303.88,120,303.96,160,304.11,120,304.18,240,304.31,80,304.41,40,304.45,80,304.57,40
2026-01-16 09:36:22,303.555,303.56,1,303.36,40,303.75,80,303.75,303.36,303.36,40,303.35,120,303.34,40,303.33,40,303.32,40,303.31,200,303.3,80,303.29,40,303.17,160,303.16,80,303.75,80,303.81,160,303.88,120,303.96,160,304.11,120,304.18,240,304.31,80,304.41,40,304.45,80,304.57,40
2026-01-16 09:36:23,303.56,303.56,1,303.37,80,303.75,80,303.75,303.37,303.37,80,303.36,40,303.35,120,303.34,40,303.33,40,303.32,40,303.31,200,303.3,80,303.29,40,303.17,160,303.75,80,303.81,160,303.88,120,303.96,160,304.11,120,304.18,240,304.31,80,304.41,40,304.45,80,304.57,40
2026-01-16 09:36:25,303.56,303.56,1,303.37,80,303.75,80,303.75,303.37,303.37,80,303.36,40,303.35,120,303.34,40,303.33,40,303.32,40,303.31,200,303.3,80,303.29,40,303.17,160,303.75,80,303.81,160,303.88,120,303.96,160,304.11,120,304.18,240,304.31,80,304.41,40,304.45,80,304.57,40
2026-01-16 09:36:26,303.56,303.56,1,303.37,80,303.75,120,303.75,303.37,303.37,80,303.36,40,303.35,120,303.34,40,303.33,40,303.32,40,303.31,200,303.3,80,303.29,40,303.17,160,303.75,120,303.81,160,303.88,120,303.96,160,304.11,120,304.18,240,304.31,80,304.41,40,304.45,80,304.57,40
2026-01-16 09:36:27,303.56,303.56,1,303.37,80,303.75,120,303.75,303.37,303.37,80,303.36,40,303.35,120,303.34,40,303.33,40,303.32,40,303.31,200,303.3,80,303.29,40,303.17,160,303.75,120,303.81,160,303.88,120,303.96,160,304.11,120,304.18,240,304.31,80,304.41,40,304.45,80,304.57,40
2026-01-16 09:36:28,303.5,303.5,1,303.37,40,303.63,40,303.63,303.37,303.37,40,303.36,40,303.35,120,303.34,40,303.33,40,303.32,40,303.31,200,303.3,80,303.29,40,303.17,160,303.63,40,303.69,80,303.81,40,303.84,40,303.88,120,303.96,160,304.11,120,304.18,240,304.31,80,304.41,40
2026-01-16 09:36:29,303.495,303.5,1,303.36,40,303.63,40,303.63,303.36,303.36,40,303.35,120,303.34,40,303.33,40,303.32,40,303.31,200,303.3,80,303.29,40,303.17,160,303.16,80,303.63,40,303.69,80,303.81,40,303.84,40,303.88,120,303.96,160,304.11,120,304.18,240,304.31,80,304.41,40
2026-01-16 09:36:30,303.51,303.5,1,303.39,40,303.63,80,303.63,303.39,303.39,40,303.36,40,303.35,120,303.34,40,303.33,40,303.32,40,303.31,200,303.3,80,303.29,40,303.17,160,303.63,80,303.69,80,303.81,40,303.84,40,303.88,120,303.96,160,304.11,120,304.18,240,304.31,80,304.41,40
2026-01-16 09:36:31,303.51,303.5,1,303.39,40,303.63,80,303.63,303.39,303.39,40,303.36,40,303.35,120,303.34,40,303.33,40,303.32,40,303.31,200,303.3,80,303.29,40,303.17,160,303.63,80,303.69,80,303.81,40,303.84,40,303.88,120,303.96,160,304.11,120,304.18,240,304.31,80,304.41,40
2026-01-16 09:36:32,303.51,303.5,1,303.39,40,303.63,80,303.63,303.39,303.39,40,303.36,40,303.35,120,303.34,40,303.33,40,303.32,40,303.31,200,303.3,80,303.29,40,303.17,160,303.63,80,303.69,80,303.81,40,303.84,40,303.88,120,303.96,160,304.11,120,304.18,240,304.31,80,304.41,40
2026-01-16 09:36:33,303.51,303.5,1,303.39,40,303.63,80,303.63,303.39,303.39,40,303.36,40,303.35,120,303.34,40,303.33,40,303.32,40,303.31,200,303.3,80,303.29,40,303.17,160,303.63,80,303.69,80,303.81,40,303.84,40,303.88,120,303.96,160,304.11,120,304.18,240,304.31,80,304.41,40
2026-01-16 09:36:34,303.51,303.5,1,303.39,40,303.63,80,303.63,303.39,303.39,40,303.36,40,303.35,120,303.34,40,303.33,40,303.32,40,303.31,200,303.3,80,303.29,40,303.17,160,303.63,80,303.69,80,303.81,40,303.84,40,303.88,120,303.96,160,304.11,120,304.18,240,304.31,80,304.41,40
2026-01-16 09:36:35,303.6,303.63,2,303.39,120,303.81,40,303.81,303.39,303.39,120,303.36,40,303.35,120,303.34,40,303.33,40,303.32,40,303.31,200,303.3,80,303.29,40,303.17,160,303.81,40,303.84,80,303.88,120,303.96,160,304.11,120,304.18,240,304.31,80,304.41,40,304.45,80,304.57,40
2026-01-16 09:36:36,303.6,303.43,1,303.39,120,303.81,40,303.81,303.39,303.39,120,303.36,40,303.35,120,303.34,40,303.33,40,303.32,40,303.31,200,303.3,80,303.29,40,303.17,160,303.81,40,303.84,80,303.88,120,303.96,160,304.11,120,304.18,240,304.31,80,304.41,40,304.45,80,304.57,40
2026-01-16 09:36:37,303.67,303.67,1,303.53,40,303.81,40,303.81,303.53,303.53,40,303.39,120,303.36,40,303.35,120,303.34,40,303.33,40,303.32,40,303.31,200,303.3,80,303.29,40,303.81,40,303.84,80,303.88,120,303.96,160,304.11,120,304.18,240,304.31,80,304.41,40,304.45,80,304.57,40
2026-01-16 09:36:38,303.675,303.67,1,303.54,40,303.81,80,303.81,303.54,303.54,40,303.53,40,303.39,120,303.36,40,303.35,120,303.34,40,303.33,40,303.32,40,303.31,200,303.3,80,303.81,80,303.84,80,303.88,120,303.96,160,304.11,120,304.18,240,304.31,80,304.41,40,304.45,80,304.57,40
2026-01-16 09:36:39,303.68,303.67,1,303.55,40,303.81,120,303.81,303.55,303.55,40,303.54,40,303.53,40,303.39,120,303.36,40,303.35,120,303.34,40,303.33,40,303.32,40,303.31,200,303.81,120,303.84,80,303.88,120,303.96,160,304.11,120,304.18,240,304.31,80,304.41,40,304.45,80,304.57,40
2026-01-16 09:36:40,303.68,303.68,3,303.55,40,303.81,120,303.81,303.55,303.55,40,303.54,40,303.53,40,303.39,120,303.36,40,303.35,120,303.34,40,303.33,40,303.32,40,303.31,200,303.81,120,303.84,80,303.88,120,303.96,160,304.11,120,304.18,240,304.31,80,304.41,40,304.45,80,304.57,40
2026-01-16 09:36:41,303.68,303.68,3,303.55,40,303.81,120,303.81,303.55,303.55,40,303.54,40,303.53,40,303.39,120,303.36,40,303.35,120,303.34,40,303.33,40,303.32,40,303.31,200,303.81,120,303.84,80,303.88,120,303.96,160,304.11,120,304.18,240,304.31,80,304.41,40,304.45,80,304.57,40
2026-01-16 09:36:42,303.68,303.68,3,303.55,40,303.81,120,303.81,303.55,303.55,40,303.54,40,303.53,40,303.39,120,303.36,40,303.35,120,303.34,40,303.33,40,303.32,40,303.31,200,303.81,120,303.84,80,303.88,120,303.96,160,304.11,120,304.18,240,304.31,80,304.41,40,304.45,80,304.57,40
2026-01-16 09:36:43,303.68,303.62,1,303.55,40,303.81,120,303.81,303.55,303.55,40,303.54,40,303.53,40,303.39,120,303.36,40,303.35,120,303.34,40,303.33,40,303.32,40,303.31,200,303.81,120,303.84,80,303.88,120,303.96,160,304.11,120,304.18,240,304.31,80,304.41,40,304.45,80,304.57,40
2026-01-16 09:36:44,303.68,303.62,1,303.55,40,303.81,80,303.81,303.55,303.55,40,303.54,40,303.53,40,303.39,120,303.36,40,303.35,120,303.34,40,303.33,40,303.32,40,303.31,200,303.81,80,303.84,80,303.88,120,303.96,160,304.11,120,304.18,240,304.31,80,304.41,40,304.45,80,304.57,40
2026-01-16 09:36:45,303.68,303.62,1,303.55,40,303.81,80,303.81,303.55,303.55,40,303.54,40,303.53,40,303.39,120,303.36,40,303.35,120,303.34,40,303.33,40,303.32,40,303.31,200,303.81,80,303.84,80,303.88,120,303.96,160,304.11,120,304.18,240,304.31,80,304.41,40,304.45,80,304.57,40
2026-01-16 09:36:46,303.68,303.62,1,303.55,40,303.81,80,303.81,303.55,303.55,40,303.54,40,303.53,40,303.39,120,303.36,40,303.35,120,303.34,40,303.33,40,303.32,40,303.31,200,303.81,80,303.84,80,303.88,120,303.96,160,304.11,120,304.18,240,304.31,80,304.41,40,304.45,80,304.57,40
2026-01-16 09:36:47,303.68,303.62,1,303.55,40,303.81,80,303.81,303.55,303.55,40,303.54,40,303.53,40,303.39,120,303.36,40,303.35,120,303.34,40,303.33,40,303.32,40,303.31,200,303.81,80,303.84,80,303.88,120,303.96,160,304.11,120,304.18,240,304.31,80,304.41,40,304.45,80,304.57,40
