sim_time,mid_price,last_price,last_size,best_bid_price,best_bid_size,best_ask_price,best_ask_size,close_price_buy,close_price_sell,bid1_price,bid1_size,bid2_price,bid2_size,bid3_price,bid3_size,bid4_price,bid4_size,bid5_price,bid5_size,bid6_price,bid6_size,bid7_price,bid7_size,bid8_price,bid8_size,bid9_price,bid9_size,bid10_price,bid10_size,ask1_price,ask1_size,ask2_price,ask2_size,ask3_price,ask3_size,ask4_price,ask4_size,ask5_price,ask5_size,ask6_price,ask6_size,ask7_price,ask7_size,ask8_price,ask8_size,ask9_price,ask9_size,ask10_price,ask10_size
2026-01-16 09:30:36,219.23,219.15,1,219.06,200,219.4,100,219.4,219.06,219.06,200,219.05,100,218.97,100,218.96,100,218.93,200,218.51,400,218.49,400,,,,,,,219.4,100,,,,,,,,,,,,,,,,,,
2026-01-16 09:30:37,219.23,219.15,1,219.06,200,219.4,100,219.4,219.06,219.06,200,219.05,100,218.97,100,218.96,100,218.93,200,218.51,400,218.49,400,,,,,,,219.4,100,,,,,,,,,,,,,,,,,,
2026-01-16 09:30:38,219.23,219.15,1,219.06,200,219.4,100,219.4,219.06,219.06,200,219.05,100,218.97,100,218.96,100,218.93,200,218.51,400,218.49,400,,,,,,,219.4,100,,,,,,,,,,,,,,,,,,
2026-01-16 09:30:38,219.23,219.15,1,219.06,200,219.4,100,219.4,219.06,219.06,200,219.05,100,218.97,100,218.96,100,218.93,200,218.51,400,218.49,400,,,,,,,219.4,100,,,,,,,,,,,,,,,,,,
2026-01-16 09:30:39,219.23,219.15,1,219.06,200,219.4,100,219.4,219.06,219.06,200,219.05,100,218.97,100,218.96,100,218.93,200,218.51,400,218.49,400,,,,,,,219.4,100,,,,,,,,,,,,,,,,,,
2026-01-16 09:30:39,219.23,219.15,1,219.06,200,219.4,100,219.4,219.06,219.06,200,219.05,100,218.97,100,218.96,100,218.93,200,218.51,400,218.49,400,,,,,,,219.4,100,,,,,,,,,,,,,,,,,,
2026-01-16 09:30:41,219.23,219.15,1,219.06,200,219.4,100,219.4,219.06,219.06,200,219.05,100,218.97,100,218.96,100,218.93,200,218.51,400,218.49,400,,,,,,,219.4,100,,,,,,,,,,,,,,,,,,
2026-01-16 09:30:43,219.23,219.34,1,219.06,200,219.4,100,219.4,219.06,219.06,200,219.05,100,218.97,100,218.96,100,218.93,200,218.51,400,218.49,400,,,,,,,219.4,100,,,,,,,,,,,,,,,,,,
2026-01-16 09:30:44,219.23,219.34,1,219.06,200,219.4,100,219.4,219.06,219.06,200,219.05,100,218.97,100,218.96,100,218.93,200,218.51,400,218.49,400,,,,,,,219.4,100,,,,,,,,,,,,,,,,,,
2026-01-16 09:30:45,219.23,219.34,1,219.06,200,219.4,100,219.4,219.06,219.06,200,219.05,100,218.97,100,218.96,100,218.93,200,218.51,400,218.49,400,,,,,,,219.4,100,,,,,,,,,,,,,,,,,,
2026-01-16 09:30:46,219.23,219.23,1,219.06,200,219.4,100,219.4,219.06,219.06,200,219.05,100,218.97,100,218.96,100,218.93,200,218.51,400,218.49,400,,,,,,,219.4,100,,,,,,,,,,,,,,,,,,
2026-01-16 09:30:47,219.23,219.23,1,219.06,200,219.4,100,219.4,219.06,219.06,200,219.05,100,218.97,100,218.96,100,218.93,200,218.51,400,218.49,400,,,,,,,219.4,100,,,,,,,,,,,,,,,,,,
2026-01-16 09:30:48,219.23,219.23,1,219.06,200,219.4,100,219.4,219.06,219.06,200,219.05,100,218.97,100,218.96,100,218.93,200,218.51,400,218.49,400,,,,,,,219.4,100,,,,,,,,,,,,,,,,,,
2026-01-16 09:30:49,219.23,219.23,1,219.06,200,219.4,100,219.4,219.06,219.06,200,219.05,100,218.97,100,218.96,100,218.93,200,218.51,400,218.49,400,,,,,,,219.4,100,,,,,,,,,,,,,,,,,,
2026-01-16 09:30:50,219.23,219.23,1,219.06,200,219.4,100,219.4,219.06,219.06,200,219.05,100,218.97,100,218.96,100,218.93,200,218.51,400,218.49,400,,,,,,,219.4,100,,,,,,,,,,,,,,,,,,
2026-01-16 09:30:51,219.23,219.23,1,219.06,200,219.4,100,219.4,219.06,219.06,200,219.05,100,218.97,100,218.96,100,218.93,200,218.51,400,218.49,400,,,,,,,219.4,100,,,,,,,,,,,,,,,,,,
2026-01-16 09:30:52,219.23,219.23,1,219.06,200,219.4,100,219.4,219.06,219.06,200,219.05,100,218.97,100,218.96,100,218.93,200,218.51,400,218.49,400,,,,,,,219.4,100,,,,,,,,,,,,,,,,,,
2026-01-16 09:30:53,219.23,219.23,1,219.06,200,219.4,100,219.4,219.06,219.06,200,219.05,100,218.97,100,218.96,100,218.93,200,218.51,400,218.49,400,,,,,,,219.4,100,,,,,,,,,,,,,,,,,,
2026-01-16 09:30:54,219.23,219.23,1,219.06,200,219.4,100,219.4,219.06,219.06,200,219.05,100,218.97,100,218.96,100,218.93,200,218.51,400,218.49,400,,,,,,,219.4,100,,,,,,,,,,,,,,,,,,
2026-01-16 09:30:55,219.23,219.23,1,219.06,200,219.4,100,219.4,219.06,219.06,200,219.05,100,218.97,100,218.96,100,218.93,200,218.51,400,218.49,400,,,,,,,219.4,100,,,,,,,,,,,,,,,,,,
2026-01-16 09:30:56,219.23,219.23,1,219.06,200,219.4,100,219.4,219.06,219.06,200,219.05,100,218.97,100,218.96,100,218.93,200,218.51,400,218.49,400,,,,,,,219.4,100,,,,,,,,,,,,,,,,,,
2026-01-16 09:30:57,219.23,219.23,1,219.06,200,219.4,100,219.4,219.06,219.06,200,219.05,100,218.97,100,218.96,100,218.93,200,218.51,400,218.49,400,,,,,,,219.4,100,,,,,,,,,,,,,,,,,,
2026-01-16 09:30:58,219.23,219.23,1,219.06,200,219.4,100,219.4,219.06,219.06,200,219.05,100,218.97,100,218.96,100,218.93,200,218.51,400,218.49,400,,,,,,,219.4,100,,,,,,,,,,,,,,,,,,
2026-01-16 09:30:59,219.23,219.23,1,219.06,200,219.4,100,219.4,219.06,219.06,200,219.05,100,218.97,100,218.96,100,218.93,200,218.51,400,218.49,400,,,,,,,219.4,100,,,,,,,,,,,,,,,,,,
2026-01-16 09:31:00,219.23,219.23,1,219.06,200,219.4,100,219.4,219.06,219.06,200,219.05,100,218.97,100,218.96,100,218.93,200,218.51,400,218.49,400,,,,,,,219.4,100,,,,,,,,,,,,,,,,,,
2026-01-16 09:31:01,219.23,219.23,1,219.06,200,219.4,100,219.4,219.06,219.06,200,219.05,100,218.97,100,218.96,100,218.93,200,218.51,400,218.49,400,,,,,,,219.4,100,,,,,,,,,,,,,,,,,,
2026-01-16 09:31:02,219.23,219.23,1,219.06,200,219.4,100,219.4,219.06,219.06,200,219.05,100,218.97,100,218.96,100,218.93,200,218.51,400,218.49,400,,,,,,,219.4,100,,,,,,,,,,,,,,,,,,
2026-01-16 09:31:03,219.23,219.23,1,219.06,200,219.4,100,219.4,219.06,219.06,200,219.05,100,218.97,100,218.96,100,218.93,200,218.51,400,218.49,400,,,,,,,219.4,100,,,,,,,,,,,,,,,,,,
2026-01-16 09:31:04,219.23,219.23,1,219.06,200,219.4,100,219.4,219.06,219.06,200,219.05,100,218.97,100,218.96,100,218.93,200,218.51,400,218.49,400,,,,,,,219.4,100,,,,,,,,,,,,,,,,,,
2026-01-16 09:31:05,219.23,219.24,1,219.06,300,219.4,100,219.4,219.06,219.06,300,219.05,100,218.97,100,218.96,100,218.93,200,218.51,400,218.49,400,,,,,,,219.4,100,,,,,,,,,,,,,,,,,,
2026-01-16 09:31:06,219.235,219.09,1,219.07,200,219.4,100,219.4,219.07,219.07,200,219.06,300,219.05,100,218.97,100,218.96,100,218.93,200,218.51,400,218.49,400,,,,,219.4,100,,,,,,,,,,,,,,,,,,
2026-01-16 09:31:07,219.415,219.37,1,219.25,100,219.58,100,219.58,219.25,219.25,100,219.24,300,219.14,100,219.09,200,219.08,100,219.07,300,219.06,300,219.05,100,218.97,100,218.96,100,219.58,100,219.61,400,,,,,,,,,,,,,,,,
2026-01-16 09:31:08,219.43,219.43,1,219.25,100,219.61,200,219.61,219.25,219.25,100,219.21,100,219.13,100,219.09,200,219.08,100,219.07,300,219.06,300,219.05,100,218.97,100,218.96,100,219.61,200,,,,,,,,,,,,,,,,,,
2026-01-16 09:31:09,219.43,219.43,1,219.25,100,219.61,200,219.61,219.25,219.25,100,219.21,100,219.13,100,219.09,200,219.08,100,219.07,300,219.06,300,219.05,100,218.97,100,218.96,100,219.61,200,,,,,,,,,,,,,,,,,,
2026-01-16 09:31:10,219.43,219.43,1,219.25,100,219.61,200,219.61,219.25,219.25,100,219.21,100,219.13,100,219.09,200,219.08,100,219.07,300,219.06,300,219.05,100,218.97,100,218.96,100,219.61,200,,,,,,,,,,,,,,,,,,
2026-01-16 09:31:11,219.62,219.58,2,219.44,200,219.8,200,219.8,219.44,219.44,200,219.26,100,219.25,200,219.21,100,219.13,100,219.09,200,219.08,100,219.07,300,219.06,300,219.05,100,219.8,200,,,,,,,,,,,,,,,,,,
2026-01-16 09:31:12,219.62,219.58,2,219.44,200,219.8,200,219.8,219.44,219.44,200,219.26,100,219.25,200,219.21,100,219.13,100,219.09,200,219.08,100,219.07,300,219.06,300,219.05,100,219.8,200,,,,,,,,,,,,,,,,,,
2026-01-16 09:31:13,219.62,219.64,2,219.44,200,219.8,200,219.8,219.44,219.44,200,219.26,100,219.25,200,219.21,100,219.13,100,219.09,200,219.08,100,219.07,300,219.06,300,219.05,100,219.8,200,,,,,,,,,,,,,,,,,,
2026-01-16 09:31:14,219.62,219.64,2,219.44,200,219.8,200,219.8,219.44,219.44,200,219.26,100,219.25,200,219.21,100,219.13,100,219.09,200,219.08,100,219.07,300,219.06,300,219.05,100,219.8,200,,,,,,,,,,,,,,,,,,
2026-01-16 09:31:15,219.62,219.64,2,219.44,200,219.8,200,219.8,219.44,219.44,200,219.26,100,219.25,200,219.21,100,219.13,100,219.09,200,219.08,100,219.07,300,219.06,300,219.05,100,219.8,200,,,,,,,,,,,,,,,,,,
2026-01-16 09:31:16,219.62,219.64,2,219.44,200,219.8,200,219.8,219.44,219.44,200,219.26,100,219.25,200,219.21,100,219.13,100,219.09,200,219.08,100,219.07,300,219.06,300,219.05,100,219.8,200,,,,,,,,,,,,,,,,,,
2026-01-16 09:31:17,219.62,219.64,2,219.44,200,219.8,200,219.8,219.44,219.44,200,219.26,100,219.25,200,219.21,100,219.13,100,219.09,200,219.08,100,219.07,300,219.06,300,219.05,100,219.8,200,,,,,,,,,,,,,,,,,,
2026-01-16 09:31:18,219.62,219.64,2,219.44,200,219.8,200,219.8,219.44,219.44,200,219.26,100,219.25,200,219.21,100,219.13,100,219.09,200,219.08,100,219.07,300,219.06,300,219.05,100,219.8,200,,,,,,,,,,,,,,,,,,
2026-01-16 09:31:19,219.675,219.67,5,219.55,100,219.8,200,219.8,219.55,219.55,100,219.43,100,219.26,100,219.25,200,219.21,100,219.13,100,219.09,200,219.08,100,219.07,300,219.06,300,219.8,200,,,,,,,,,,,,,,,,,,
2026-01-16 09:31:20,219.78,219.89,1,219.66,200,219.9,1400,219.9,219.66,219.66,200,219.55,300,219.43,100,219.26,100,219.25,200,219.21,100,219.13,100,219.09,200,219.08,100,219.07,300,219.9,1400,,,,,,,,,,,,,,,,,,
2026-01-16 09:31:21,219.78,219.78,2,219.66,300,219.9,1400,219.9,219.66,219.66,300,219.55,300,219.43,100,219.26,100,219.25,200,219.21,100,219.13,100,219.09,200,219.08,100,219.07,300,219.9,1400,,,,,,,,,,,,,,,,,,
2026-01-16 09:31:22,219.78,219.78,2,219.66,300,219.9,1400,219.9,219.66,219.66,300,219.55,300,219.43,100,219.26,100,219.25,200,219.21,100,219.13,100,219.09,200,219.08,100,219.07,300,219.9,1400,,,,,,,,,,,,,,,,,,
2026-01-16 09:31:23,219.78,219.78,2,219.66,200,219.9,1400,219.9,219.66,219.66,200,219.55,300,219.43,100,219.26,100,219.25,200,219.21,100,219.13,100,219.09,200,219.08,100,219.07,300,219.9,1400,,,,,,,,,,,,,,,,,,
2026-01-16 09:31:24,219.78,219.78,2,219.66,200,219.9,1400,219.9,219.66,219.66,200,219.55,300,219.43,100,219.26,100,219.25,200,219.21,100,219.13,100,219.09,200,219.08,100,219.07,300,219.9,1400,,,,,,,,,,,,,,,,,,
2026-01-16 09:31:25,219.78,219.9,1,219.66,200,219.9,1400,219.9,219.66,219.66,200,219.55,300,219.43,100,219.26,100,219.25,200,219.21,100,219.13,100,219.09,200,219.08,100,219.07,300,219.9,1400,,,,,,,,,,,,,,,,,,
2026-01-16 09:31:26,219.78,219.9,1,219.66,200,219.9,1400,219.9,219.66,219.66,200,219.55,300,219.43,100,219.26,100,219.25,200,219.21,100,219.13,100,219.09,200,219.08,100,219.07,300,219.9,1400,,,,,,,,,,,,,,,,,,
2026-01-16 09:31:27,219.78,219.9,1,219.66,200,219.9,1400,219.9,219.66,219.66,200,219.55,300,219.43,100,219.26,100,219.25,200,219.21,100,219.13,100,219.09,200,219.08,100,219.07,300,219.9,1400,,,,,,,,,,,,,,,,,,
2026-01-16 09:31:28,219.78,219.9,1,219.66,200,219.9,1400,219.9,219.66,219.66,200,219.55,300,219.43,100,219.26,100,219.25,200,219.21,100,219.13,100,219.09,200,219.08,100,219.07,300,219.9,1400,,,,,,,,,,,,,,,,,,
2026-01-16 09:31:29,219.865,219.87,3,219.77,300,219.96,4400,219.96,219.77,219.77,300,219.67,100,219.66,200,219.55,300,219.43,100,219.26,100,219.25,200,219.21,100,219.13,100,219.09,200,219.96,4400,,,,,,,,,,,,,,,,,,
2026-01-16 09:31:30,219.865,219.96,2,219.77,500,219.96,4300,219.96,219.77,219.77,500,219.67,100,219.66,200,219.55,300,219.43,100,219.26,100,219.25,200,219.21,100,219.13,100,219.09,200,219.96,4300,,,,,,,,,,,,,,,,,,
2026-01-16 09:31:31,219.865,219.96,2,219.77,500,219.96,4300,219.96,219.77,219.77,500,219.67,100,219.66,200,219.55,300,219.43,100,219.26,100,219.25,200,219.21,100,219.13,100,219.09,200,219.96,4300,,,,,,,,,,,,,,,,,,
2026-01-16 09:31:32,219.865,219.96,1,219.77,500,219.96,4300,219.96,219.77,219.77,500,219.67,100,219.66,200,219.55,300,219.43,100,219.26,100,219.25,200,219.21,100,219.13,100,219.09,200,219.96,4300,,,,,,,,,,,,,,,,,,
2026-01-16 09:31:33,219.865,219.96,1,219.77,500,219.96,4300,219.96,219.77,219.77,500,219.67,100,219.66,200,219.55,300,219.43,100,219.26,100,219.25,200,219.21,100,219.13,100,219.09,200,219.96,4300,,,,,,,,,,,,,,,,,,
2026-01-16 09:31:34,219.865,219.96,1,219.77,500,219.96,4300,219.96,219.77,219.77,500,219.67,100,219.66,200,219.55,300,219.43,100,219.26,100,219.25,200,219.21,100,219.13,100,219.09,200,219.96,4300,,,,,,,,,,,,,,,,,,
2026-01-16 09:31:35,219.865,219.96,1,219.77,500,219.96,4300,219.96,219.77,219.77,500,219.67,100,219.66,200,219.55,300,219.43,100,219.26,100,219.25,200,219.21,100,219.13,100,219.09,200,219.96,4300,,,,,,,,,,,,,,,,,,
2026-01-16 09:31:36,219.865,219.96,1,219.77,500,219.96,4300,219.96,219.77,219.77,500,219.67,100,219.66,200,219.55,300,219.43,100,219.26,100,219.25,200,219.21,100,219.13,100,219.09,200,219.96,4300,,,,,,,,,,,,,,,,,,
2026-01-16 09:31:37,219.865,219.96,1,219.77,500,219.96,4300,219.96,219.77,219.77,500,219.67,100,219.66,200,219.55,300,219.43,100,219.26,100,219.25,200,219.21,100,219.13,100,219.09,200,219.96,4300,,,,,,,,,,,,,,,,,,
2026-01-16 09:31:38,219.865,219.79,1,219.77,500,219.96,4300,219.96,219.77,219.77,500,219.67,100,219.66,200,219.55,300,219.43,100,219.26,100,219.25,200,219.21,100,219.13,100,219.09,200,219.96,4300,,,,,,,,,,,,,,,,,,
2026-01-16 09:31:39,219.865,219.79,1,219.77,500,219.96,4300,219.96,219.77,219.77,500,219.67,100,219.66,200,219.55,300,219.43,100,219.26,100,219.25,200,219.21,100,219.13,100,219.09,200,219.96,4300,,,,,,,,,,,,,,,,,,
2026-01-16 09:31:40,219.865,219.86,2,219.77,500,219.96,4300,219.96,219.77,219.77,500,219.67,100,219.66,200,219.55,300,219.43,100,219.26,100,219.25,200,219.21,100,219.13,100,219.09,200,219.96,4300,,,,,,,,,,,,,,,,,,
2026-01-16 09:31:41,219.885,219.86,2,219.81,100,219.96,4300,219.96,219.81,219.81,100,219.77,700,219.67,100,219.66,200,219.55,300,219.43,100,219.26,100,219.25,200,219.21,100,219.13,100,219.96,4300,,,,,,,,,,,,,,,,,,
2026-01-16 09:31:42,219.905,219.99,1,219.81,300,220.0,1800,220.0,219.81,219.81,300,219.77,700,219.67,100,219.66,200,219.55,300,219.43,100,219.26,100,219.25,200,219.21,100,219.13,100,220.0,1800,,,,,,,,,,,,,,,,,,
2026-01-16 09:31:43,219.905,219.99,1,219.81,500,220.0,1800,220.0,219.81,219.81,500,219.77,700,219.67,100,219.66,200,219.55,300,219.43,100,219.26,100,219.25,200,219.21,100,219.13,100,220.0,1800,,,,,,,,,,,,,,,,,,
2026-01-16 09:31:44,219.905,219.99,1,219.81,500,220.0,1800,220.0,219.81,219.81,500,219.77,700,219.67,100,219.66,200,219.55,300,219.43,100,219.26,100,219.25,200,219.21,100,219.13,100,220.0,1800,,,,,,,,,,,,,,,,,,
2026-01-16 09:31:45,219.925,220.0,1,219.85,200,220.0,500,220.0,219.85,219.85,200,219.84,100,219.81,600,219.77,700,219.67,100,219.66,200,219.55,300,219.43,100,219.26,100,219.25,200,220.0,500,220.05,100,,,,,,,,,,,,,,,,
2026-01-16 09:31:46,219.925,220.0,1,219.85,300,220.0,400,220.0,219.85,219.85,300,219.84,100,219.81,600,219.77,700,219.67,100,219.66,200,219.55,300,219.43,100,219.26,100,219.25,200,220.0,400,220.05,100,,,,,,,,,,,,,,,,
2026-01-16 09:31:47,219.925,220.0,1,219.85,300,220.0,400,220.0,219.85,219.85,300,219.84,100,219.81,600,219.77,700,219.67,100,219.66,200,219.55,300,219.43,100,219.26,100,219.25,200,220.0,400,220.05,100,,,,,,,,,,,,,,,,
2026-01-16 09:31:48,219.925,219.93,1,219.85,400,220.0,500,220.0,219.85,219.85,400,219.84,100,219.81,600,219.77,700,219.67,100,219.66,200,219.55,300,219.43,100,219.26,100,219.25,200,220.0,500,220.05,100,,,,,,,,,,,,,,,,
2026-01-16 09:31:49,219.925,219.89,1,219.85,600,220.0,500,220.0,219.85,219.85,600,219.84,100,219.81,600,219.77,700,219.67,100,219.66,200,219.55,300,219.43,100,219.26,100,219.25,200,220.0,500,220.05,100,,,,,,,,,,,,,,,,
2026-01-16 09:31:50,219.925,219.93,2,219.85,600,220.0,400,220.0,219.85,219.85,600,219.84,100,219.81,600,219.77,700,219.67,100,219.66,200,219.55,300,219.43,100,219.26,100,219.25,200,220.0,400,220.05,100,,,,,,,,,,,,,,,,
2026-01-16 09:31:51,219.925,219.93,2,219.85,600,220.0,400,220.0,219.85,219.85,600,219.84,100,219.81,600,219.77,700,219.67,100,219.66,200,219.55,300,219.43,100,219.26,100,219.25,200,220.0,400,220.05,100,,,,,,,,,,,,,,,,
2026-01-16 09:31:52,219.925,219.99,1,219.85,600,220.0,500,220.0,219.85,219.85,600,219.84,100,219.81,600,219.77,700,219.67,100,219.66,200,219.55,300,219.43,100,219.26,100,219.25,200,220.0,500,220.05,100,,,,,,,,,,,,,,,,
2026-01-16 09:31:53,219.94,220.0,1,219.88,100,220.0,500,220.0,219.88,219.88,100,219.85,500,219.84,100,219.81,600,219.77,700,219.67,100,219.66,200,219.55,300,219.43,100,219.26,100,220.0,500,220.05,100,,,,,,,,,,,,,,,,
2026-01-16 09:31:54,219.925,220.0,1,219.85,500,220.0,500,220.0,219.85,219.85,500,219.84,100,219.81,600,219.77,700,219.67,100,219.66,200,219.55,300,219.43,100,219.26,100,219.25,200,220.0,500,220.05,100,,,,,,,,,,,,,,,,
2026-01-16 09:31:55,219.925,220.0,4,219.85,500,220.0,500,220.0,219.85,219.85,500,219.84,100,219.81,600,219.77,700,219.67,100,219.66,200,219.55,300,219.43,100,219.26,100,219.25,200,220.0,500,220.05,100,,,,,,,,,,,,,,,,
2026-01-16 09:31:56,219.925,220.0,1,219.85,500,220.0,500,220.0,219.85,219.85,500,219.84,100,219.81,600,219.77,700,219.67,100,219.66,200,219.55,300,219.43,100,219.26,100,219.25,200,220.0,500,220.05,100,,,,,,,,,,,,,,,,
2026-01-16 09:31:57,219.915,219.86,1,219.85,500,219.98,100,219.98,219.85,219.85,500,219.84,100,219.81,600,219.77,700,219.67,100,219.66,200,219.55,300,219.43,100,219.26,100,219.25,200,219.98,100,220.0,500,220.05,100,,,,,,,,,,,,,,
2026-01-16 09:31:58,219.91,219.91,1,219.84,200,219.98,200,219.98,219.84,219.84,200,219.81,600,219.77,700,219.67,100,219.66,200,219.55,300,219.43,100,219.26,100,219.25,200,219.21,100,219.98,200,220.0,500,220.05,100,,,,,,,,,,,,,,
2026-01-16 09:31:59,219.91,219.91,1,219.84,200,219.98,200,219.98,219.84,219.84,200,219.81,600,219.77,700,219.67,100,219.66,200,219.55,300,219.43,100,219.26,100,219.25,200,219.21,100,219.98,200,220.0,500,220.05,100,,,,,,,,,,,,,,
2026-01-16 09:32:00,219.92,219.97,1,219.84,300,220.0,400,220.0,219.84,219.84,300,219.81,600,219.77,700,219.67,100,219.66,200,219.55,300,219.43,100,219.26,100,219.25,200,219.21,100,220.0,400,220.05,100,,,,,,,,,,,,,,,,
2026-01-16 09:32:01,219.925,219.97,1,219.85,200,220.0,400,220.0,219.85,219.85,200,219.84,300,219.81,600,219.77,700,219.67,100,219.66,200,219.55,300,219.43,100,219.26,100,219.25,200,220.0,400,220.05,100,,,,,,,,,,,,,,,,
2026-01-16 09:32:02,219.925,219.97,1,219.85,300,220.0,400,220.0,219.85,219.85,300,219.84,300,219.81,600,219.77,700,219.67,100,219.66,200,219.55,300,219.43,100,219.26,100,219.25,200,220.0,400,220.05,100,,,,,,,,,,,,,,,,
2026-01-16 09:32:03,219.925,219.97,1,219.85,300,220.0,400,220.0,219.85,219.85,300,219.84,300,219.81,600,219.77,700,219.67,100,219.66,200,219.55,300,219.43,100,219.26,100,219.25,200,220.0,400,220.05,100,,,,,,,,,,,,,,,,
2026-01-16 09:32:04,219.92,219.97,1,219.84,300,220.0,400,220.0,219.84,219.84,300,219.81,600,219.77,700,219.67,100,219.66,200,219.55,300,219.43,100,219.26,100,219.25,200,219.21,100,220.0,400,220.05,100,,,,,,,,,,,,,,,,
2026-01-16 09:32:05,219.91,219.91,1,219.84,300,219.98,100,219.98,219.84,219.84,300,219.81,600,219.77,700,219.67,100,219.66,200,219.55,300,219.43,100,219.26,100,219.25,200,219.21,100,219.98,100,220.0,500,220.05,100,,,,,,,,,,,,,,
2026-01-16 09:32:06,219.65,219.65,1,219.32,400,219.98,200,219.98,219.32,219.32,400,219.26,100,219.25,200,219.21,100,219.13,100,219.09,200,219.08,100,219.07,300,219.06,300,219.05,100,219.98,200,220.0,500,220.05,100,,,,,,,,,,,,,,
2026-01-16 09:32:07,219.65,219.65,1,219.32,500,219.98,300,219.98,219.32,219.32,500,219.26,100,219.25,200,219.21,100,219.13,100,219.09,200,219.08,100,219.07,300,219.06,300,219.05,100,219.98,300,220.0,500,220.05,100,,,,,,,,,,,,,,
2026-01-16 09:32:08,219.65,219.65,1,219.32,500,219.98,300,219.98,219.32,219.32,500,219.26,100,219.25,200,219.21,100,219.13,100,219.09,200,219.08,100,219.07,300,219.06,300,219.05,100,219.98,300,220.0,500,220.05,100,,,,,,,,,,,,,,
2026-01-16 09:32:09,219.65,219.33,1,219.32,400,219.98,300,219.98,219.32,219.32,400,219.26,100,219.25,200,219.21,100,219.13,100,219.09,200,219.08,100,219.07,300,219.06,300,219.05,100,219.98,300,220.0,500,220.05,100,,,,,,,,,,,,,,
2026-01-16 09:32:10,219.6,219.33,1,219.32,500,219.88,100,219.88,219.32,219.32,500,219.26,100,219.25,200,219.21,100,219.13,100,219.09,200,219.08,100,219.07,300,219.06,300,219.05,100,219.88,100,219.98,300,220.0,500,220.05,100,,,,,,,,,,,,
2026-01-16 09:32:11,219.65,219.33,1,219.32,400,219.98,300,219.98,219.32,219.32,400,219.26,100,219.25,200,219.21,100,219.13,100,219.09,200,219.08,100,219.07,300,219.06,300,219.05,100,219.98,300,220.0,500,220.05,100,,,,,,,,,,,,,,
2026-01-16 09:32:12,219.65,219.4,1,219.32,400,219.98,300,219.98,219.32,219.32,400,219.26,100,219.25,200,219.21,100,219.13,100,219.09,200,219.08,100,219.07,300,219.06,300,219.05,100,219.98,300,220.0,500,220.05,100,,,,,,,,,,,,,,
2026-01-16 09:32:13,219.65,219.4,1,219.32,400,219.98,300,219.98,219.32,219.32,400,219.26,100,219.25,200,219.21,100,219.13,100,219.09,200,219.08,100,219.07,300,219.06,300,219.05,100,219.98,300,220.0,500,220.05,100,,,,,,,,,,,,,,
2026-01-16 09:32:14,219.655,219.4,1,219.33,100,219.98,300,219.98,219.33,219.33,100,219.32,500,219.26,100,219.25,200,219.21,100,219.13,100,219.09,200,219.08,100,219.07,300,219.06,300,219.98,300,220.0,500,220.05,100,,,,,,,,,,,,,,
2026-01-16 09:32:15,219.69,219.4,1,219.4,100,219.98,300,219.98,219.4,219.4,100,219.34,100,219.33,100,219.32,500,219.26,100,219.25,200,219.21,100,219.13,100,219.09,200,219.08,100,219.98,300,220.0,500,220.05,100,,,,,,,,,,,,,,
2026-01-16 09:32:16,219.69,219.4,1,219.4,100,219.98,300,219.98,219.4,219.4,100,219.34,100,219.33,100,219.32,500,219.26,100,219.25,200,219.21,100,219.13,100,219.09,200,219.08,100,219.98,300,220.0,500,220.05,100,,,,,,,,,,,,,,
2026-01-16 09:32:17,219.655,219.4,1,219.33,200,219.98,300,219.98,219.33,219.33,200,219.32,500,219.26,100,219.25,200,219.21,100,219.13,100,219.09,200,219.08,100,219.07,300,219.06,300,219.98,300,220.0,500,220.05,100,,,,,,,,,,,,,,
2026-01-16 09:32:18,219.655,219.66,1,219.33,200,219.98,300,219.98,219.33,219.33,200,219.32,500,219.26,100,219.25,200,219.21,100,219.13,100,219.09,200,219.08,100,219.07,300,219.06,300,219.98,300,220.0,500,220.05,100,,,,,,,,,,,,,,
2026-01-16 09:32:19,219.655,219.66,1,219.33,200,219.98,300,219.98,219.33,219.33,200,219.32,500,219.26,100,219.25,200,219.21,100,219.13,100,219.09,200,219.08,100,219.07,300,219.06,300,219.98,300,220.0,500,220.05,100,,,,,,,,,,,,,,
2026-01-16 09:32:20,219.69,219.66,1,219.4,100,219.98,300,219.98,219.4,219.4,100,219.33,200,219.32,500,219.26,100,219.25,200,219.21,100,219.13,100,219.09,200,219.08,100,219.07,300,219.98,300,220.0,500,220.05,100,,,,,,,,,,,,,,
2026-01-16 09:32:21,219.69,219.66,1,219.4,100,219.98,300,219.98,219.4,219.4,100,219.33,200,219.32,500,219.26,100,219.25,200,219.21,100,219.13,100,219.09,200,219.08,100,219.07,300,219.98,300,220.0,500,220.05,100,,,,,,,,,,,,,,
2026-01-16 09:32:22,219.63,219.66,1,219.33,200,219.93,100,219.93,219.33,219.33,200,219.32,500,219.26,100,219.25,200,219.21,100,219.13,100,219.09,200,219.08,100,219.07,300,219.06,300,219.93,100,219.94,100,219.95,100,219.98,400,220.0,500,220.05,100,,,,,,,,
2026-01-16 09:32:24,219.58,219.66,1,219.31,100,219.85,100,219.85,219.31,219.31,100,219.26,100,219.25,200,219.21,100,219.13,100,219.09,200,219.08,100,219.07,300,219.06,300,219.05,100,219.85,100,219.93,100,219.94,100,219.95,100,219.98,400,220.0,500,220.05,100,,,,,,
2026-01-16 09:32:25,219.635,219.66,1,219.31,200,219.96,100,219.96,219.31,219.31,200,219.26,100,219.25,200,219.21,100,219.13,100,219.09,200,219.08,100,219.07,300,219.06,300,219.05,100,219.96,100,219.98,400,220.0,500,220.05,100,,,,,,,,,,,,
2026-01-16 09:32:26,219.625,219.66,1,219.31,100,219.94,100,219.94,219.31,219.31,100,219.26,100,219.25,200,219.21,100,219.13,100,219.09,200,219.08,100,219.07,300,219.06,300,219.05,100,219.94,100,219.96,100,219.98,400,220.0,500,220.05,100,,,,,,,,,,
2026-01-16 09:32:26,219.665,219.66,1,219.36,100,219.97,100,219.97,219.36,219.36,100,219.33,100,219.32,100,219.31,100,219.26,100,219.25,200,219.21,100,219.13,100,219.09,200,219.08,100,219.97,100,219.98,400,220.0,500,220.05,100,,,,,,,,,,,,
2026-01-16 09:32:28,219.73,219.66,1,219.48,100,219.98,300,219.98,219.48,219.48,100,219.47,100,219.36,100,219.33,100,219.32,100,219.31,100,219.26,100,219.25,200,219.21,100,219.13,100,219.98,300,220.0,500,220.05,100,,,,,,,,,,,,,,
2026-01-16 09:32:29,219.73,219.66,1,219.48,100,219.98,300,219.98,219.48,219.48,100,219.47,100,219.36,100,219.33,100,219.32,100,219.31,100,219.26,100,219.25,200,219.21,100,219.13,100,219.98,300,220.0,500,220.05,100,,,,,,,,,,,,,,
2026-01-16 09:32:30,219.73,219.66,1,219.48,100,219.98,300,219.98,219.48,219.48,100,219.47,100,219.36,100,219.33,100,219.32,100,219.31,100,219.26,100,219.25,200,219.21,100,219.13,100,219.98,300,220.0,500,220.05,100,,,,,,,,,,,,,,
2026-01-16 09:32:31,219.73,219.66,1,219.48,100,219.98,300,219.98,219.48,219.48,100,219.47,100,219.36,100,219.33,100,219.32,100,219.31,100,219.26,100,219.25,200,219.21,100,219.13,100,219.98,300,220.0,500,220.05,100,,,,,,,,,,,,,,
2026-01-16 09:32:31,219.73,219.66,1,219.48,100,219.98,300,219.98,219.48,219.48,100,219.47,100,219.36,100,219.33,100,219.32,100,219.31,100,219.26,100,219.25,200,219.21,100,219.13,100,219.98,300,220.0,500,220.05,100,,,,,,,,,,,,,,
2026-01-16 09:32:33,219.73,219.73,1,219.48,100,219.98,300,219.98,219.48,219.48,100,219.47,100,219.36,100,219.33,100,219.32,100,219.31,100,219.26,100,219.25,200,219.21,100,219.13,100,219.98,300,220.0,500,220.05,100,,,,,,,,,,,,,,
2026-01-16 09:32:33,219.74,219.73,1,219.5,100,219.98,300,219.98,219.5,219.5,100,219.48,200,219.47,100,219.36,100,219.33,100,219.32,100,219.31,100,219.26,100,219.25,200,219.21,100,219.98,300,220.0,500,220.05,100,,,,,,,,,,,,,,
2026-01-16 09:32:35,219.75,219.73,1,219.5,100,220.0,500,220.0,219.5,219.5,100,219.48,200,219.47,100,219.36,100,219.33,100,219.32,100,219.31,100,219.26,100,219.25,200,219.21,100,220.0,500,220.05,100,,,,,,,,,,,,,,,,
2026-01-16 09:32:36,219.78,219.75,1,219.56,100,220.0,500,220.0,219.56,219.56,100,219.51,100,219.5,100,219.48,200,219.47,100,219.36,100,219.33,100,219.32,100,219.31,100,219.26,100,220.0,500,220.05,100,,,,,,,,,,,,,,,,
2026-01-16 09:32:36,219.84,219.77,2,219.68,100,220.0,500,220.0,219.68,219.68,100,219.67,100,219.56,100,219.51,100,219.5,100,219.48,200,219.47,100,219.36,100,219.33,100,219.32,100,220.0,500,220.05,100,,,,,,,,,,,,,,,,
2026-01-16 09:32:37,219.84,219.77,2,219.68,100,220.0,500,220.0,219.68,219.68,100,219.67,100,219.56,100,219.51,100,219.5,100,219.48,200,219.47,100,219.36,100,219.33,100,219.32,100,220.0,500,220.05,100,,,,,,,,,,,,,,,,
2026-01-16 09:32:39,219.83,219.83,1,219.68,100,219.98,100,219.98,219.68,219.68,100,219.67,100,219.56,100,219.51,100,219.5,100,219.48,200,219.47,100,219.36,100,219.33,100,219.32,100,219.98,100,220.0,500,220.05,100,,,,,,,,,,,,,,
2026-01-16 09:32:40,219.83,219.8,1,219.68,100,219.98,100,219.98,219.68,219.68,100,219.67,100,219.56,100,219.51,100,219.5,100,219.48,200,219.47,100,219.36,100,219.33,100,219.32,100,219.98,100,220.0,500,220.05,100,,,,,,,,,,,,,,
2026-01-16 09:32:41,219.83,219.8,1,219.68,100,219.98,100,219.98,219.68,219.68,100,219.67,100,219.56,100,219.51,100,219.5,100,219.48,200,219.47,100,219.36,100,219.33,100,219.32,100,219.98,100,220.0,500,220.05,100,,,,,,,,,,,,,,
2026-01-16 09:32:42,219.83,219.8,1,219.68,100,219.98,100,219.98,219.68,219.68,100,219.67,100,219.56,100,219.51,100,219.5,100,219.48,200,219.47,100,219.36,100,219.33,100,219.32,100,219.98,100,220.0,500,220.05,100,,,,,,,,,,,,,,
2026-01-16 09:32:43,219.83,219.8,1,219.68,200,219.98,100,219.98,219.68,219.68,200,219.67,100,219.56,100,219.51,100,219.5,100,219.48,200,219.47,100,219.36,100,219.33,100,219.32,100,219.98,100,220.0,500,220.05,100,,,,,,,,,,,,,,
2026-01-16 09:32:44,219.83,219.8,1,219.68,200,219.98,100,219.98,219.68,219.68,200,219.67,100,219.56,100,219.51,100,219.5,100,219.48,200,219.47,100,219.36,100,219.33,100,219.32,100,219.98,100,220.0,500,220.05,100,,,,,,,,,,,,,,
2026-01-16 09:32:45,219.83,219.8,1,219.68,100,219.98,100,219.98,219.68,219.68,100,219.63,100,219.56,100,219.51,100,219.5,100,219.48,200,219.47,100,219.36,100,219.33,100,219.32,100,219.98,100,220.0,500,220.05,100,,,,,,,,,,,,,,
2026-01-16 09:32:46,219.83,219.8,1,219.68,100,219.98,100,219.98,219.68,219.68,100,219.63,100,219.56,100,219.51,100,219.5,100,219.48,200,219.47,100,219.36,100,219.33,100,219.32,100,219.98,100,220.0,500,220.05,100,,,,,,,,,,,,,,
2026-01-16 09:32:47,219.84,219.8,1,219.68,100,220.0,500,220.0,219.68,219.68,100,219.63,100,219.56,100,219.51,100,219.5,100,219.48,200,219.47,100,219.36,100,219.33,100,219.32,100,220.0,500,220.05,100,,,,,,,,,,,,,,,,
2026-01-16 09:32:48,219.845,219.8,1,219.69,100,220.0,500,220.0,219.69,219.69,100,219.68,100,219.63,100,219.56,100,219.51,100,219.5,100,219.48,200,219.47,100,219.36,100,219.33,100,220.0,500,220.05,100,,,,,,,,,,,,,,,,
2026-01-16 09:32:48,219.895,219.8,1,219.79,100,220.0,500,220.0,219.79,219.79,100,219.68,100,219.63,100,219.56,100,219.51,100,219.5,100,219.48,200,219.47,100,219.36,100,219.33,100,220.0,500,220.05,100,,,,,,,,,,,,,,,,
2026-01-16 09:32:50,219.895,219.82,1,219.79,100,220.0,500,220.0,219.79,219.79,100,219.68,100,219.63,100,219.56,100,219.51,100,219.5,100,219.48,200,219.47,100,219.36,100,219.33,100,220.0,500,220.05,100,,,,,,,,,,,,,,,,
2026-01-16 09:32:51,219.895,219.82,1,219.79,100,220.0,500,220.0,219.79,219.79,100,219.68,100,219.63,100,219.56,100,219.51,100,219.5,100,219.48,200,219.47,100,219.36,100,219.33,100,220.0,500,220.05,100,,,,,,,,,,,,,,,,
2026-01-16 09:32:52,219.9,219.82,1,219.8,200,220.0,500,220.0,219.8,219.8,200,219.79,100,219.68,100,219.63,100,219.56,100,219.51,100,219.5,100,219.48,200,219.47,100,219.36,100,220.0,500,220.05,100,,,,,,,,,,,,,,,,
2026-01-16 09:32:52,219.9,219.82,1,219.8,200,220.0,500,220.0,219.8,219.8,200,219.79,100,219.68,100,219.63,100,219.56,100,219.51,100,219.5,100,219.48,200,219.47,100,219.36,100,220.0,500,220.05,100,,,,,,,,,,,,,,,,
2026-01-16 09:32:54,219.9,219.82,1,219.8,200,220.0,500,220.0,219.8,219.8,200,219.79,100,219.68,100,219.63,100,219.56,100,219.51,100,219.5,100,219.48,200,219.47,100,219.36,100,220.0,500,220.05,100,,,,,,,,,,,,,,,,
2026-01-16 09:32:55,219.9,219.8,1,219.8,200,220.0,500,220.0,219.8,219.8,200,219.79,100,219.68,100,219.63,100,219.56,100,219.51,100,219.5,100,219.48,200,219.47,100,219.36,100,220.0,500,220.05,100,,,,,,,,,,,,,,,,
2026-01-16 09:32:56,219.9,219.8,1,219.8,200,220.0,500,220.0,219.8,219.8,200,219.79,100,219.68,100,219.63,100,219.56,100,219.51,100,219.5,100,219.48,200,219.47,100,219.36,100,220.0,500,220.05,100,,,,,,,,,,,,,,,,
2026-01-16 09:32:57,219.9,219.8,1,219.8,200,220.0,500,220.0,219.8,219.8,200,219.79,100,219.68,100,219.63,100,219.56,100,219.51,100,219.5,100,219.48,200,219.47,100,219.36,100,220.0,500,220.05,100,,,,,,,,,,,,,,,,
2026-01-16 09:32:58,219.9,219.8,1,219.8,200,220.0,500,220.0,219.8,219.8,200,219.79,100,219.68,100,219.63,100,219.56,100,219.51,100,219.5,100,219.48,200,219.47,100,219.36,100,220.0,500,220.05,100,,,,,,,,,,,,,,,,
2026-01-16 09:32:59,219.9,219.8,1,219.8,200,220.0,500,220.0,219.8,219.8,200,219.79,100,219.68,100,219.63,100,219.56,100,219.51,100,219.5,100,219.48,200,219.47,100,219.36,100,220.0,500,220.05,100,,,,,,,,,,,,,,,,
2026-01-16 09:33:00,219.9,219.8,1,219.8,200,220.0,500,220.0,219.8,219.8,200,219.79,100,219.68,100,219.63,100,219.56,100,219.51,100,219.5,100,219.48,200,219.47,100,219.36,100,220.0,500,220.05,100,,,,,,,,,,,,,,,,
2026-01-16 09:33:01,219.9,219.8,1,219.8,200,220.0,500,220.0,219.8,219.8,200,219.79,100,219.68,100,219.63,100,219.56,100,219.51,100,219.5,100,219.48,200,219.47,100,219.36,100,220.0,500,220.05,100,,,,,,,,,,,,,,,,
2026-01-16 09:33:02,219.9,219.8,1,219.8,200,220.0,500,220.0,219.8,219.8,200,219.79,100,219.68,100,219.63,100,219.56,100,219.51,100,219.5,100,219.48,200,219.47,100,219.36,100,220.0,500,220.05,100,,,,,,,,,,,,,,,,
2026-01-16 09:33:03,219.9,219.8,1,219.8,200,220.0,500,220.0,219.8,219.8,200,219.79,100,219.68,100,219.63,100,219.56,100,219.51,100,219.5,100,219.48,200,219.47,100,219.36,100,220.0,500,220.05,100,,,,,,,,,,,,,,,,
2026-01-16 09:33:04,219.9,219.8,1,219.8,200,220.0,500,220.0,219.8,219.8,200,219.79,100,219.68,100,219.63,100,219.56,100,219.51,100,219.5,100,219.48,200,219.47,100,219.36,100,220.0,500,220.05,100,,,,,,,,,,,,,,,,
2026-01-16 09:33:05,219.9,219.8,1,219.8,200,220.0,500,220.0,219.8,219.8,200,219.79,100,219.68,100,219.63,100,219.56,100,219.51,100,219.5,100,219.48,200,219.47,100,219.36,100,220.0,500,220.05,100,,,,,,,,,,,,,,,,
2026-01-16 09:33:06,219.9,219.8,1,219.8,200,220.0,500,220.0,219.8,219.8,200,219.79,100,219.68,100,219.63,100,219.56,100,219.51,100,219.5,100,219.48,200,219.47,100,219.36,100,220.0,500,220.05,100,,,,,,,,,,,,,,,,
2026-01-16 09:33:07,219.9,219.8,1,219.8,200,220.0,500,220.0,219.8,219.8,200,219.79,100,219.68,100,219.63,100,219.56,100,219.51,100,219.5,100,219.48,200,219.47,100,219.36,100,220.0,500,220.05,100,,,,,,,,,,,,,,,,
2026-01-16 09:33:08,220.03,220.0,2,219.89,100,220.17,200,220.17,219.89,219.89,100,219.81,100,219.8,200,219.79,100,219.68,100,219.63,100,219.56,100,219.51,100,219.5,100,219.48,200,220.17,200,,,,,,,,,,,,,,,,,,
2026-01-16 09:33:09,220.03,220.01,1,219.89,100,220.17,200,220.17,219.89,219.89,100,219.81,100,219.8,200,219.79,100,219.68,100,219.63,100,219.56,100,219.51,100,219.5,100,219.48,200,220.17,200,,,,,,,,,,,,,,,,,,
2026-01-16 09:33:10,219.985,219.99,1,219.8,200,220.17,200,220.17,219.8,219.8,200,219.79,100,219.68,100,219.63,100,219.56,100,219.51,100,219.5,100,219.48,200,219.47,100,219.36,100,220.17,200,,,,,,,,,,,,,,,,,,
2026-01-16 09:33:11,219.985,219.99,1,219.8,200,220.17,200,220.17,219.8,219.8,200,219.79,100,219.68,100,219.63,100,219.56,100,219.51,100,219.5,100,219.48,200,219.47,100,219.36,100,220.17,200,,,,,,,,,,,,,,,,,,
2026-01-16 09:33:12,219.985,219.99,1,219.8,200,220.17,200,220.17,219.8,219.8,200,219.79,100,219.68,100,219.63,100,219.56,100,219.51,100,219.5,100,219.48,200,219.47,100,219.36,100,220.17,200,,,,,,,,,,,,,,,,,,
2026-01-16 09:33:13,219.99,219.99,1,219.81,100,220.17,200,220.17,219.81,219.81,100,219.8,200,219.79,100,219.68,100,219.63,100,219.56,100,219.51,100,219.5,100,219.48,200,219.47,100,220.17,200,,,,,,,,,,,,,,,,,,
2026-01-16 09:33:14,219.985,219.88,1,219.8,200,220.17,200,220.17,219.8,219.8,200,219.79,100,219.68,100,219.63,100,219.56,100,219.51,100,219.5,100,219.48,200,219.47,100,219.36,100,220.17,200,,,,,,,,,,,,,,,,,,
2026-01-16 09:33:15,219.985,219.88,1,219.8,200,220.17,200,220.17,219.8,219.8,200,219.79,100,219.68,100,219.63,100,219.56,100,219.51,100,219.5,100,219.48,200,219.47,100,219.36,100,220.17,200,,,,,,,,,,,,,,,,,,
2026-01-16 09:33:16,219.985,219.88,1,219.8,200,220.17,200,220.17,219.8,219.8,200,219.79,100,219.68,100,219.63,100,219.56,100,219.51,100,219.5,100,219.48,200,219.47,100,219.36,100,220.17,200,,,,,,,,,,,,,,,,,,
2026-01-16 09:33:17,219.985,219.88,1,219.8,200,220.17,200,220.17,219.8,219.8,200,219.79,100,219.68,100,219.63,100,219.56,100,219.51,100,219.5,100,219.48,200,219.47,100,219.36,100,220.17,200,,,,,,,,,,,,,,,,,,
2026-01-16 09:33:18,219.985,219.88,1,219.8,300,220.17,200,220.17,219.8,219.8,300,219.79,100,219.68,100,219.63,100,219.56,100,219.51,100,219.5,100,219.48,200,219.47,100,219.36,100,220.17,200,,,,,,,,,,,,,,,,,,
2026-01-16 09:33:19,219.985,219.99,1,219.8,300,220.17,200,220.17,219.8,219.8,300,219.79,100,219.68,100,219.63,100,219.56,100,219.51,100,219.5,100,219.48,200,219.47,100,219.36,100,220.17,200,,,,,,,,,,,,,,,,,,
2026-01-16 09:33:20,219.985,219.99,1,219.8,300,220.17,200,220.17,219.8,219.8,300,219.79,100,219.68,100,219.63,100,219.56,100,219.51,100,219.5,100,219.48,200,219.47,100,219.36,100,220.17,200,,,,,,,,,,,,,,,,,,
2026-01-16 09:33:21,219.985,219.99,1,219.8,300,220.17,200,220.17,219.8,219.8,300,219.79,100,219.68,100,219.63,100,219.56,100,219.51,100,219.5,100,219.48,200,219.47,100,219.36,100,220.17,200,,,,,,,,,,,,,,,,,,
2026-01-16 09:33:22,219.985,219.99,1,219.8,300,220.17,200,220.17,219.8,219.8,300,219.79,100,219.68,100,219.63,100,219.56,100,219.51,100,219.5,100,219.48,200,219.47,100,219.36,100,220.17,200,,,,,,,,,,,,,,,,,,
2026-01-16 09:33:23,219.985,219.99,1,219.8,300,220.17,200,220.17,219.8,219.8,300,219.79,100,219.68,100,219.63,100,219.56,100,219.51,100,219.5,100,219.48,200,219.47,100,219.36,100,220.17,200,,,,,,,,,,,,,,,,,,
2026-01-16 09:33:24,219.985,219.99,1,219.8,300,220.17,200,220.17,219.8,219.8,300,219.79,100,219.68,100,219.63,100,219.56,100,219.51,100,219.5,100,219.48,200,219.47,100,219.36,100,220.17,200,,,,,,,,,,,,,,,,,,
2026-01-16 09:33:25,219.985,219.99,1,219.8,300,220.17,200,220.17,219.8,219.8,300,219.79,100,219.68,100,219.63,100,219.56,100,219.51,100,219.5,100,219.48,200,219.47,100,219.36,100,220.17,200,,,,,,,,,,,,,,,,,,
2026-01-16 09:33:26,219.985,219.99,1,219.8,300,220.17,200,220.17,219.8,219.8,300,219.79,100,219.68,100,219.63,100,219.56,100,219.51,100,219.5,100,219.48,200,219.47,100,219.36,100,220.17,200,,,,,,,,,,,,,,,,,,
2026-01-16 09:33:27,219.985,219.99,1,219.8,300,220.17,200,220.17,219.8,219.8,300,219.79,100,219.68,100,219.63,100,219.56,100,219.51,100,219.5,100,219.48,200,219.47,100,219.36,100,220.17,200,,,,,,,,,,,,,,,,,,
2026-01-16 09:33:28,219.985,219.99,1,219.8,300,220.17,200,220.17,219.8,219.8,300,219.79,100,219.68,100,219.63,100,219.56,100,219.51,100,219.5,100,219.48,200,219.47,100,219.36,100,220.17,200,,,,,,,,,,,,,,,,,,
2026-01-16 09:33:29,219.985,219.99,1,219.8,300,220.17,200,220.17,219.8,219.8,300,219.79,100,219.68,100,219.63,100,219.56,100,219.51,100,219.5,100,219.48,200,219.47,100,219.36,100,220.17,200,,,,,,,,,,,,,,,,,,
2026-01-16 09:33:30,219.965,219.99,1,219.8,300,220.13,100,220.13,219.8,219.8,300,219.79,100,219.68,100,219.63,100,219.56,100,219.51,100,219.5,100,219.48,200,219.47,100,219.36,100,220.13,100,220.17,200,,,,,,,,,,,,,,,,
2026-01-16 09:33:31,219.965,219.99,1,219.8,300,220.13,100,220.13,219.8,219.8,300,219.79,100,219.68,100,219.63,100,219.56,100,219.51,100,219.5,100,219.48,200,219.47,100,219.36,100,220.13,100,220.17,200,,,,,,,,,,,,,,,,
2026-01-16 09:33:32,219.795,219.81,1,219.51,100,220.08,100,220.08,219.51,219.51,100,219.5,100,219.48,200,219.47,100,219.36,100,219.33,100,219.32,100,219.31,100,219.26,100,219.25,200,220.08,100,220.09,100,220.1,100,220.13,100,220.17,200,,,,,,,,,,
2026-01-16 09:33:33,219.8,219.81,1,219.51,100,220.09,100,220.09,219.51,219.51,100,219.5,100,219.48,200,219.47,100,219.36,100,219.33,100,219.32,100,219.31,100,219.26,100,219.25,200,220.09,100,220.1,100,220.13,100,220.17,200,,,,,,,,,,,,
2026-01-16 09:33:34,219.8,219.81,1,219.51,100,220.09,100,220.09,219.51,219.51,100,219.5,100,219.48,200,219.47,100,219.36,100,219.33,100,219.32,100,219.31,100,219.26,100,219.25,200,220.09,100,220.1,100,220.13,100,220.17,200,,,,,,,,,,,,
2026-01-16 09:33:35,219.8,219.81,1,219.51,100,220.09,100,220.09,219.51,219.51,100,219.5,100,219.48,200,219.47,100,219.36,100,219.33,100,219.32,100,219.31,100,219.26,100,219.25,200,220.09,100,220.1,100,220.13,100,220.17,200,,,,,,,,,,,,
2026-01-16 09:33:36,219.8,219.81,1,219.51,100,220.09,100,220.09,219.51,219.51,100,219.5,100,219.48,200,219.47,100,219.36,100,219.33,100,219.32,100,219.31,100,219.26,100,219.25,200,220.09,100,220.1,100,220.13,100,220.17,200,,,,,,,,,,,,
2026-01-16 09:33:37,219.8,219.8,2,219.51,100,220.09,100,220.09,219.51,219.51,100,219.5,100,219.48,200,219.47,100,219.36,100,219.33,100,219.32,100,219.31,100,219.26,100,219.25,200,220.09,100,220.1,100,220.13,100,220.17,200,,,,,,,,,,,,
2026-01-16 09:33:38,219.8,219.76,1,219.51,100,220.09,100,220.09,219.51,219.51,100,219.5,100,219.48,200,219.47,100,219.36,100,219.33,100,219.32,100,219.31,100,219.26,100,219.25,200,220.09,100,220.1,100,220.13,100,220.17,200,,,,,,,,,,,,
2026-01-16 09:33:39,219.8,219.76,1,219.51,100,220.09,100,220.09,219.51,219.51,100,219.5,100,219.48,200,219.47,100,219.36,100,219.33,100,219.32,100,219.31,100,219.26,100,219.25,200,220.09,100,220.1,100,220.13,100,220.17,200,,,,,,,,,,,,
2026-01-16 09:33:40,219.8,219.76,1,219.51,100,220.09,100,220.09,219.51,219.51,100,219.5,100,219.48,200,219.47,100,219.36,100,219.33,100,219.32,100,219.31,100,219.26,100,219.25,200,220.09,100,220.1,100,220.13,100,220.17,200,,,,,,,,,,,,
2026-01-16 09:33:41,219.8,219.76,1,219.51,100,220.09,100,220.09,219.51,219.51,100,219.5,100,219.48,200,219.47,100,219.36,100,219.33,100,219.32,100,219.31,100,219.26,100,219.25,200,220.09,100,220.1,100,220.13,100,220.17,200,,,,,,,,,,,,
2026-01-16 09:33:42,219.8,219.76,1,219.51,100,220.09,100,220.09,219.51,219.51,100,219.5,100,219.48,200,219.47,100,219.36,100,219.33,100,219.32,100,219.31,100,219.26,100,219.25,200,220.09,100,220.1,100,220.13,100,220.17,200,,,,,,,,,,,,
2026-01-16 09:33:43,219.795,219.76,1,219.51,100,220.08,100,220.08,219.51,219.51,100,219.5,100,219.48,200,219.47,100,219.36,100,219.33,100,219.32,100,219.31,100,219.26,100,219.25,200,220.08,100,220.09,100,220.1,100,220.13,100,220.17,200,,,,,,,,,,
2026-01-16 09:33:44,219.8,219.76,1,219.51,100,220.09,100,220.09,219.51,219.51,100,219.5,200,219.48,200,219.47,100,219.36,100,219.33,100,219.32,100,219.31,100,219.26,100,219.25,200,220.09,100,220.1,100,220.13,100,220.17,200,,,,,,,,,,,,
2026-01-16 09:33:45,219.795,219.76,1,219.67,100,219.92,100,219.92,219.67,219.67,100,219.51,100,219.5,200,219.48,200,219.47,100,219.36,100,219.33,100,219.32,100,219.31,100,219.26,100,219.92,100,220.05,200,220.09,100,220.1,100,220.13,100,220.17,200,,,,,,,,
2026-01-16 09:33:46,219.795,219.76,1,219.69,100,219.9,100,219.9,219.69,219.69,100,219.5,200,219.48,200,219.47,100,219.36,100,219.33,100,219.32,100,219.31,100,219.26,100,219.25,200,219.9,100,220.04,200,220.05,200,220.09,100,220.1,100,220.13,100,220.17,200,,,,,,
2026-01-16 09:33:47,219.9,219.9,5,219.71,100,220.09,100,220.09,219.71,219.71,100,219.51,100,219.5,300,219.48,200,219.47,100,219.36,100,219.33,100,219.32,100,219.31,100,219.26,100,220.09,100,220.1,100,220.13,100,220.17,200,,,,,,,,,,,,
2026-01-16 09:33:48,219.915,219.9,5,219.74,100,220.09,100,220.09,219.74,219.74,100,219.51,100,219.5,300,219.48,200,219.47,100,219.36,100,219.33,100,219.32,100,219.31,100,219.26,100,220.09,100,220.1,100,220.13,100,220.17,200,,,,,,,,,,,,
2026-01-16 09:33:49,219.97,219.9,5,219.85,100,220.09,100,220.09,219.85,219.85,100,219.82,300,219.75,200,219.74,100,219.51,100,219.5,300,219.48,200,219.47,100,219.36,100,219.33,100,220.09,100,220.1,100,220.13,100,220.17,200,,,,,,,,,,,,
2026-01-16 09:33:50,219.93,219.93,1,219.69,100,220.17,600,220.17,219.69,219.69,100,219.51,100,219.5,300,219.48,200,219.47,100,219.36,100,219.33,100,219.32,100,219.31,100,219.26,100,220.17,600,,,,,,,,,,,,,,,,,,
2026-01-16 09:33:51,219.985,219.93,1,219.8,100,220.17,600,220.17,219.8,219.8,100,219.7,100,219.69,100,219.51,100,219.5,300,219.48,200,219.47,100,219.36,100,219.33,100,219.32,100,220.17,600,,,,,,,,,,,,,,,,,,
2026-01-16 09:33:52,219.985,219.93,1,219.8,100,220.17,600,220.17,219.8,219.8,100,219.7,100,219.69,100,219.51,100,219.5,300,219.48,200,219.47,100,219.36,100,219.33,100,219.32,100,220.17,600,,,,,,,,,,,,,,,,,,
2026-01-16 09:33:53,219.83,219.78,1,219.51,100,220.15,100,220.15,219.51,219.51,100,219.5,300,219.48,200,219.47,100,219.36,100,219.33,100,219.32,100,219.31,100,219.26,100,219.25,200,220.15,100,220.17,600,,,,,,,,,,,,,,,,
2026-01-16 09:33:54,219.91,219.74,1,219.7,100,220.12,100,220.12,219.7,219.7,100,219.51,100,219.5,300,219.48,200,219.47,100,219.36,100,219.33,100,219.32,100,219.31,100,219.26,100,220.12,100,220.16,300,220.17,600,,,,,,,,,,,,,,
2026-01-16 09:33:55,219.815,219.82,38,219.51,100,220.12,100,220.12,219.51,219.51,100,219.5,300,219.48,200,219.47,100,219.36,100,219.33,100,219.32,100,219.31,100,219.26,100,219.25,200,220.12,100,220.16,300,220.17,600,,,,,,,,,,,,,,
2026-01-16 09:33:56,219.835,219.93,1,219.51,200,220.16,300,220.16,219.51,219.51,200,219.5,300,219.48,200,219.47,100,219.36,100,219.33,100,219.32,100,219.31,100,219.26,100,219.25,200,220.16,300,220.17,600,,,,,,,,,,,,,,,,
2026-01-16 09:33:57,219.835,219.93,1,219.51,300,220.16,300,220.16,219.51,219.51,300,219.5,300,219.48,200,219.47,100,219.36,100,219.33,100,219.32,100,219.31,100,219.26,100,219.25,200,220.16,300,220.17,600,,,,,,,,,,,,,,,,
2026-01-16 09:33:58,219.845,219.9,2,219.52,100,220.17,600,220.17,219.52,219.52,100,219.51,300,219.5,300,219.48,200,219.47,100,219.36,100,219.33,100,219.32,100,219.31,100,219.26,100,220.17,600,,,,,,,,,,,,,,,,,,
2026-01-16 09:33:59,219.845,219.9,2,219.52,500,220.17,600,220.17,219.52,219.52,500,219.51,300,219.5,300,219.48,200,219.47,100,219.36,100,219.33,100,219.32,100,219.31,100,219.26,100,220.17,600,,,,,,,,,,,,,,,,,,
2026-01-16 09:34:00,219.935,219.9,2,219.7,100,220.17,600,220.17,219.7,219.7,100,219.52,600,219.51,300,219.5,300,219.48,200,219.47,100,219.36,100,219.33,100,219.32,100,219.31,100,220.17,600,,,,,,,,,,,,,,,,,,
2026-01-16 09:34:01,219.87,219.9,2,219.58,200,220.16,100,220.16,219.58,219.58,200,219.52,600,219.51,300,219.5,300,219.48,200,219.47,100,219.36,100,219.33,100,219.32,100,219.31,100,220.16,100,220.17,600,,,,,,,,,,,,,,,,
2026-01-16 09:34:02,219.84,219.93,1,219.52,600,220.16,100,220.16,219.52,219.52,600,219.51,300,219.5,300,219.48,200,219.47,100,219.36,100,219.33,100,219.32,100,219.31,100,219.26,100,220.16,100,220.17,600,,,,,,,,,,,,,,,,
2026-01-16 09:34:03,219.9,219.93,1,219.7,100,220.1,100,220.1,219.7,219.7,100,219.52,400,219.51,300,219.5,300,219.48,200,219.47,100,219.36,100,219.33,100,219.32,100,219.31,100,220.1,100,220.16,100,220.17,600,,,,,,,,,,,,,,
2026-01-16 09:34:04,220.01,219.93,1,219.86,100,220.16,100,220.16,219.86,219.86,100,219.81,100,219.8,100,219.75,100,219.7,100,219.52,400,219.51,300,219.5,300,219.48,200,219.47,100,220.16,100,220.17,600,,,,,,,,,,,,,,,,
2026-01-16 09:34:05,220.01,220.01,1,219.86,100,220.16,100,220.16,219.86,219.86,100,219.81,100,219.8,100,219.75,100,219.7,100,219.52,400,219.51,300,219.5,300,219.48,200,219.47,100,220.16,100,220.17,600,,,,,,,,,,,,,,,,
2026-01-16 09:34:06,220.01,220.01,1,219.86,200,220.16,100,220.16,219.86,219.86,200,219.81,100,219.8,100,219.75,100,219.7,100,219.52,400,219.51,300,219.5,300,219.48,200,219.47,100,220.16,100,220.17,600,,,,,,,,,,,,,,,,
2026-01-16 09:34:07,220.01,220.01,1,219.86,100,220.16,100,220.16,219.86,219.86,100,219.81,200,219.8,100,219.75,100,219.7,100,219.52,400,219.51,300,219.5,300,219.48,200,219.47,100,220.16,100,220.17,600,,,,,,,,,,,,,,,,
2026-01-16 09:34:08,220.01,220.01,1,219.86,100,220.16,100,220.16,219.86,219.86,100,219.81,200,219.8,100,219.75,100,219.7,100,219.52,400,219.51,300,219.5,300,219.48,200,219.47,100,220.16,100,220.17,600,,,,,,,,,,,,,,,,
2026-01-16 09:34:09,220.01,220.01,1,219.86,100,220.16,100,220.16,219.86,219.86,100,219.7,100,219.52,400,219.51,300,219.5,300,219.48,200,219.47,100,219.36,100,219.33,100,219.32,100,220.16,100,220.17,600,,,,,,,,,,,,,,,,
2026-01-16 09:34:10,220.01,220.01,1,219.86,200,220.16,100,220.16,219.86,219.86,200,219.7,100,219.52,400,219.51,300,219.5,300,219.48,200,219.47,100,219.36,100,219.33,100,219.32,100,220.16,100,220.17,600,,,,,,,,,,,,,,,,
2026-01-16 09:34:11,220.01,220.01,1,219.86,100,220.16,100,220.16,219.86,219.86,100,219.85,100,219.7,100,219.52,400,219.51,300,219.5,300,219.48,200,219.47,100,219.36,100,219.33,100,220.16,100,220.17,600,,,,,,,,,,,,,,,,
2026-01-16 09:34:12,219.93,220.0,1,219.7,100,220.16,100,220.16,219.7,219.7,100,219.63,100,219.52,400,219.51,300,219.5,300,219.48,200,219.47,100,219.36,100,219.33,100,219.32,100,220.16,100,220.17,600,,,,,,,,,,,,,,,,
2026-01-16 09:34:13,219.895,220.0,1,219.63,100,220.16,100,220.16,219.63,219.63,100,219.52,400,219.51,300,219.5,300,219.48,200,219.47,100,219.36,100,219.33,100,219.32,100,219.31,100,220.16,100,220.17,600,,,,,,,,,,,,,,,,
2026-01-16 09:34:14,219.875,220.0,1,219.63,100,220.12,100,220.12,219.63,219.63,100,219.52,400,219.51,300,219.5,300,219.48,200,219.47,100,219.36,100,219.33,100,219.32,100,219.31,100,220.12,100,220.16,100,220.17,600,,,,,,,,,,,,,,
2026-01-16 09:34:15,219.875,220.0,1,219.63,100,220.12,100,220.12,219.63,219.63,100,219.52,400,219.51,300,219.5,300,219.48,200,219.47,100,219.36,100,219.33,100,219.32,100,219.31,100,220.12,100,220.16,100,220.17,600,,,,,,,,,,,,,,
2026-01-16 09:34:16,219.875,220.0,1,219.63,100,220.12,100,220.12,219.63,219.63,100,219.52,400,219.51,300,219.5,300,219.48,200,219.47,100,219.36,100,219.33,100,219.32,100,219.31,100,220.12,100,220.16,100,220.17,600,,,,,,,,,,,,,,
2026-01-16 09:34:17,219.875,220.0,1,219.63,100,220.12,100,220.12,219.63,219.63,100,219.52,400,219.51,300,219.5,300,219.48,200,219.47,100,219.36,100,219.33,100,219.32,100,219.31,100,220.12,100,220.16,100,220.17,600,,,,,,,,,,,,,,
2026-01-16 09:34:18,219.86,219.86,1,219.61,200,220.11,100,220.11,219.61,219.61,200,219.52,400,219.51,300,219.5,300,219.48,200,219.47,100,219.36,100,219.33,100,219.32,100,219.31,100,220.11,100,220.12,100,220.16,100,220.17,600,,,,,,,,,,,,
2026-01-16 09:34:19,219.86,219.86,7,219.61,200,220.11,100,220.11,219.61,219.61,200,219.52,400,219.51,300,219.5,300,219.48,200,219.47,100,219.36,100,219.33,100,219.32,100,219.31,100,220.11,100,220.12,100,220.16,100,220.17,600,,,,,,,,,,,,
2026-01-16 09:34:20,219.86,219.86,7,219.61,200,220.11,100,220.11,219.61,219.61,200,219.52,400,219.51,300,219.5,300,219.48,200,219.47,100,219.36,100,219.33,100,219.32,100,219.31,100,220.11,100,220.12,100,220.16,100,220.17,600,,,,,,,,,,,,
2026-01-16 09:34:21,219.865,219.86,7,219.62,100,220.11,100,220.11,219.62,219.62,100,219.61,200,219.52,400,219.51,300,219.5,300,219.48,200,219.47,100,219.36,100,219.33,100,219.32,100,220.11,100,220.12,100,220.16,100,220.17,600,,,,,,,,,,,,
2026-01-16 09:34:22,219.86,219.86,7,219.61,200,220.11,100,220.11,219.61,219.61,200,219.52,400,219.51,300,219.5,300,219.48,200,219.47,100,219.36,100,219.33,100,219.32,100,219.31,100,220.11,100,220.12,100,220.16,100,220.17,600,,,,,,,,,,,,
2026-01-16 09:34:23,219.79,219.86,2,219.6,200,219.98,100,219.98,219.6,219.6,200,219.52,400,219.51,300,219.5,300,219.48,200,219.47,100,219.36,100,219.33,100,219.32,100,219.31,100,219.98,100,220.09,100,220.11,200,220.12,100,220.16,100,220.17,600,,,,,,,,
2026-01-16 09:34:24,219.79,219.86,2,219.6,200,219.98,100,219.98,219.6,219.6,200,219.52,400,219.51,300,219.5,300,219.48,200,219.47,100,219.36,100,219.33,100,219.32,100,219.31,100,219.98,100,220.07,100,220.09,100,220.11,200,220.12,100,220.16,100,220.17,600,,,,,,
2026-01-16 09:34:25,219.76,219.86,2,219.54,100,219.98,100,219.98,219.54,219.54,100,219.52,400,219.51,300,219.5,300,219.48,200,219.47,100,219.36,100,219.33,100,219.32,100,219.31,100,219.98,100,220.07,100,220.09,100,220.11,200,220.12,100,220.16,100,220.17,600,,,,,,
2026-01-16 09:34:26,219.76,219.86,2,219.54,100,219.98,100,219.98,219.54,219.54,100,219.52,400,219.51,300,219.5,300,219.48,200,219.47,100,219.36,100,219.33,100,219.32,100,219.31,100,219.98,100,220.07,100,220.09,100,220.11,200,220.12,100,220.16,100,220.17,600,,,,,,
2026-01-16 09:34:27,219.76,219.86,2,219.54,100,219.98,100,219.98,219.54,219.54,100,219.52,400,219.51,300,219.5,300,219.48,200,219.47,100,219.36,100,219.33,100,219.32,100,219.31,100,219.98,100,220.07,100,220.09,100,220.11,200,220.12,100,220.16,100,220.17,600,,,,,,
2026-01-16 09:34:28,219.76,219.86,2,219.54,100,219.98,100,219.98,219.54,219.54,100,219.52,400,219.51,300,219.5,300,219.48,200,219.47,100,219.36,100,219.33,100,219.32,100,219.31,100,219.98,100,220.07,100,220.09,100,220.11,200,220.12,100,220.16,100,220.17,600,,,,,,
2026-01-16 09:34:29,219.76,219.86,2,219.54,100,219.98,100,219.98,219.54,219.54,100,219.52,400,219.51,300,219.5,300,219.48,200,219.47,100,219.36,100,219.33,100,219.32,100,219.31,100,219.98,100,220.07,100,220.09,100,220.11,200,220.12,100,220.16,100,220.17,600,,,,,,
2026-01-16 09:34:30,219.76,219.86,2,219.54,100,219.98,100,219.98,219.54,219.54,100,219.52,400,219.51,300,219.5,300,219.48,200,219.47,100,219.36,100,219.33,100,219.32,100,219.31,100,219.98,100,220.07,100,220.09,100,220.11,200,220.12,100,220.16,100,220.17,600,,,,,,
2026-01-16 09:34:31,219.785,219.86,2,219.59,100,219.98,100,219.98,219.59,219.59,100,219.54,100,219.52,400,219.51,300,219.5,300,219.48,200,219.47,100,219.36,100,219.33,100,219.32,100,219.98,100,220.07,100,220.09,100,220.11,200,220.12,100,220.16,100,220.17,600,,,,,,
2026-01-16 09:34:32,219.785,219.86,2,219.59,100,219.98,100,219.98,219.59,219.59,100,219.54,100,219.52,400,219.51,300,219.5,300,219.48,200,219.47,100,219.36,100,219.33,100,219.32,100,219.98,100,220.07,100,220.09,100,220.11,200,220.12,100,220.16,100,220.17,600,,,,,,
2026-01-16 09:34:33,219.79,219.86,2,219.6,100,219.98,100,219.98,219.6,219.6,100,219.59,100,219.54,100,219.52,400,219.51,300,219.5,300,219.48,200,219.47,100,219.36,100,219.33,100,219.98,100,220.07,100,220.09,100,220.11,200,220.12,100,220.16,100,220.17,600,,,,,,
2026-01-16 09:34:34,219.79,219.86,2,219.6,100,219.98,100,219.98,219.6,219.6,100,219.59,100,219.54,100,219.52,400,219.51,300,219.5,300,219.48,200,219.47,100,219.36,100,219.33,100,219.98,100,220.07,100,220.09,100,220.11,200,220.12,100,220.16,100,220.17,600,,,,,,
2026-01-16 09:34:35,219.8,219.8,1,219.62,100,219.98,100,219.98,219.62,219.62,100,219.61,100,219.6,300,219.59,100,219.54,100,219.52,400,219.51,300,219.5,300,219.48,200,219.47,100,219.98,100,220.07,100,220.09,100,220.11,200,220.12,100,220.16,100,220.17,600,,,,,,
2026-01-16 09:34:36,219.81,219.81,1,219.64,300,219.98,100,219.98,219.64,219.64,300,219.63,100,219.62,100,219.61,100,219.6,300,219.59,100,219.54,100,219.52,400,219.51,300,219.5,300,219.98,100,220.07,100,220.09,100,220.11,200,220.12,100,220.16,100,220.17,600,,,,,,
2026-01-16 09:34:37,219.82,219.81,1,219.66,100,219.98,100,219.98,219.66,219.66,100,219.64,300,219.63,100,219.62,100,219.61,100,219.6,300,219.59,100,219.54,100,219.52,400,219.51,300,219.98,100,220.07,100,220.09,100,220.11,200,220.12,100,220.16,100,220.17,600,,,,,,
2026-01-16 09:34:38,219.82,219.81,1,219.66,200,219.98,100,219.98,219.66,219.66,200,219.64,300,219.63,100,219.62,100,219.61,100,219.6,300,219.59,100,219.54,100,219.52,400,219.51,300,219.98,100,220.07,100,220.09,100,220.11,200,220.12,100,220.16,100,220.17,600,,,,,,
2026-01-16 09:34:39,219.82,219.82,2,219.66,200,219.98,100,219.98,219.66,219.66,200,219.64,300,219.63,100,219.62,100,219.61,100,219.6,300,219.59,100,219.54,100,219.52,400,219.51,300,219.98,100,220.07,100,220.09,100,220.11,200,220.12,100,220.16,100,220.17,600,,,,,,
2026-01-16 09:34:40,219.82,219.82,2,219.66,200,219.98,100,219.98,219.66,219.66,200,219.61,200,219.6,300,219.59,100,219.54,100,219.52,400,219.51,300,219.5,300,219.48,200,219.47,100,219.98,100,220.07,100,220.09,100,220.11,200,220.12,100,220.16,100,220.17,600,,,,,,
2026-01-16 09:34:41,219.82,219.82,2,219.66,200,219.98,100,219.98,219.66,219.66,200,219.61,200,219.6,300,219.59,100,219.54,100,219.52,400,219.51,300,219.5,300,219.48,200,219.47,100,219.98,100,220.07,100,220.09,100,220.11,200,220.12,100,220.16,100,220.17,600,,,,,,
2026-01-16 09:34:42,219.845,219.82,2,219.71,200,219.98,100,219.98,219.71,219.71,200,219.7,100,219.69,100,219.66,200,219.61,200,219.6,300,219.59,100,219.54,100,219.52,400,219.51,300,219.98,100,220.07,100,220.09,100,220.11,200,220.12,100,220.16,100,220.17,600,,,,,,
2026-01-16 09:34:43,219.845,219.82,2,219.71,200,219.98,100,219.98,219.71,219.71,200,219.7,100,219.69,100,219.66,200,219.61,200,219.6,300,219.59,100,219.54,100,219.52,400,219.51,300,219.98,100,220.07,100,220.09,100,220.11,200,220.12,100,220.16,100,220.17,600,,,,,,
2026-01-16 09:34:44,219.915,219.82,2,219.83,100,220.0,100,220.0,219.83,219.83,100,219.75,100,219.71,200,219.7,100,219.69,100,219.66,200,219.61,200,219.6,300,219.59,100,219.54,100,220.0,100,220.07,100,220.09,100,220.11,200,220.12,100,220.16,100,220.17,600,,,,,,
2026-01-16 09:34:45,219.915,219.82,2,219.83,100,220.0,100,220.0,219.83,219.83,100,219.75,100,219.71,200,219.7,100,219.69,100,219.66,200,219.61,200,219.6,300,219.59,100,219.54,100,220.0,100,220.07,100,220.09,100,220.11,200,220.12,100,220.16,100,220.17,600,,,,,,
2026-01-16 09:34:46,219.925,219.82,2,219.85,100,220.0,100,220.0,219.85,219.85,100,219.83,100,219.75,100,219.71,200,219.7,100,219.69,100,219.66,200,219.61,200,219.6,300,219.59,100,220.0,100,220.07,100,220.09,100,220.11,200,220.12,100,220.16,100,220.17,600,,,,,,
2026-01-16 09:34:47,219.925,219.82,2,219.85,100,220.0,100,220.0,219.85,219.85,100,219.83,100,219.75,100,219.71,200,219.7,100,219.69,100,219.66,200,219.61,200,219.6,300,219.59,100,220.0,100,220.07,100,220.09,100,220.11,200,220.12,100,220.16,100,220.17,600,,,,,,
2026-01-16 09:34:48,219.925,219.82,2,219.85,100,220.0,100,220.0,219.85,219.85,100,219.83,100,219.75,100,219.71,200,219.7,100,219.69,100,219.66,200,219.61,200,219.6,300,219.59,100,220.0,100,220.07,100,220.09,100,220.11,200,220.12,100,220.16,100,220.17,600,,,,,,
2026-01-16 09:34:49,220.01,220.0,1,219.92,100,220.1,100,220.1,219.92,219.92,100,219.86,100,219.85,100,219.83,100,219.75,100,219.71,200,219.7,100,219.69,100,219.66,200,219.61,200,220.1,100,220.11,200,220.12,100,220.16,100,220.17,600,,,,,,,,,,
2026-01-16 09:34:50,220.01,220.0,1,219.92,300,220.1,100,220.1,219.92,219.92,300,219.86,100,219.85,100,219.83,100,219.75,100,219.71,200,219.7,100,219.69,100,219.66,200,219.61,200,220.1,100,220.11,200,220.12,100,220.16,100,220.17,600,,,,,,,,,,
2026-01-16 09:34:51,220.01,220.0,1,219.92,300,220.1,100,220.1,219.92,219.92,300,219.86,100,219.85,100,219.83,100,219.75,100,219.71,200,219.7,100,219.69,100,219.66,200,219.61,200,220.1,100,220.11,200,220.12,100,220.16,100,220.17,600,,,,,,,,,,
2026-01-16 09:34:52,220.015,220.01,1,219.93,200,220.1,100,220.1,219.93,219.93,200,219.92,300,219.86,100,219.85,100,219.83,100,219.75,100,219.71,200,219.7,100,219.69,100,219.66,200,220.1,100,220.11,200,220.12,100,220.16,100,220.17,600,,,,,,,,,,
2026-01-16 09:34:53,220.015,220.01,1,219.93,200,220.1,100,220.1,219.93,219.93,200,219.92,300,219.86,100,219.85,100,219.83,100,219.75,100,219.71,200,219.7,100,219.69,100,219.66,200,220.1,100,220.11,200,220.12,100,220.16,100,220.17,600,,,,,,,,,,
2026-01-16 09:34:54,220.015,220.01,1,219.93,200,220.1,100,220.1,219.93,219.93,200,219.92,300,219.86,100,219.85,100,219.83,100,219.75,100,219.71,200,219.7,100,219.69,100,219.66,200,220.1,100,220.11,200,220.12,100,220.16,100,220.17,600,,,,,,,,,,
2026-01-16 09:34:55,220.015,220.01,1,219.93,200,220.1,100,220.1,219.93,219.93,200,219.92,300,219.86,100,219.85,100,219.83,100,219.75,100,219.71,200,219.7,100,219.69,100,219.66,200,220.1,100,220.11,200,220.12,100,220.16,100,220.17,600,,,,,,,,,,
2026-01-16 09:34:56,220.015,220.01,1,219.93,200,220.1,100,220.1,219.93,219.93,200,219.92,300,219.86,100,219.85,100,219.83,100,219.75,100,219.71,200,219.7,100,219.69,100,219.66,200,220.1,100,220.11,200,220.12,100,220.16,100,220.17,600,,,,,,,,,,
2026-01-16 09:34:57,220.015,220.01,1,219.93,200,220.1,100,220.1,219.93,219.93,200,219.92,300,219.86,100,219.85,100,219.83,100,219.75,100,219.71,200,219.7,100,219.69,100,219.66,200,220.1,100,220.11,200,220.12,100,220.16,100,220.17,600,,,,,,,,,,
2026-01-16 09:34:58,220.015,220.01,1,219.93,200,220.1,100,220.1,219.93,219.93,200,219.92,300,219.86,100,219.85,100,219.83,100,219.75,100,219.71,200,219.7,100,219.69,100,219.66,200,220.1,100,220.11,200,220.12,100,220.16,100,220.17,600,,,,,,,,,,
2026-01-16 09:34:59,220.015,220.01,1,219.93,200,220.1,100,220.1,219.93,219.93,200,219.92,300,219.86,100,219.85,100,219.83,100,219.75,100,219.71,200,219.7,100,219.69,100,219.66,200,220.1,100,220.11,200,220.12,100,220.16,100,220.17,600,,,,,,,,,,
2026-01-16 09:35:00,220.015,220.02,4,219.93,200,220.1,100,220.1,219.93,219.93,200,219.92,300,219.86,100,219.85,100,219.83,100,219.75,100,219.71,200,219.7,100,219.69,100,219.66,200,220.1,100,220.11,200,220.12,100,220.16,100,220.17,600,,,,,,,,,,
2026-01-16 09:35:01,220.015,220.02,4,219.93,200,220.1,100,220.1,219.93,219.93,200,219.92,300,219.86,100,219.85,100,219.83,100,219.75,100,219.71,200,219.7,100,219.69,100,219.66,200,220.1,100,220.11,200,220.12,100,220.16,100,220.17,600,,,,,,,,,,
2026-01-16 09:35:02,220.015,220.03,1,219.95,200,220.08,100,220.08,219.95,219.95,200,219.93,200,219.92,200,219.86,100,219.85,100,219.83,100,219.75,100,219.71,200,219.7,100,219.69,100,220.08,100,220.11,200,220.12,100,220.16,100,220.17,600,,,,,,,,,,
2026-01-16 09:35:03,220.015,219.87,2,219.95,200,220.08,100,220.08,219.95,219.95,200,219.93,200,219.92,200,219.86,100,219.85,100,219.83,100,219.75,100,219.71,200,219.7,100,219.69,100,220.08,100,220.11,200,220.12,100,220.16,100,220.17,600,,,,,,,,,,
2026-01-16 09:35:04,220.015,219.87,2,219.95,200,220.08,100,220.08,219.95,219.95,200,219.93,200,219.92,200,219.86,100,219.85,100,219.83,100,219.75,100,219.71,200,219.7,100,219.69,100,220.08,100,220.11,200,220.12,100,220.16,100,220.17,600,,,,,,,,,,
2026-01-16 09:35:05,220.015,220.01,27,219.95,200,220.08,100,220.08,219.95,219.95,200,219.93,200,219.92,200,219.86,100,219.85,100,219.83,100,219.75,100,219.71,200,219.7,100,219.69,100,220.08,100,220.11,200,220.12,100,220.16,100,220.17,600,,,,,,,,,,
2026-01-16 09:35:06,220.015,220.01,27,219.95,200,220.08,100,220.08,219.95,219.95,200,219.93,200,219.92,200,219.86,100,219.85,100,219.83,100,219.75,100,219.71,200,219.7,100,219.69,100,220.08,100,220.11,200,220.12,100,220.16,100,220.17,600,,,,,,,,,,
2026-01-16 09:35:07,219.905,219.93,1,219.73,100,220.08,400,220.08,219.73,219.73,100,219.71,200,219.7,100,219.69,100,219.66,200,219.61,200,219.6,300,219.59,100,219.54,100,219.52,400,220.08,400,220.11,200,220.12,100,220.16,100,220.17,600,,,,,,,,,,
2026-01-16 09:35:08,219.905,219.93,1,219.73,100,220.08,400,220.08,219.73,219.73,100,219.71,200,219.7,100,219.69,100,219.66,200,219.61,200,219.6,300,219.59,100,219.54,100,219.52,400,220.08,400,220.11,200,220.12,100,220.16,100,220.17,600,,,,,,,,,,
2026-01-16 09:35:09,219.91,219.86,1,219.75,100,220.07,100,220.07,219.75,219.75,100,219.73,100,219.71,200,219.7,100,219.69,100,219.66,200,219.61,200,219.6,300,219.59,100,219.54,100,220.07,100,220.08,300,220.11,200,220.12,100,220.16,100,220.17,600,,,,,,,,
2026-01-16 09:35:10,219.915,219.75,1,219.75,100,220.08,400,220.08,219.75,219.75,100,219.73,100,219.71,200,219.7,100,219.69,100,219.66,200,219.61,200,219.6,300,219.59,100,219.54,100,220.08,400,220.11,200,220.12,100,220.16,100,220.17,600,,,,,,,,,,
2026-01-16 09:35:11,219.94,219.75,1,219.8,100,220.08,400,220.08,219.8,219.8,100,219.75,100,219.73,100,219.71,200,219.7,100,219.69,100,219.66,200,219.61,200,219.6,300,219.59,100,220.08,400,220.11,200,220.12,100,220.16,100,220.17,600,,,,,,,,,,
2026-01-16 09:35:12,219.96,220.05,1,219.86,100,220.06,200,220.06,219.86,219.86,100,219.8,100,219.75,100,219.73,100,219.71,200,219.7,100,219.69,100,219.66,200,219.61,200,219.6,300,220.06,200,220.08,100,220.11,200,220.12,100,220.16,100,220.17,600,,,,,,,,
2026-01-16 09:35:13,219.96,220.05,1,219.86,100,220.06,200,220.06,219.86,219.86,100,219.8,100,219.75,100,219.73,100,219.71,200,219.7,100,219.69,100,219.66,200,219.61,200,219.6,300,220.06,200,220.08,100,220.11,200,220.12,100,220.16,100,220.17,600,,,,,,,,
2026-01-16 09:35:14,219.96,220.05,1,219.86,100,220.06,200,220.06,219.86,219.86,100,219.8,100,219.75,100,219.73,100,219.71,200,219.7,100,219.69,100,219.66,200,219.61,200,219.6,300,220.06,200,220.08,100,220.11,200,220.12,100,220.16,100,220.17,600,,,,,,,,
2026-01-16 09:35:15,219.96,220.05,1,219.86,100,220.06,200,220.06,219.86,219.86,100,219.8,100,219.75,100,219.73,100,219.71,200,219.7,100,219.69,100,219.66,200,219.61,200,219.6,300,220.06,200,220.08,100,220.11,200,220.12,100,220.16,100,220.17,600,,,,,,,,
2026-01-16 09:35:16,219.96,219.96,1,219.86,100,220.06,200,220.06,219.86,219.86,100,219.8,100,219.75,100,219.73,100,219.71,200,219.7,100,219.69,100,219.66,200,219.61,200,219.6,300,220.06,200,220.08,100,220.11,200,220.12,100,220.16,100,220.17,600,,,,,,,,
2026-01-16 09:35:17,219.96,219.96,1,219.86,100,220.06,200,220.06,219.86,219.86,100,219.8,100,219.75,100,219.73,100,219.71,200,219.7,100,219.69,100,219.66,200,219.61,200,219.6,300,220.06,200,220.08,100,220.11,200,220.12,100,220.16,100,220.17,600,,,,,,,,
2026-01-16 09:35:18,219.91,219.96,1,219.81,100,220.01,100,220.01,219.81,219.81,100,219.8,100,219.75,100,219.73,100,219.71,200,219.7,100,219.69,100,219.66,200,219.61,200,219.6,300,220.01,100,220.05,200,220.06,200,220.08,100,220.11,200,220.12,100,220.16,100,220.17,600,,,,
2026-01-16 09:35:19,219.905,219.96,1,219.8,100,220.01,100,220.01,219.8,219.8,100,219.75,100,219.73,100,219.71,200,219.7,100,219.69,100,219.66,200,219.61,200,219.6,300,219.59,100,220.01,100,220.05,200,220.06,200,220.08,100,220.11,200,220.12,100,220.16,100,220.17,600,,,,
2026-01-16 09:35:20,219.905,219.96,1,219.8,100,220.01,100,220.01,219.8,219.8,100,219.75,100,219.73,100,219.71,200,219.7,100,219.69,100,219.66,200,219.61,200,219.6,300,219.59,100,220.01,100,220.05,200,220.06,200,220.08,100,220.11,200,220.12,100,220.16,100,220.17,600,,,,
2026-01-16 09:35:21,219.905,219.96,1,219.8,100,220.01,100,220.01,219.8,219.8,100,219.75,100,219.73,100,219.71,200,219.7,100,219.69,100,219.66,200,219.61,200,219.6,300,219.59,100,220.01,100,220.05,200,220.06,200,220.08,100,220.11,200,220.12,100,220.16,100,220.17,600,,,,
2026-01-16 09:35:22,219.905,220.01,1,219.81,100,220.0,100,220.0,219.81,219.81,100,219.8,100,219.75,100,219.73,100,219.71,200,219.7,100,219.69,100,219.66,200,219.61,200,219.6,300,220.0,100,220.08,200,220.11,200,220.12,100,220.16,100,220.17,600,,,,,,,,
2026-01-16 09:35:23,219.905,219.91,5,219.81,100,220.0,100,220.0,219.81,219.81,100,219.8,100,219.75,100,219.73,100,219.71,200,219.7,100,219.69,100,219.66,200,219.61,200,219.6,300,220.0,100,220.08,200,220.11,200,220.12,100,220.16,100,220.17,600,,,,,,,,
2026-01-16 09:35:24,219.905,219.91,5,219.81,100,220.0,100,220.0,219.81,219.81,100,219.8,100,219.75,100,219.73,100,219.71,200,219.7,100,219.69,100,219.66,200,219.61,200,219.6,300,220.0,100,220.08,200,220.11,200,220.12,100,220.16,100,220.17,600,,,,,,,,
2026-01-16 09:35:25,219.905,219.91,1,219.81,100,220.0,100,220.0,219.81,219.81,100,219.8,100,219.75,100,219.73,100,219.71,200,219.7,100,219.69,100,219.66,200,219.61,200,219.6,300,220.0,100,220.08,200,220.11,200,220.12,100,220.16,100,220.17,600,,,,,,,,
2026-01-16 09:35:26,219.905,219.91,1,219.81,100,220.0,100,220.0,219.81,219.81,100,219.8,100,219.75,100,219.73,100,219.71,200,219.7,100,219.69,100,219.66,200,219.61,200,219.6,300,220.0,100,220.08,200,220.11,200,220.12,100,220.16,100,220.17,600,,,,,,,,
2026-01-16 09:35:27,219.945,219.91,1,219.81,100,220.08,200,220.08,219.81,219.81,100,219.8,100,219.75,100,219.73,100,219.71,200,219.7,100,219.69,100,219.66,200,219.61,200,219.6,300,220.08,200,220.11,200,220.12,100,220.16,100,220.17,600,,,,,,,,,,
2026-01-16 09:35:28,219.96,219.91,1,219.84,100,220.08,200,220.08,219.84,219.84,100,219.83,100,219.81,100,219.8,100,219.75,100,219.73,100,219.71,200,219.7,100,219.69,100,219.66,200,220.08,200,220.11,200,220.12,100,220.16,100,220.17,600,,,,,,,,,,
2026-01-16 09:35:29,219.96,220.08,1,219.84,100,220.08,200,220.08,219.84,219.84,100,219.83,100,219.81,100,219.8,100,219.75,100,219.73,100,219.71,200,219.7,100,219.69,100,219.66,200,220.08,200,220.11,200,220.12,100,220.16,100,220.17,600,,,,,,,,,,
2026-01-16 09:35:30,219.955,220.08,1,219.83,100,220.08,200,220.08,219.83,219.83,100,219.81,100,219.8,100,219.75,100,219.73,100,219.71,200,219.7,100,219.69,100,219.66,200,219.61,200,220.08,200,220.11,200,220.12,100,220.16,100,220.17,600,,,,,,,,,,
2026-01-16 09:35:31,219.96,219.96,2,219.84,100,220.08,200,220.08,219.84,219.84,100,219.83,100,219.81,100,219.8,100,219.75,100,219.73,100,219.71,200,219.7,100,219.69,100,219.66,200,220.08,200,220.11,200,220.12,100,220.16,100,220.17,600,,,,,,,,,,
2026-01-16 09:35:32,219.955,219.96,2,219.83,100,220.08,300,220.08,219.83,219.83,100,219.81,100,219.8,100,219.75,100,219.73,100,219.71,200,219.7,100,219.69,100,219.66,200,219.61,200,220.08,300,220.11,200,220.12,100,220.16,100,220.17,600,,,,,,,,,,
2026-01-16 09:35:33,219.96,219.96,2,219.84,100,220.08,300,220.08,219.84,219.84,100,219.83,100,219.81,100,219.8,100,219.75,100,219.73,100,219.71,200,219.7,100,219.69,100,219.66,200,220.08,300,220.11,200,220.12,100,220.16,100,220.17,600,,,,,,,,,,
2026-01-16 09:35:34,219.96,219.96,2,219.84,100,220.08,300,220.08,219.84,219.84,100,219.83,100,219.81,100,219.8,100,219.75,100,219.73,100,219.71,200,219.7,100,219.69,100,219.66,200,220.08,300,220.11,200,220.12,100,220.16,100,220.17,600,,,,,,,,,,
2026-01-16 09:35:35,219.96,219.96,2,219.84,100,220.08,300,220.08,219.84,219.84,100,219.83,100,219.81,100,219.8,100,219.75,100,219.73,100,219.71,200,219.7,100,219.69,100,219.66,200,220.08,300,220.11,200,220.12,100,220.16,100,220.17,600,,,,,,,,,,
2026-01-16 09:35:36,219.96,219.96,2,219.84,100,220.08,300,220.08,219.84,219.84,100,219.83,100,219.81,100,219.8,100,219.75,100,219.73,100,219.71,200,219.7,100,219.69,100,219.66,200,220.08,300,220.11,200,220.12,100,220.16,100,220.17,600,,,,,,,,,,
2026-01-16 09:35:37,219.96,219.96,2,219.84,100,220.08,300,220.08,219.84,219.84,100,219.83,100,219.81,100,219.8,100,219.75,100,219.73,100,219.71,200,219.7,100,219.69,100,219.66,200,220.08,300,220.11,200,220.12,100,220.16,100,220.17,600,,,,,,,,,,
2026-01-16 09:35:38,219.96,219.96,2,219.84,100,220.08,300,220.08,219.84,219.84,100,219.83,100,219.81,100,219.8,100,219.75,100,219.73,100,219.71,200,219.7,100,219.69,100,219.66,200,220.08,300,220.11,200,220.12,100,220.16,100,220.17,600,,,,,,,,,,
2026-01-16 09:35:39,219.96,219.96,2,219.84,100,220.08,300,220.08,219.84,219.84,100,219.83,100,219.81,100,219.8,100,219.75,100,219.73,100,219.71,200,219.7,100,219.69,100,219.66,200,220.08,300,220.11,200,220.12,100,220.16,100,220.17,600,,,,,,,,,,
2026-01-16 09:35:40,219.96,219.96,2,219.84,100,220.08,300,220.08,219.84,219.84,100,219.83,100,219.81,100,219.8,100,219.75,100,219.73,100,219.71,200,219.7,100,219.69,100,219.66,200,220.08,300,220.11,200,220.12,100,220.16,100,220.17,600,,,,,,,,,,
2026-01-16 09:35:41,220.005,219.96,2,219.93,100,220.08,300,220.08,219.93,219.93,100,219.84,100,219.83,100,219.81,100,219.8,100,219.75,100,219.73,100,219.71,200,219.7,100,219.69,100,220.08,300,220.11,200,220.12,100,220.16,100,220.17,600,,,,,,,,,,
2026-01-16 09:35:42,220.005,219.96,2,219.93,100,220.08,300,220.08,219.93,219.93,100,219.84,100,219.83,100,219.81,100,219.8,100,219.75,100,219.73,100,219.71,200,219.7,100,219.69,100,220.08,300,220.11,200,220.12,100,220.16,100,220.17,600,,,,,,,,,,
2026-01-16 09:35:43,220.005,219.96,2,219.93,100,220.08,300,220.08,219.93,219.93,100,219.84,100,219.83,100,219.81,100,219.8,100,219.75,100,219.73,100,219.71,200,219.7,100,219.69,100,220.08,300,220.11,200,220.12,100,220.16,100,220.17,600,,,,,,,,,,
2026-01-16 09:35:44,219.96,219.91,1,219.84,100,220.08,300,220.08,219.84,219.84,100,219.82,100,219.81,100,219.8,100,219.75,100,219.73,100,219.71,200,219.7,100,219.69,100,219.66,200,220.08,300,220.11,200,220.12,100,220.16,100,220.17,600,,,,,,,,,,
2026-01-16 09:35:45,219.96,219.91,1,219.84,100,220.08,300,220.08,219.84,219.84,100,219.81,100,219.8,100,219.75,100,219.73,100,219.71,200,219.7,100,219.69,100,219.66,200,219.61,200,220.08,300,220.11,200,220.12,100,220.16,100,220.17,600,,,,,,,,,,
2026-01-16 09:35:46,219.96,219.91,1,219.84,100,220.08,300,220.08,219.84,219.84,100,219.81,100,219.8,100,219.75,100,219.73,100,219.71,200,219.7,100,219.69,100,219.66,200,219.61,200,220.08,300,220.11,200,220.12,100,220.16,100,220.17,600,,,,,,,,,,
2026-01-16 09:35:47,219.945,219.95,1,219.81,100,220.08,300,220.08,219.81,219.81,100,219.8,100,219.75,100,219.73,100,219.71,200,219.7,100,219.69,100,219.66,200,219.61,200,219.6,300,220.08,300,220.11,200,220.12,100,220.16,100,220.17,600,,,,,,,,,,
2026-01-16 09:35:48,219.975,219.95,1,219.87,100,220.08,300,220.08,219.87,219.87,100,219.81,100,219.8,100,219.75,100,219.73,100,219.71,200,219.7,100,219.69,100,219.66,200,219.61,200,220.08,300,220.11,200,220.12,100,220.16,100,220.17,600,,,,,,,,,,
2026-01-16 09:35:49,219.975,219.95,1,219.87,100,220.08,300,220.08,219.87,219.87,100,219.81,100,219.8,100,219.75,100,219.73,100,219.71,200,219.7,100,219.69,100,219.66,200,219.61,200,220.08,300,220.11,200,220.12,100,220.16,100,220.17,600,,,,,,,,,,
2026-01-16 09:35:50,219.945,219.95,1,219.81,100,220.08,300,220.08,219.81,219.81,100,219.8,100,219.75,100,219.73,100,219.71,200,219.7,100,219.69,100,219.66,200,219.61,200,219.6,300,220.08,300,220.11,200,220.12,100,220.16,100,220.17,600,,,,,,,,,,
2026-01-16 09:35:51,219.91,219.84,1,219.81,100,220.01,100,220.01,219.81,219.81,100,219.8,200,219.75,100,219.73,100,219.71,200,219.7,100,219.69,100,219.66,200,219.61,200,219.6,300,220.01,100,220.08,300,220.11,200,220.12,100,220.16,100,220.17,600,,,,,,,,
2026-01-16 09:35:52,219.91,219.84,1,219.81,100,220.01,100,220.01,219.81,219.81,100,219.8,200,219.75,100,219.73,100,219.71,200,219.7,100,219.69,100,219.66,200,219.61,200,219.6,300,220.01,100,220.08,300,220.11,200,220.12,100,220.16,100,220.17,600,,,,,,,,
2026-01-16 09:35:53,219.745,219.75,1,219.67,100,219.82,100,219.82,219.67,219.67,100,219.62,200,219.61,200,219.6,300,219.59,100,219.54,100,219.52,400,219.51,300,219.5,300,219.48,200,219.82,100,219.9,100,219.91,300,220.01,200,220.08,300,220.11,200,220.12,100,220.16,100,220.17,600,,
2026-01-16 09:35:54,219.87,219.81,1,219.73,100,220.01,200,220.01,219.73,219.73,100,219.72,100,219.7,100,219.67,100,219.62,200,219.61,200,219.6,300,219.59,100,219.54,100,219.52,400,220.01,200,220.08,300,220.11,200,220.12,100,220.16,100,220.17,600,,,,,,,,
2026-01-16 09:35:55,219.87,219.87,1,219.73,100,220.01,200,220.01,219.73,219.73,100,219.72,100,219.7,100,219.67,100,219.62,200,219.61,200,219.6,300,219.59,100,219.54,100,219.52,400,220.01,200,220.08,300,220.11,200,220.12,100,220.16,100,220.17,600,,,,,,,,
2026-01-16 09:35:56,219.87,219.87,1,219.73,100,220.01,100,220.01,219.73,219.73,100,219.72,100,219.7,100,219.67,100,219.62,200,219.61,200,219.6,300,219.59,100,219.54,100,219.52,400,220.01,100,220.08,300,220.11,200,220.12,100,220.16,100,220.17,600,,,,,,,,
2026-01-16 09:35:57,219.885,219.87,1,219.73,100,220.04,100,220.04,219.73,219.73,100,219.72,100,219.7,100,219.67,100,219.62,200,219.61,200,219.6,300,219.59,100,219.54,100,219.52,400,220.04,100,220.08,300,220.11,200,220.12,100,220.16,100,220.17,600,,,,,,,,
2026-01-16 09:35:58,219.885,219.87,1,219.73,100,220.04,100,220.04,219.73,219.73,100,219.72,100,219.7,100,219.67,100,219.62,200,219.61,200,219.6,300,219.59,100,219.54,100,219.52,400,220.04,100,220.08,300,220.11,200,220.12,100,220.16,100,220.17,600,,,,,,,,
2026-01-16 09:35:59,219.835,219.8,1,219.62,200,220.05,100,220.05,219.62,219.62,200,219.61,200,219.6,300,219.59,100,219.54,100,219.52,400,219.51,300,219.5,300,219.48,200,219.47,100,220.05,100,220.08,300,220.11,200,220.12,100,220.16,100,220.17,600,,,,,,,,
2026-01-16 09:36:00,219.86,219.8,1,219.67,100,220.05,100,220.05,219.67,219.67,100,219.62,200,219.61,200,219.6,300,219.59,100,219.54,100,219.52,400,219.51,300,219.5,300,219.48,200,220.05,100,220.08,300,220.11,200,220.12,100,220.16,100,220.17,600,,,,,,,,
2026-01-16 09:36:01,219.785,219.8,1,219.62,200,219.95,200,219.95,219.62,219.62,200,219.61,200,219.6,300,219.59,100,219.54,100,219.52,400,219.51,300,219.5,300,219.48,200,219.47,100,219.95,200,220.04,100,220.05,100,220.08,300,220.11,200,220.12,100,220.16,100,220.17,600,,,,
2026-01-16 09:36:02,219.695,219.69,1,219.52,500,219.87,100,219.87,219.52,219.52,500,219.51,300,219.5,300,219.48,200,219.47,100,219.36,100,219.33,100,219.32,100,219.31,100,219.26,100,219.87,100,219.92,100,219.95,200,220.04,100,220.05,100,220.08,300,220.11,200,220.12,100,220.16,100,220.17,600
2026-01-16 09:36:03,219.695,219.69,1,219.52,500,219.87,100,219.87,219.52,219.52,500,219.51,300,219.5,300,219.48,200,219.47,100,219.36,100,219.33,100,219.32,100,219.31,100,219.26,100,219.87,100,219.92,100,219.95,200,220.04,100,220.05,100,220.08,300,220.11,200,220.12,100,220.16,100,220.17,600
2026-01-16 09:36:04,219.695,219.69,1,219.52,500,219.87,100,219.87,219.52,219.52,500,219.51,300,219.5,300,219.48,200,219.47,100,219.36,100,219.33,100,219.32,100,219.31,100,219.26,100,219.87,100,219.92,100,219.95,200,220.04,100,220.05,100,220.08,300,220.11,200,220.12,100,220.16,100,220.17,600
2026-01-16 09:36:05,219.7,219.69,1,219.53,100,219.87,100,219.87,219.53,219.53,100,219.52,500,219.51,300,219.5,300,219.48,200,219.47,100,219.36,100,219.33,100,219.32,100,219.31,100,219.87,100,219.92,100,219.95,200,220.04,100,220.05,100,220.08,300,220.11,200,220.12,100,220.16,100,220.17,600
2026-01-16 09:36:06,219.7,219.69,1,219.53,200,219.87,300,219.87,219.53,219.53,200,219.52,500,219.51,300,219.5,300,219.48,200,219.47,100,219.36,100,219.33,100,219.32,100,219.31,100,219.87,300,219.92,100,219.95,200,220.04,100,220.05,100,220.08,300,220.11,200,220.12,100,220.16,100,220.17,600
2026-01-16 09:36:07,219.7,219.69,1,219.53,200,219.87,300,219.87,219.53,219.53,200,219.52,500,219.51,300,219.5,300,219.48,200,219.47,100,219.36,100,219.33,100,219.32,100,219.31,100,219.87,300,219.92,100,219.95,200,220.04,100,220.05,100,220.08,300,220.11,200,220.12,100,220.16,100,220.17,600
2026-01-16 09:36:08,219.7,219.69,1,219.53,200,219.87,300,219.87,219.53,219.53,200,219.52,500,219.51,300,219.5,300,219.48,200,219.47,100,219.36,100,219.33,100,219.32,100,219.31,100,219.87,300,219.92,100,219.95,200,220.04,100,220.05,100,220.08,300,220.11,200,220.12,100,220.16,100,220.17,600
2026-01-16 09:36:09,219.72,219.7,1,219.57,100,219.87,300,219.87,219.57,219.57,100,219.53,200,219.52,500,219.51,300,219.5,300,219.48,200,219.47,100,219.36,100,219.33,100,219.32,100,219.87,300,219.92,100,219.95,200,220.04,100,220.05,100,220.08,300,220.11,200,220.12,100,220.16,100,220.17,600
2026-01-16 09:36:10,219.72,219.7,1,219.57,100,219.87,300,219.87,219.57,219.57,100,219.53,200,219.52,500,219.51,300,219.5,300,219.48,200,219.47,100,219.36,100,219.33,100,219.32,100,219.87,300,219.92,100,219.95,200,220.04,100,220.05,100,220.08,300,220.11,200,220.12,100,220.16,100,220.17,600
2026-01-16 09:36:11,219.695,219.7,1,219.52,500,219.87,300,219.87,219.52,219.52,500,219.51,300,219.5,300,219.48,200,219.47,100,219.36,100,219.33,100,219.32,100,219.31,100,219.26,100,219.87,300,219.92,100,219.95,200,220.04,100,220.05,100,220.08,300,220.11,200,220.12,100,220.16,100,220.17,600
2026-01-16 09:36:12,219.695,219.7,1,219.52,500,219.87,300,219.87,219.52,219.52,500,219.51,300,219.5,300,219.48,200,219.47,100,219.36,100,219.33,100,219.32,100,219.31,100,219.26,100,219.87,300,219.92,100,219.95,200,220.04,100,220.05,100,220.08,300,220.11,200,220.12,100,220.16,100,220.17,600
2026-01-16 09:36:13,219.695,219.7,1,219.52,500,219.87,300,219.87,219.52,219.52,500,219.51,300,219.5,300,219.48,200,219.47,100,219.36,100,219.33,100,219.32,100,219.31,100,219.26,100,219.87,300,219.92,100,219.95,200,220.04,100,220.05,100,220.08,300,220.11,200,220.12,100,220.16,100,220.17,600
2026-01-16 09:36:14,219.695,219.7,1,219.52,500,219.87,300,219.87,219.52,219.52,500,219.51,300,219.5,300,219.48,200,219.47,100,219.36,100,219.33,100,219.32,100,219.31,100,219.26,100,219.87,300,219.92,100,219.95,200,220.04,100,220.05,100,220.08,300,220.11,200,220.12,100,220.16,100,220.17,600
2026-01-16 09:36:15,219.695,219.7,1,219.52,500,219.87,300,219.87,219.52,219.52,500,219.51,300,219.5,300,219.48,200,219.47,100,219.36,100,219.33,100,219.32,100,219.31,100,219.26,100,219.87,300,219.92,100,219.95,200,220.04,100,220.05,100,220.08,300,220.11,200,220.12,100,220.16,100,220.17,600
2026-01-16 09:36:16,219.695,219.7,1,219.52,500,219.87,300,219.87,219.52,219.52,500,219.51,300,219.5,300,219.48,200,219.47,100,219.36,100,219.33,100,219.32,100,219.31,100,219.26,100,219.87,300,219.92,100,219.95,200,220.04,100,220.05,100,220.08,300,220.11,200,220.12,100,220.16,100,220.17,600
2026-01-16 09:36:17,219.695,219.7,1,219.52,500,219.87,300,219.87,219.52,219.52,500,219.51,300,219.5,300,219.48,200,219.47,100,219.36,100,219.33,100,219.32,100,219.31,100,219.26,100,219.87,300,219.92,100,219.95,200,220.04,100,220.05,100,220.08,300,220.11,200,220.12,100,220.16,100,220.17,600
2026-01-16 09:36:18,219.695,219.7,1,219.52,500,219.87,300,219.87,219.52,219.52,500,219.51,300,219.5,300,219.48,200,219.47,100,219.36,100,219.33,100,219.32,100,219.31,100,219.26,100,219.87,300,219.92,100,219.95,200,220.04,100,220.05,100,220.08,300,220.11,200,220.12,100,220.16,100,220.17,600
2026-01-16 09:36:19,219.695,219.7,1,219.52,500,219.87,300,219.87,219.52,219.52,500,219.51,300,219.5,300,219.48,200,219.47,100,219.36,100,219.33,100,219.32,100,219.31,100,219.26,100,219.87,300,219.92,100,219.95,200,220.04,100,220.05,100,220.08,300,220.11,200,220.12,100,220.16,100,220.17,600
2026-01-16 09:36:20,219.695,219.7,1,219.52,500,219.87,300,219.87,219.52,219.52,500,219.51,300,219.5,300,219.48,200,219.47,100,219.36,100,219.33,100,219.32,100,219.31,100,219.26,100,219.87,300,219.92,100,219.95,200,220.04,100,220.05,100,220.08,300,220.11,200,220.12,100,220.16,100,220.17,600
2026-01-16 09:36:21,219.71,219.7,1,219.55,100,219.87,300,219.87,219.55,219.55,100,219.52,500,219.51,300,219.5,300,219.48,200,219.47,100,219.36,100,219.33,100,219.32,100,219.31,100,219.87,300,219.92,100,219.95,200,220.04,100,220.05,100,220.08,300,220.11,200,220.12,100,220.16,100,220.17,600
2026-01-16 09:36:22,219.695,219.7,1,219.52,500,219.87,300,219.87,219.52,219.52,500,219.51,300,219.5,300,219.48,200,219.47,100,219.36,100,219.33,100,219.32,100,219.31,100,219.26,100,219.87,300,219.92,100,219.95,200,220.04,100,220.05,100,220.08,300,220.11,200,220.12,100,220.16,100,220.17,600
2026-01-16 09:36:23,219.695,219.7,1,219.52,500,219.87,300,219.87,219.52,219.52,500,219.51,300,219.5,300,219.48,200,219.47,100,219.36,100,219.33,100,219.32,100,219.31,100,219.26,100,219.87,300,219.92,100,219.95,200,220.04,100,220.05,100,220.08,300,220.11,200,220.12,100,220.16,100,220.17,600
2026-01-16 09:36:25,219.695,219.7,1,219.52,500,219.87,300,219.87,219.52,219.52,500,219.51,300,219.5,300,219.48,200,219.47,100,219.36,100,219.33,100,219.32,100,219.31,100,219.26,100,219.87,300,219.92,100,219.95,200,220.04,100,220.05,100,220.08,300,220.11,200,220.12,100,220.16,100,220.17,600
2026-01-16 09:36:26,219.71,219.7,1,219.55,100,219.87,300,219.87,219.55,219.55,100,219.52,500,219.51,300,219.5,300,219.48,200,219.47,100,219.36,100,219.33,100,219.32,100,219.31,100,219.87,300,219.92,100,219.95,200,220.04,100,220.05,100,220.08,300,220.11,200,220.12,100,220.16,100,220.17,600
2026-01-16 09:36:27,219.71,219.7,1,219.55,100,219.87,300,219.87,219.55,219.55,100,219.52,500,219.51,300,219.5,300,219.48,200,219.47,100,219.36,100,219.33,100,219.32,100,219.31,100,219.87,300,219.92,100,219.95,200,220.04,100,220.05,100,220.08,300,220.11,200,220.12,100,220.16,100,220.17,600
2026-01-16 09:36:28,219.71,219.7,1,219.55,100,219.87,300,219.87,219.55,219.55,100,219.53,100,219.52,500,219.51,300,219.5,300,219.48,200,219.47,100,219.36,100,219.33,100,219.32,100,219.87,300,219.92,100,219.95,200,220.04,100,220.05,100,220.08,300,220.11,200,220.12,100,220.16,100,220.17,600
2026-01-16 09:36:29,219.71,219.7,1,219.55,100,219.87,300,219.87,219.55,219.55,100,219.53,100,219.52,500,219.51,300,219.5,300,219.48,200,219.47,100,219.36,100,219.33,100,219.32,100,219.87,300,219.92,100,219.95,200,220.04,100,220.05,100,220.08,300,220.11,200,220.12,100,220.16,100,220.17,600
2026-01-16 09:36:30,219.71,219.7,1,219.55,100,219.87,300,219.87,219.55,219.55,100,219.53,100,219.52,500,219.51,300,219.5,300,219.48,200,219.47,100,219.36,100,219.33,100,219.32,100,219.87,300,219.92,100,219.95,200,220.04,100,220.05,100,220.08,300,220.11,200,220.12,100,220.16,100,220.17,600
2026-01-16 09:36:31,219.71,219.7,1,219.55,100,219.87,300,219.87,219.55,219.55,100,219.53,100,219.52,500,219.51,300,219.5,300,219.48,200,219.47,100,219.36,100,219.33,100,219.32,100,219.87,300,219.92,100,219.95,200,220.04,100,220.05,100,220.08,300,220.11,200,220.12,100,220.16,100,220.17,600
2026-01-16 09:36:32,219.71,219.7,1,219.55,100,219.87,300,219.87,219.55,219.55,100,219.52,500,219.51,300,219.5,300,219.48,200,219.47,100,219.36,100,219.33,100,219.32,100,219.31,100,219.87,300,219.92,100,219.95,200,220.04,100,220.05,100,220.08,300,220.11,200,220.12,100,220.16,100,220.17,600
2026-01-16 09:36:33,219.71,219.7,1,219.55,100,219.87,300,219.87,219.55,219.55,100,219.52,500,219.51,300,219.5,300,219.48,200,219.47,100,219.36,100,219.33,100,219.32,100,219.31,100,219.87,300,219.92,100,219.95,200,220.04,100,220.05,100,220.08,300,220.11,200,220.12,100,220.16,100,220.17,600
2026-01-16 09:36:34,219.71,219.7,1,219.55,200,219.87,300,219.87,219.55,219.55,200,219.52,500,219.51,300,219.5,300,219.48,200,219.47,100,219.36,100,219.33,100,219.32,100,219.31,100,219.87,300,219.92,100,219.95,200,220.04,100,220.05,100,220.08,300,220.11,200,220.12,100,220.16,100,220.17,600
2026-01-16 09:36:35,219.71,219.7,1,219.55,200,219.87,300,219.87,219.55,219.55,200,219.52,500,219.51,300,219.5,300,219.48,200,219.47,100,219.36,100,219.33,100,219.32,100,219.31,100,219.87,300,219.92,100,219.95,200,220.04,100,220.05,100,220.08,300,220.11,200,220.12,100,220.16,100,220.17,600
2026-01-16 09:36:36,219.71,219.7,1,219.55,200,219.87,300,219.87,219.55,219.55,200,219.52,500,219.51,300,219.5,300,219.48,200,219.47,100,219.36,100,219.33,100,219.32,100,219.31,100,219.87,300,219.92,100,219.95,200,220.04,100,220.05,100,220.08,300,220.11,200,220.12,100,220.16,100,220.17,600
2026-01-16 09:36:37,219.76,219.65,3,219.65,100,219.87,300,219.87,219.65,219.65,100,219.64,100,219.63,100,219.62,100,219.61,100,219.55,100,219.52,500,219.51,300,219.5,300,219.48,200,219.87,300,219.92,100,219.95,200,220.04,100,220.05,100,220.08,300,220.11,200,220.12,100,220.16,100,220.17,600
2026-01-16 09:36:38,219.74,219.65,3,219.61,100,219.87,300,219.87,219.61,219.61,100,219.55,100,219.52,500,219.51,300,219.5,300,219.48,200,219.47,100,219.36,100,219.33,100,219.32,100,219.87,300,219.92,100,219.95,200,220.04,100,220.05,100,220.08,300,220.11,200,220.12,100,220.16,100,220.17,600
2026-01-16 09:36:39,219.765,219.65,3,219.66,100,219.87,300,219.87,219.66,219.66,100,219.61,100,219.55,100,219.52,500,219.51,300,219.5,300,219.48,200,219.47,100,219.36,100,219.33,100,219.87,300,219.92,100,219.95,200,220.04,100,220.05,100,220.08,300,220.11,200,220.12,100,220.16,100,220.17,600
2026-01-16 09:36:40,219.765,219.65,3,219.66,100,219.87,300,219.87,219.66,219.66,100,219.61,100,219.55,100,219.52,500,219.51,300,219.5,300,219.48,200,219.47,100,219.36,100,219.33,100,219.87,300,219.92,100,219.95,200,220.04,100,220.05,100,220.08,300,220.11,200,220.12,100,220.16,100,220.17,600
2026-01-16 09:36:41,219.765,219.65,3,219.66,100,219.87,300,219.87,219.66,219.66,100,219.61,100,219.55,100,219.52,500,219.51,300,219.5,300,219.48,200,219.47,100,219.36,100,219.33,100,219.87,300,219.92,100,219.95,200,220.04,100,220.05,100,220.08,300,220.11,200,220.12,100,220.16,100,220.17,600
2026-01-16 09:36:42,219.765,219.65,3,219.66,100,219.87,300,219.87,219.66,219.66,100,219.61,100,219.55,100,219.52,500,219.51,300,219.5,300,219.48,200,219.47,100,219.36,100,219.33,100,219.87,300,219.92,100,219.95,200,220.04,100,220.05,100,220.08,300,220.11,200,220.12,100,220.16,100,220.17,600
2026-01-16 09:36:43,219.765,219.65,3,219.66,100,219.87,300,219.87,219.66,219.66,100,219.61,100,219.55,100,219.52,500,219.51,300,219.5,300,219.48,200,219.47,100,219.36,100,219.33,100,219.87,300,219.92,100,219.95,200,220.04,100,220.05,100,220.08,300,220.11,200,220.12,100,220.16,100,220.17,600
2026-01-16 09:36:44,219.765,219.65,3,219.66,100,219.87,300,219.87,219.66,219.66,100,219.61,100,219.55,100,219.52,500,219.51,300,219.5,300,219.48,200,219.47,100,219.36,100,219.33,100,219.87,300,219.92,100,219.95,200,220.04,100,220.05,100,220.08,300,220.11,200,220.12,100,220.16,100,220.17,600
2026-01-16 09:36:45,219.765,219.65,3,219.66,100,219.87,300,219.87,219.66,219.66,100,219.61,100,219.55,100,219.52,500,219.51,300,219.5,300,219.48,200,219.47,100,219.36,100,219.33,100,219.87,300,219.92,100,219.95,200,220.04,100,220.05,100,220.08,300,220.11,200,220.12,100,220.16,100,220.17,600
2026-01-16 09:36:46,219.77,219.76,6,219.67,100,219.87,300,219.87,219.67,219.67,100,219.66,100,219.61,100,219.55,100,219.52,500,219.51,300,219.5,300,219.48,200,219.47,100,219.36,100,219.87,300,219.92,100,219.95,200,220.04,100,220.05,100,220.08,300,220.11,200,220.12,100,220.16,100,220.17,600
2026-01-16 09:36:47,219.765,219.76,1,219.67,100,219.86,100,219.86,219.67,219.67,100,219.66,100,219.61,100,219.55,100,219.52,500,219.51,300,219.5,300,219.48,200,219.47,100,219.36,100,219.86,100,219.87,300,219.92,100,219.95,200,220.04,100,220.05,100,220.08,300,220.11,200,220.12,100,220.16,100
2026-01-16 09:36:48,219.885,219.86,1,219.77,100,220.0,100,220.0,219.77,219.77,100,219.76,300,219.71,200,219.68,100,219.67,100,219.66,100,219.61,100,219.55,100,219.52,500,219.51,300,220.0,100,220.04,100,220.05,100,220.08,300,220.11,200,220.12,100,220.16,100,220.17,600,,,,
2026-01-16 09:36:49,219.88,219.86,1,219.77,100,219.99,100,219.99,219.77,219.77,100,219.76,300,219.71,200,219.68,100,219.67,100,219.66,100,219.61,100,219.55,100,219.52,500,219.51,300,219.99,100,220.0,100,220.04,100,220.05,100,220.08,300,220.11,200,220.12,100,220.16,100,220.17,600,,
2026-01-16 09:36:50,219.885,219.88,1,219.78,100,219.99,100,219.99,219.78,219.78,100,219.77,100,219.76,300,219.71,200,219.68,100,219.67,100,219.66,100,219.61,100,219.55,100,219.52,500,219.99,100,220.0,100,220.04,100,220.05,100,220.08,300,220.11,200,220.12,100,220.16,100,220.17,600,,
2026-01-16 09:36:51,219.885,219.89,1,219.78,100,219.99,100,219.99,219.78,219.78,100,219.77,100,219.76,300,219.71,200,219.68,100,219.67,100,219.66,100,219.61,100,219.55,100,219.52,500,219.99,100,220.0,100,220.04,100,220.05,100,220.08,300,220.11,200,220.12,100,220.16,100,220.17,600,,
2026-01-16 09:36:52,219.885,219.89,1,219.78,200,219.99,100,219.99,219.78,219.78,200,219.77,100,219.76,300,219.71,200,219.68,100,219.67,100,219.66,100,219.61,100,219.55,100,219.52,500,219.99,100,220.0,100,220.04,100,220.05,100,220.08,300,220.11,200,220.12,100,220.16,100,220.17,600,,
2026-01-16 09:36:53,219.885,219.89,1,219.78,200,219.99,100,219.99,219.78,219.78,200,219.77,100,219.76,300,219.71,200,219.68,100,219.67,100,219.66,100,219.61,100,219.55,100,219.52,500,219.99,100,220.0,100,220.04,100,220.05,100,220.08,300,220.11,200,220.12,100,220.16,100,220.17,600,,
2026-01-16 09:36:54,219.885,219.89,1,219.78,200,219.99,100,219.99,219.78,219.78,200,219.77,100,219.76,300,219.71,200,219.68,100,219.67,100,219.66,100,219.61,100,219.55,100,219.52,500,219.99,100,220.0,100,220.04,100,220.05,100,220.08,300,220.11,200,220.12,100,220.16,100,220.17,600,,
2026-01-16 09:36:55,219.885,219.89,1,219.78,200,219.99,100,219.99,219.78,219.78,200,219.77,100,219.76,300,219.71,200,219.68,100,219.67,100,219.66,100,219.61,100,219.55,100,219.52,500,219.99,100,220.0,100,220.04,100,220.05,100,220.08,300,220.11,200,220.12,100,220.16,100,220.17,600,,
2026-01-16 09:36:56,219.885,219.89,1,219.78,200,219.99,100,219.99,219.78,219.78,200,219.77,100,219.76,300,219.71,200,219.68,100,219.67,100,219.66,100,219.61,100,219.55,100,219.52,500,219.99,100,220.0,100,220.04,100,220.05,100,220.08,300,220.11,200,220.12,100,220.16,100,220.17,600,,
2026-01-16 09:36:57,219.885,219.89,1,219.78,200,219.99,100,219.99,219.78,219.78,200,219.77,100,219.76,300,219.71,200,219.68,100,219.67,100,219.66,100,219.61,100,219.55,100,219.52,500,219.99,100,220.0,100,220.04,100,220.05,100,220.08,300,220.11,200,220.12,100,220.16,100,220.17,600,,
2026-01-16 09:36:58,219.885,219.88,1,219.78,200,219.99,100,219.99,219.78,219.78,200,219.77,100,219.76,300,219.71,200,219.68,100,219.67,100,219.66,100,219.61,100,219.55,100,219.52,500,219.99,100,220.0,100,220.04,100,220.05,100,220.08,300,220.11,200,220.12,100,220.16,100,220.17,600,,
2026-01-16 09:36:59,219.885,219.88,1,219.78,200,219.99,100,219.99,219.78,219.78,200,219.77,100,219.76,300,219.71,200,219.68,100,219.67,100,219.66,100,219.61,100,219.55,100,219.52,500,219.99,100,220.0,100,220.04,100,220.05,100,220.08,300,220.11,200,220.12,100,220.16,100,220.17,600,,
2026-01-16 09:37:00,219.89,219.88,1,219.79,100,219.99,100,219.99,219.79,219.79,100,219.78,200,219.77,100,219.76,300,219.71,200,219.68,100,219.67,100,219.66,100,219.61,100,219.55,100,219.99,100,220.0,100,220.04,100,220.05,100,220.08,300,220.11,200,220.12,100,220.16,100,220.17,600,,
2026-01-16 09:37:01,219.8,219.78,1,219.62,100,219.98,100,219.98,219.62,219.62,100,219.55,100,219.52,500,219.51,300,219.5,300,219.48,200,219.47,100,219.36,100,219.33,100,219.32,100,219.98,100,219.99,100,220.0,100,220.04,100,220.05,100,220.08,300,220.11,200,220.12,100,220.16,100,220.17,600
2026-01-16 09:37:02,219.805,219.78,1,219.62,100,219.99,200,219.99,219.62,219.62,100,219.55,100,219.52,500,219.51,300,219.5,300,219.48,200,219.47,100,219.36,100,219.33,100,219.32,100,219.99,200,220.0,100,220.04,100,220.05,100,220.08,300,220.11,200,220.12,100,220.16,100,220.17,600,,
2026-01-16 09:37:03,219.825,219.78,1,219.66,100,219.99,200,219.99,219.66,219.66,100,219.63,100,219.62,100,219.55,100,219.52,500,219.51,300,219.5,300,219.48,200,219.47,100,219.36,100,219.99,200,220.0,100,220.04,100,220.05,100,220.08,300,220.11,200,220.12,100,220.16,100,220.17,600,,
2026-01-16 09:37:04,219.81,219.78,1,219.63,100,219.99,200,219.99,219.63,219.63,100,219.62,100,219.55,100,219.52,500,219.51,300,219.5,300,219.48,200,219.47,100,219.36,100,219.33,100,219.99,200,220.0,100,220.04,100,220.05,100,220.08,300,220.11,200,220.12,100,220.16,100,220.17,600,,
2026-01-16 09:37:05,219.705,219.78,1,219.61,200,219.8,100,219.8,219.61,219.61,200,219.55,100,219.52,500,219.51,300,219.5,300,219.48,200,219.47,100,219.36,100,219.33,100,219.32,100,219.8,100,219.99,200,220.0,100,220.04,100,220.05,100,220.08,300,220.11,200,220.12,100,220.16,100,220.17,600
2026-01-16 09:37:06,219.705,219.78,1,219.61,200,219.8,100,219.8,219.61,219.61,200,219.55,100,219.52,500,219.51,300,219.5,300,219.48,200,219.47,100,219.36,100,219.33,100,219.32,100,219.8,100,219.99,200,220.0,100,220.04,100,220.05,100,220.08,300,220.11,200,220.12,100,220.16,100,220.17,600
2026-01-16 09:37:07,219.705,219.78,1,219.61,200,219.8,100,219.8,219.61,219.61,200,219.55,100,219.52,500,219.51,300,219.5,300,219.48,200,219.47,100,219.36,100,219.33,100,219.32,100,219.8,100,219.99,200,220.0,100,220.04,100,220.05,100,220.08,300,220.11,200,220.12,100,220.16,100,220.17,600
2026-01-16 09:37:08,219.705,219.78,1,219.61,200,219.8,100,219.8,219.61,219.61,200,219.55,100,219.52,500,219.51,300,219.5,300,219.48,200,219.47,100,219.36,100,219.33,100,219.32,100,219.8,100,219.99,200,220.0,100,220.04,100,220.05,100,220.08,300,220.11,200,220.12,100,220.16,100,220.17,600
2026-01-16 09:37:09,219.705,219.78,1,219.61,200,219.8,100,219.8,219.61,219.61,200,219.55,100,219.52,500,219.51,300,219.5,300,219.48,200,219.47,100,219.36,100,219.33,100,219.32,100,219.8,100,219.99,200,220.0,100,220.04,100,220.05,100,220.08,300,220.11,200,220.12,100,220.16,100,220.17,600
2026-01-16 09:37:10,219.675,219.78,1,219.57,100,219.78,200,219.78,219.57,219.57,100,219.55,100,219.52,500,219.51,300,219.5,300,219.48,200,219.47,100,219.36,100,219.33,100,219.32,100,219.78,200,219.79,100,219.8,100,219.99,200,220.0,100,220.04,100,220.05,100,220.08,300,220.11,200,220.12,100
2026-01-16 09:37:11,219.675,219.78,1,219.57,100,219.78,200,219.78,219.57,219.57,100,219.55,100,219.52,500,219.51,300,219.5,300,219.48,200,219.47,100,219.36,100,219.33,100,219.32,100,219.78,200,219.79,100,219.8,100,219.99,200,220.0,100,220.04,100,220.05,100,220.08,300,220.11,200,220.12,100
2026-01-16 09:37:12,219.675,219.78,1,219.57,100,219.78,200,219.78,219.57,219.57,100,219.55,100,219.52,500,219.51,300,219.5,300,219.48,200,219.47,100,219.36,100,219.33,100,219.32,100,219.78,200,219.79,100,219.8,100,219.99,200,220.0,100,220.04,100,220.05,100,220.08,300,220.11,200,220.12,100
2026-01-16 09:37:13,219.675,219.78,1,219.57,100,219.78,200,219.78,219.57,219.57,100,219.55,100,219.52,500,219.51,300,219.5,300,219.48,200,219.47,100,219.36,100,219.33,100,219.32,100,219.78,200,219.79,100,219.8,100,219.99,200,220.0,100,220.04,100,220.05,100,220.08,300,220.11,200,220.12,100
2026-01-16 09:37:14,219.68,219.78,1,219.57,100,219.79,100,219.79,219.57,219.57,100,219.55,100,219.52,500,219.51,300,219.5,300,219.48,200,219.47,100,219.36,100,219.33,100,219.32,100,219.79,100,219.8,100,219.99,200,220.0,100,220.04,100,220.05,100,220.08,300,220.11,200,220.12,100,220.16,100
2026-01-16 09:37:15,219.71,219.71,1,219.63,100,219.79,100,219.79,219.63,219.63,100,219.57,100,219.55,100,219.52,500,219.51,300,219.5,300,219.48,200,219.47,100,219.36,100,219.33,100,219.79,100,219.8,100,219.99,200,220.0,100,220.04,100,220.05,100,220.08,300,220.11,200,220.12,100,220.16,100
2026-01-16 09:37:16,219.705,219.71,1,219.63,100,219.78,100,219.78,219.63,219.63,100,219.57,100,219.55,100,219.52,500,219.51,300,219.5,300,219.48,200,219.47,100,219.36,100,219.33,100,219.78,100,219.79,100,219.8,100,219.99,200,220.0,100,220.04,100,220.05,100,220.08,300,220.11,200,220.12,100
2026-01-16 09:37:17,219.675,219.71,1,219.57,100,219.78,200,219.78,219.57,219.57,100,219.55,100,219.52,500,219.51,300,219.5,300,219.48,200,219.47,100,219.36,100,219.33,100,219.32,100,219.78,200,219.79,100,219.8,100,219.99,200,220.0,100,220.04,100,220.05,100,220.08,300,220.11,200,220.12,100
2026-01-16 09:37:18,219.675,219.71,1,219.57,100,219.78,200,219.78,219.57,219.57,100,219.55,100,219.52,500,219.51,300,219.5,300,219.48,200,219.47,100,219.36,100,219.33,100,219.32,100,219.78,200,219.79,100,219.8,100,219.99,200,220.0,100,220.04,100,220.05,100,220.08,300,220.11,200,220.12,100
2026-01-16 09:37:19,219.675,219.71,1,219.57,100,219.78,200,219.78,219.57,219.57,100,219.55,100,219.52,500,219.51,300,219.5,300,219.48,200,219.47,100,219.36,100,219.33,100,219.32,100,219.78,200,219.79,100,219.8,100,219.99,200,220.0,100,220.04,100,220.05,100,220.08,300,220.11,200,220.12,100
2026-01-16 09:37:20,219.675,219.71,1,219.57,100,219.78,200,219.78,219.57,219.57,100,219.55,100,219.52,500,219.51,300,219.5,300,219.48,200,219.47,100,219.36,100,219.33,100,219.32,100,219.78,200,219.79,100,219.8,100,219.99,200,220.0,100,220.04,100,220.05,100,220.08,300,220.11,200,220.12,100
2026-01-16 09:37:21,219.675,219.71,1,219.57,100,219.78,200,219.78,219.57,219.57,100,219.55,100,219.52,500,219.51,300,219.5,300,219.48,200,219.47,100,219.36,100,219.33,100,219.32,100,219.78,200,219.79,100,219.8,100,219.99,200,220.0,100,220.04,100,220.05,100,220.08,300,220.11,200,220.12,100
2026-01-16 09:37:22,219.675,219.68,1,219.57,100,219.78,200,219.78,219.57,219.57,100,219.55,100,219.52,500,219.51,300,219.5,300,219.48,200,219.47,100,219.36,100,219.33,100,219.32,100,219.78,200,219.79,100,219.8,100,219.99,200,220.0,100,220.04,100,220.05,100,220.08,300,220.11,200,220.12,100
2026-01-16 09:37:23,219.675,219.68,1,219.57,100,219.78,200,219.78,219.57,219.57,100,219.55,100,219.52,500,219.51,300,219.5,300,219.48,200,219.47,100,219.36,100,219.33,100,219.32,100,219.78,200,219.79,100,219.8,100,219.99,200,220.0,100,220.04,100,220.05,100,220.08,300,220.11,200,220.12,100
2026-01-16 09:37:24,219.675,219.68,1,219.57,100,219.78,200,219.78,219.57,219.57,100,219.55,100,219.52,500,219.51,300,219.5,300,219.48,200,219.47,100,219.36,100,219.33,100,219.32,100,219.78,200,219.79,100,219.8,100,219.99,200,220.0,100,220.04,100,220.05,100,220.08,300,220.11,200,220.12,100
2026-01-16 09:37:25,219.675,219.68,29,219.57,100,219.78,200,219.78,219.57,219.57,100,219.55,100,219.52,500,219.51,300,219.5,300,219.48,200,219.47,100,219.36,100,219.33,100,219.32,100,219.78,200,219.79,100,219.8,100,219.99,200,220.0,100,220.04,100,220.05,100,220.08,300,220.11,200,220.12,100
2026-01-16 09:37:26,219.69,219.68,29,219.6,100,219.78,200,219.78,219.6,219.6,100,219.57,100,219.52,500,219.51,300,219.5,300,219.48,200,219.47,100,219.36,100,219.33,100,219.32,100,219.78,200,219.79,100,219.8,100,219.99,200,220.0,100,220.04,100,220.05,100,220.08,300,220.11,200,220.12,100
2026-01-16 09:37:27,219.675,219.69,1,219.57,100,219.78,200,219.78,219.57,219.57,100,219.52,500,219.51,300,219.5,300,219.48,200,219.47,100,219.36,100,219.33,100,219.32,100,219.31,100,219.78,200,219.79,100,219.8,100,219.99,200,220.0,100,220.04,100,220.05,100,220.08,300,220.11,200,220.12,100
2026-01-16 09:37:28,219.675,219.68,1,219.57,100,219.78,200,219.78,219.57,219.57,100,219.52,500,219.51,300,219.5,300,219.48,200,219.47,100,219.36,100,219.33,100,219.32,100,219.31,100,219.78,200,219.79,100,219.8,100,219.99,200,220.0,100,220.04,100,220.05,100,220.08,300,220.11,200,220.12,100
2026-01-16 09:37:29,219.625,219.61,1,219.55,100,219.7,100,219.7,219.55,219.55,100,219.52,500,219.51,300,219.5,300,219.48,200,219.47,100,219.36,100,219.33,100,219.32,100,219.31,100,219.7,100,219.78,200,219.79,100,219.8,100,219.99,200,220.0,100,220.04,100,220.05,100,220.08,300,220.11,200
2026-01-16 09:37:30,219.625,219.62,1,219.55,100,219.7,100,219.7,219.55,219.55,100,219.52,500,219.51,300,219.5,300,219.48,200,219.47,100,219.36,100,219.33,100,219.32,100,219.31,100,219.7,100,219.78,200,219.79,100,219.8,100,219.99,200,220.0,100,220.04,100,220.05,100,220.08,300,220.11,200
