sim_time,mid_price,last_price,last_size,best_bid_price,best_bid_size,best_ask_price,best_ask_size,close_price_buy,close_price_sell,bid1_price,bid1_size,bid2_price,bid2_size,bid3_price,bid3_size,bid4_price,bid4_size,bid5_price,bid5_size,bid6_price,bid6_size,bid7_price,bid7_size,bid8_price,bid8_size,bid9_price,bid9_size,bid10_price,bid10_size,ask1_price,ask1_size,ask2_price,ask2_size,ask3_price,ask3_size,ask4_price,ask4_size,ask5_price,ask5_size,ask6_price,ask6_size,ask7_price,ask7_size,ask8_price,ask8_size,ask9_price,ask9_size,ask10_price,ask10_size
2026-01-16 09:30:36,310.68,310.8,3,310.56,520,310.8,80,310.8,310.56,310.56,520,310.55,40,310.54,120,310.46,800,310.4,160,310.29,200,310.19,160,310.01,120,310.0,80,309.58,160,310.8,80,310.81,600,310.99,440,,,,,,,,,,,,,,
2026-01-16 09:30:37,310.785,310.81,1,310.69,400,310.88,120,310.88,310.69,310.69,400,310.57,40,310.56,520,310.55,40,310.54,120,310.46,800,310.4,160,310.29,200,310.19,160,310.01,120,310.88,120,310.99,440,,,,,,,,,,,,,,,,
2026-01-16 09:30:38,310.785,310.81,1,310.69,200,310.88,200,310.88,310.69,310.69,200,310.57,40,310.56,520,310.55,40,310.54,120,310.46,800,310.4,160,310.29,200,310.19,160,310.01,120,310.88,200,310.99,440,,,,,,,,,,,,,,,,
2026-01-16 09:30:38,310.785,310.81,1,310.69,200,310.88,240,310.88,310.69,310.69,200,310.57,40,310.56,520,310.55,40,310.54,120,310.46,800,310.4,160,310.29,200,310.19,160,310.01,120,310.88,240,310.99,440,,,,,,,,,,,,,,,,
2026-01-16 09:30:39,310.785,310.81,1,310.69,200,310.88,400,310.88,310.69,310.69,200,310.57,40,310.56,520,310.55,40,310.54,120,310.46,800,310.4,160,310.29,200,310.19,160,310.01,120,310.88,400,310.99,440,,,,,,,,,,,,,,,,
2026-01-16 09:30:39,310.785,310.81,1,310.69,200,310.88,400,310.88,310.69,310.69,200,310.57,40,310.56,520,310.55,40,310.54,120,310.46,800,310.4,160,310.29,200,310.19,160,310.01,120,310.88,400,310.99,440,,,,,,,,,,,,,,,,
2026-01-16 09:30:41,310.82,310.78,1,310.69,600,310.95,120,310.95,310.69,310.69,600,310.57,40,310.56,520,310.55,40,310.54,120,310.46,800,310.4,160,310.29,200,310.19,160,310.01,120,310.95,120,310.96,120,310.99,440,,,,,,,,,,,,,,
2026-01-16 09:30:43,310.875,310.96,2,310.79,40,310.96,240,310.96,310.79,310.79,40,310.71,40,310.69,800,310.57,40,310.56,520,310.55,40,310.54,120,310.46,800,310.4,160,310.29,200,310.96,240,310.99,440,,,,,,,,,,,,,,,,
2026-01-16 09:30:44,310.875,310.96,2,310.79,320,310.96,240,310.96,310.79,310.79,320,310.71,40,310.69,800,310.57,40,310.56,520,310.55,40,310.54,120,310.46,800,310.4,160,310.29,200,310.96,240,310.99,440,,,,,,,,,,,,,,,,
2026-01-16 09:30:45,310.875,310.96,2,310.79,320,310.96,240,310.96,310.79,310.79,320,310.71,40,310.69,800,310.57,40,310.56,520,310.55,40,310.54,120,310.46,800,310.4,160,310.29,200,310.96,240,310.99,440,,,,,,,,,,,,,,,,
2026-01-16 09:30:46,310.875,310.96,2,310.79,320,310.96,240,310.96,310.79,310.79,320,310.71,40,310.69,800,310.57,40,310.56,520,310.55,40,310.54,120,310.46,800,310.4,160,310.29,200,310.96,240,310.99,440,,,,,,,,,,,,,,,,
2026-01-16 09:30:47,310.885,310.79,1,310.81,80,310.96,360,310.96,310.81,310.81,80,310.79,200,310.71,40,310.69,800,310.57,40,310.56,520,310.55,40,310.54,120,310.46,800,310.4,160,310.96,360,310.99,440,,,,,,,,,,,,,,,,
2026-01-16 09:30:48,310.885,310.79,1,310.81,80,310.96,360,310.96,310.81,310.81,80,310.79,200,310.71,40,310.69,800,310.57,40,310.56,520,310.55,40,310.54,120,310.46,800,310.4,160,310.96,360,310.99,440,,,,,,,,,,,,,,,,
2026-01-16 09:30:49,310.885,310.89,1,310.81,80,310.96,400,310.96,310.81,310.81,80,310.79,200,310.71,40,310.69,800,310.57,40,310.56,520,310.55,40,310.54,120,310.46,800,310.4,160,310.96,400,310.99,440,,,,,,,,,,,,,,,,
2026-01-16 09:30:50,310.93,310.89,2,310.87,120,310.99,480,310.99,310.87,310.87,120,310.81,120,310.79,200,310.71,40,310.69,800,310.57,40,310.56,520,310.55,40,310.54,120,310.46,800,310.99,480,,,,,,,,,,,,,,,,,,
2026-01-16 09:30:51,310.93,310.89,2,310.87,120,310.99,480,310.99,310.87,310.87,120,310.81,120,310.79,200,310.71,40,310.69,800,310.57,40,310.56,520,310.55,40,310.54,120,310.46,800,310.99,480,,,,,,,,,,,,,,,,,,
2026-01-16 09:30:52,310.93,310.89,2,310.87,280,310.99,480,310.99,310.87,310.87,280,310.81,120,310.79,200,310.71,40,310.69,800,310.57,40,310.56,520,310.55,40,310.54,120,310.46,800,310.99,480,,,,,,,,,,,,,,,,,,
2026-01-16 09:30:53,310.99,310.99,1,310.88,120,311.1,1040,311.1,310.88,310.88,120,310.87,280,310.81,120,310.79,200,310.71,40,310.69,800,310.57,40,310.56,520,310.55,40,310.54,120,311.1,1040,,,,,,,,,,,,,,,,,,
2026-01-16 09:30:54,310.995,310.99,1,310.89,320,311.1,1040,311.1,310.89,310.89,320,310.88,120,310.87,280,310.81,120,310.79,200,310.71,40,310.69,800,310.57,40,310.56,520,310.55,40,311.1,1040,,,,,,,,,,,,,,,,,,
2026-01-16 09:30:55,311.0,310.99,1,310.9,120,311.1,1040,311.1,310.9,310.9,120,310.89,840,310.88,120,310.87,280,310.81,120,310.79,200,310.71,40,310.69,800,310.57,40,310.56,520,311.1,1040,,,,,,,,,,,,,,,,,,
2026-01-16 09:30:56,311.125,311.27,2,310.98,160,311.27,120,311.27,310.98,310.98,160,310.9,120,310.89,840,310.88,120,310.87,280,310.81,120,310.79,200,310.71,40,310.69,800,310.57,40,311.27,120,,,,,,,,,,,,,,,,,,
2026-01-16 09:30:57,311.095,311.1,1,310.93,40,311.26,200,311.26,310.93,310.93,40,310.9,120,310.89,840,310.88,120,310.87,280,310.81,120,310.79,200,310.71,40,310.69,800,310.57,40,311.26,200,311.27,440,,,,,,,,,,,,,,,,
2026-01-16 09:30:58,310.765,310.76,2,310.56,760,310.97,440,310.97,310.56,310.56,760,310.55,40,310.54,120,310.46,800,310.4,160,310.29,200,310.19,160,310.01,120,310.0,80,309.58,160,310.97,440,311.04,40,311.05,120,311.1,120,311.26,200,311.27,440,,,,,,,,
2026-01-16 09:30:59,310.755,310.76,2,310.55,80,310.96,80,310.96,310.55,310.55,80,310.54,120,310.46,800,310.4,160,310.29,200,310.19,160,310.01,120,310.0,80,309.58,160,309.57,160,310.96,80,310.97,440,311.04,40,311.05,120,311.1,120,311.26,200,311.27,440,,,,,,
2026-01-16 09:31:00,310.78,310.76,2,310.6,80,310.96,120,310.96,310.6,310.6,80,310.55,80,310.54,120,310.46,800,310.4,160,310.29,200,310.19,160,310.01,120,310.0,80,309.58,160,310.96,120,310.97,440,311.04,40,311.05,120,311.1,120,311.26,200,311.27,440,,,,,,
2026-01-16 09:31:01,311.1,310.96,1,311.0,320,311.2,120,311.2,311.0,311.0,320,310.96,80,310.9,80,310.83,40,310.71,40,310.7,40,310.6,160,310.55,80,310.54,120,310.46,800,311.2,120,311.22,40,311.23,40,311.26,200,311.27,440,,,,,,,,,,
2026-01-16 09:31:02,311.1,310.8,1,311.0,320,311.2,120,311.2,311.0,311.0,320,310.96,80,310.9,80,310.83,40,310.71,40,310.7,40,310.6,160,310.55,80,310.54,120,310.46,800,311.2,120,311.22,40,311.23,40,311.26,200,311.27,440,,,,,,,,,,
2026-01-16 09:31:03,311.1,311.15,1,311.0,320,311.2,120,311.2,311.0,311.0,320,310.96,80,310.9,80,310.83,40,310.71,40,310.7,40,310.6,160,310.55,80,310.54,120,310.46,800,311.2,120,311.22,40,311.23,40,311.26,200,311.27,440,,,,,,,,,,
2026-01-16 09:31:04,311.1,311.15,1,311.0,480,311.2,120,311.2,311.0,311.0,480,310.96,80,310.9,80,310.83,40,310.71,40,310.7,40,310.6,160,310.55,80,310.54,120,310.46,800,311.2,120,311.22,40,311.23,40,311.26,200,311.27,440,,,,,,,,,,
2026-01-16 09:31:05,311.1,311.01,2,311.0,480,311.2,160,311.2,311.0,311.0,480,310.96,80,310.9,80,310.83,40,310.71,40,310.7,40,310.6,160,310.55,80,310.54,120,310.46,800,311.2,160,311.22,40,311.23,40,311.26,200,311.27,440,,,,,,,,,,
2026-01-16 09:31:06,310.815,310.81,2,310.7,120,310.93,200,310.93,310.7,310.7,120,310.6,160,310.55,80,310.54,120,310.46,800,310.4,160,310.29,200,310.19,160,310.01,120,310.0,80,310.93,200,311.03,120,311.04,40,311.05,80,311.16,80,311.2,320,311.22,40,311.23,40,311.26,200,311.27,440
2026-01-16 09:31:07,310.815,310.82,2,310.7,80,310.93,280,310.93,310.7,310.7,80,310.6,160,310.55,80,310.54,120,310.46,800,310.4,160,310.29,200,310.19,160,310.01,120,310.0,80,310.93,280,311.03,120,311.04,40,311.05,80,311.16,80,311.2,320,311.22,40,311.23,40,311.26,200,311.27,440
2026-01-16 09:31:08,310.91,310.92,1,310.82,80,311.0,80,311.0,310.82,310.82,80,310.71,40,310.7,80,310.6,160,310.55,80,310.54,120,310.46,800,310.4,160,310.29,200,310.19,160,311.0,80,311.03,120,311.04,40,311.05,80,311.16,80,311.2,320,311.22,40,311.23,40,311.26,200,311.27,440
2026-01-16 09:31:09,310.91,310.9,1,310.82,160,311.0,80,311.0,310.82,310.82,160,310.71,40,310.7,80,310.6,160,310.55,80,310.54,120,310.46,800,310.4,160,310.29,200,310.19,160,311.0,80,311.03,120,311.04,40,311.05,80,311.16,80,311.2,320,311.22,40,311.23,40,311.26,200,311.27,440
2026-01-16 09:31:10,310.91,310.9,1,310.82,160,311.0,80,311.0,310.82,310.82,160,310.71,40,310.7,80,310.6,160,310.55,80,310.54,120,310.46,800,310.4,160,310.29,200,310.19,160,311.0,80,311.03,120,311.04,40,311.05,80,311.16,80,311.2,320,311.22,40,311.23,40,311.26,200,311.27,440
2026-01-16 09:31:11,310.94,310.91,1,310.83,80,311.05,160,311.05,310.83,310.83,80,310.82,80,310.71,40,310.7,80,310.6,160,310.55,80,310.54,120,310.46,800,310.4,160,310.29,200,311.05,160,311.16,80,311.2,320,311.22,40,311.23,40,311.26,200,311.27,440,,,,,,
2026-01-16 09:31:12,310.94,310.91,1,310.83,80,311.05,280,311.05,310.83,310.83,80,310.82,80,310.71,40,310.7,80,310.6,160,310.55,80,310.54,120,310.46,800,310.4,160,310.29,200,311.05,280,311.16,80,311.2,320,311.22,40,311.23,40,311.26,200,311.27,440,,,,,,
2026-01-16 09:31:13,310.94,310.91,1,310.83,80,311.05,240,311.05,310.83,310.83,80,310.82,80,310.71,40,310.7,80,310.6,160,310.55,80,310.54,120,310.46,800,310.4,160,310.29,200,311.05,240,311.16,80,311.2,320,311.22,40,311.23,40,311.26,200,311.27,440,,,,,,
2026-01-16 09:31:14,310.94,310.91,1,310.83,160,311.05,240,311.05,310.83,310.83,160,310.82,80,310.71,40,310.7,80,310.6,160,310.55,80,310.54,120,310.46,800,310.4,160,310.29,200,311.05,240,311.16,80,311.2,320,311.22,40,311.23,40,311.26,200,311.27,440,,,,,,
2026-01-16 09:31:15,310.94,310.91,1,310.83,280,311.05,320,311.05,310.83,310.83,280,310.82,80,310.71,40,310.7,80,310.6,160,310.55,80,310.54,120,310.46,800,310.4,160,310.29,200,311.05,320,311.16,80,311.2,320,311.22,40,311.23,40,311.26,200,311.27,440,,,,,,
2026-01-16 09:31:16,310.945,310.91,1,310.84,120,311.05,320,311.05,310.84,310.84,120,310.83,280,310.82,80,310.71,40,310.7,80,310.6,160,310.55,80,310.54,120,310.46,800,310.4,160,311.05,320,311.16,80,311.2,320,311.22,40,311.23,40,311.26,200,311.27,440,,,,,,
2026-01-16 09:31:17,310.945,310.91,1,310.84,240,311.05,320,311.05,310.84,310.84,240,310.83,280,310.82,80,310.71,40,310.7,80,310.6,160,310.55,80,310.54,120,310.46,800,310.4,160,311.05,320,311.16,80,311.2,320,311.22,40,311.23,40,311.26,200,311.27,440,,,,,,
2026-01-16 09:31:18,310.945,310.91,1,310.84,240,311.05,320,311.05,310.84,310.84,240,310.83,280,310.82,80,310.71,40,310.7,80,310.6,160,310.55,80,310.54,120,310.46,800,310.4,160,311.05,320,311.16,80,311.2,320,311.22,40,311.23,40,311.26,200,311.27,440,,,,,,
2026-01-16 09:31:19,310.945,310.91,1,310.84,240,311.05,320,311.05,310.84,310.84,240,310.83,280,310.82,80,310.71,40,310.7,80,310.6,160,310.55,80,310.54,120,310.46,800,310.4,160,311.05,320,311.16,80,311.2,320,311.22,40,311.23,40,311.26,200,311.27,440,,,,,,
2026-01-16 09:31:20,310.98,310.91,1,310.91,240,311.05,320,311.05,310.91,310.91,240,310.84,240,310.83,280,310.82,80,310.71,40,310.7,80,310.6,160,310.55,80,310.54,120,310.46,800,311.05,320,311.16,80,311.2,320,311.22,40,311.23,40,311.26,200,311.27,440,,,,,,
2026-01-16 09:31:21,310.99,310.94,4,310.94,320,311.04,80,311.04,310.94,310.94,320,310.91,240,310.84,240,310.83,280,310.82,80,310.71,40,310.7,80,310.6,160,310.55,80,310.54,120,311.04,80,311.05,320,311.16,80,311.2,320,311.22,40,311.23,40,311.26,200,311.27,440,,,,
2026-01-16 09:31:22,310.99,310.99,1,310.94,320,311.04,200,311.04,310.94,310.94,320,310.91,240,310.84,240,310.83,280,310.82,80,310.71,40,310.7,80,310.6,160,310.55,80,310.54,120,311.04,200,311.05,320,311.16,80,311.2,320,311.22,40,311.23,40,311.26,200,311.27,440,,,,
2026-01-16 09:31:23,310.99,310.99,1,310.94,320,311.04,200,311.04,310.94,310.94,320,310.91,240,310.84,240,310.83,280,310.82,80,310.71,40,310.7,80,310.6,160,310.55,80,310.54,120,311.04,200,311.05,320,311.16,80,311.2,320,311.22,40,311.23,40,311.26,200,311.27,440,,,,
2026-01-16 09:31:24,311.195,311.1,1,311.12,120,311.27,80,311.27,311.12,311.12,120,311.04,80,310.94,320,310.91,240,310.84,240,310.83,280,310.82,80,310.71,40,310.7,80,310.6,160,311.27,80,,,,,,,,,,,,,,,,,,
2026-01-16 09:31:25,311.075,311.22,1,310.95,80,311.2,80,311.2,310.95,310.95,80,310.94,320,310.91,240,310.84,240,310.83,280,310.82,80,310.71,40,310.7,80,310.6,160,310.55,80,311.2,80,311.27,80,311.29,160,311.31,240,311.35,160,,,,,,,,,,
2026-01-16 09:31:26,311.075,311.08,1,310.95,120,311.2,80,311.2,310.95,310.95,120,310.94,320,310.91,240,310.84,240,310.83,280,310.82,80,310.71,40,310.7,80,310.6,160,310.55,80,311.2,80,311.27,80,311.29,160,311.31,240,311.35,160,,,,,,,,,,
2026-01-16 09:31:27,311.29,311.35,1,311.18,160,311.4,200,311.4,311.18,311.18,160,311.17,280,311.09,40,311.07,40,310.95,120,310.94,320,310.91,240,310.84,240,310.83,280,310.82,80,311.4,200,,,,,,,,,,,,,,,,,,
2026-01-16 09:31:28,311.355,311.4,2,311.33,120,311.38,40,311.38,311.33,311.33,120,311.27,160,311.18,200,311.17,280,311.09,40,311.07,40,310.95,120,310.94,320,310.91,240,310.84,240,311.38,40,311.4,40,311.41,80,311.45,120,,,,,,,,,,,,
2026-01-16 09:31:29,311.355,311.4,2,311.33,120,311.38,40,311.38,311.33,311.33,120,311.27,160,311.18,200,311.17,280,311.09,40,311.07,40,310.95,120,310.94,320,310.91,240,310.84,240,311.38,40,311.4,40,311.41,80,311.45,120,,,,,,,,,,,,
2026-01-16 09:31:30,311.28,311.36,1,311.18,160,311.38,80,311.38,311.18,311.18,160,311.17,280,311.09,40,311.07,40,310.95,120,310.94,320,310.91,240,310.84,240,310.83,280,310.82,80,311.38,80,311.4,40,311.41,80,311.45,120,,,,,,,,,,,,
2026-01-16 09:31:31,311.28,311.36,1,311.18,160,311.38,80,311.38,311.18,311.18,160,311.17,280,311.09,40,311.07,40,310.95,120,310.94,320,310.91,240,310.84,240,310.83,280,310.82,80,311.38,80,311.4,40,311.41,80,311.45,120,,,,,,,,,,,,
2026-01-16 09:31:32,311.125,311.18,1,310.96,240,311.29,40,311.29,310.96,310.96,240,310.95,160,310.94,320,310.91,240,310.84,240,310.83,280,310.82,80,310.71,40,310.7,80,310.6,160,311.29,40,311.38,160,311.4,40,311.41,80,311.45,120,,,,,,,,,,
2026-01-16 09:31:33,311.235,311.29,1,311.09,160,311.38,120,311.38,311.09,311.09,160,311.08,80,311.07,120,310.97,120,310.96,200,310.95,160,310.94,320,310.91,240,310.84,240,310.83,280,311.38,120,311.4,40,311.41,80,311.45,120,,,,,,,,,,,,
2026-01-16 09:31:34,311.43,311.29,1,311.39,120,311.47,40,311.47,311.39,311.39,120,311.1,120,311.09,360,311.08,80,311.07,120,310.97,120,310.96,200,310.95,160,310.94,320,310.91,240,311.47,40,,,,,,,,,,,,,,,,,,
2026-01-16 09:31:35,311.68,311.67,1,311.6,80,311.76,80,311.76,311.6,311.6,80,311.53,80,311.52,120,311.51,160,311.49,80,311.44,120,311.39,240,311.1,120,311.09,360,311.08,80,311.76,80,,,,,,,,,,,,,,,,,,
2026-01-16 09:31:36,311.68,311.67,1,311.6,320,311.76,120,311.76,311.6,311.6,320,311.53,80,311.52,120,311.51,160,311.49,80,311.44,120,311.39,240,311.1,120,311.09,360,311.08,80,311.76,120,,,,,,,,,,,,,,,,,,
2026-01-16 09:31:37,311.89,311.89,1,311.85,160,311.93,80,311.93,311.85,311.85,160,311.83,160,311.77,40,311.73,160,311.68,40,311.6,560,311.53,80,311.52,120,311.51,160,311.49,80,311.93,80,311.95,80,,,,,,,,,,,,,,,,
2026-01-16 09:31:38,311.945,312.0,1,311.89,40,312.0,1400,312.0,311.89,311.89,40,311.85,160,311.83,160,311.77,40,311.73,160,311.68,40,311.6,560,311.53,80,311.52,120,311.51,160,312.0,1400,,,,,,,,,,,,,,,,,,
2026-01-16 09:31:39,312.145,312.2,1,312.09,240,312.2,80,312.2,312.09,312.09,240,312.04,40,311.98,200,311.94,120,311.93,40,311.89,280,311.85,160,311.83,160,311.77,40,311.73,160,312.2,80,,,,,,,,,,,,,,,,,,
2026-01-16 09:31:40,312.285,312.2,1,312.2,160,312.37,80,312.37,312.2,312.2,160,312.14,120,312.09,240,312.04,40,311.98,200,311.94,120,311.93,40,311.89,280,311.85,160,311.83,160,312.37,80,,,,,,,,,,,,,,,,,,
2026-01-16 09:31:41,312.475,312.57,1,312.38,320,312.57,40,312.57,312.38,312.38,320,312.29,280,312.2,160,312.14,120,312.09,240,312.04,40,311.98,200,311.94,120,311.93,40,311.89,280,312.57,40,312.6,160,,,,,,,,,,,,,,,,
2026-01-16 09:31:42,312.46,312.52,2,312.38,320,312.54,1000,312.54,312.38,312.38,320,312.29,280,312.2,160,312.14,120,312.09,240,312.04,40,311.98,200,311.94,120,311.93,40,311.89,280,312.54,1000,312.57,40,312.6,160,,,,,,,,,,,,,,
2026-01-16 09:31:43,312.46,312.52,2,312.38,320,312.54,1000,312.54,312.38,312.38,320,312.29,280,312.2,160,312.14,120,312.09,240,312.04,40,311.98,200,311.94,120,311.93,40,311.89,280,312.54,1000,312.57,40,312.6,160,,,,,,,,,,,,,,
2026-01-16 09:31:44,312.46,312.52,2,312.38,320,312.54,1000,312.54,312.38,312.38,320,312.29,280,312.2,160,312.14,120,312.09,240,312.04,40,311.98,200,311.94,120,311.93,40,311.89,280,312.54,1000,312.57,40,312.6,160,,,,,,,,,,,,,,
2026-01-16 09:31:45,312.46,312.51,2,312.38,320,312.54,1000,312.54,312.38,312.38,320,312.29,280,312.2,160,312.14,120,312.09,240,312.04,40,311.98,200,311.94,120,311.93,40,311.89,280,312.54,1000,312.57,40,312.6,160,,,,,,,,,,,,,,
2026-01-16 09:31:46,312.43,312.43,2,312.38,840,312.48,320,312.48,312.38,312.38,840,312.29,280,312.2,160,312.14,120,312.09,240,312.04,40,311.98,200,311.94,120,311.93,40,311.89,280,312.48,320,312.5,40,312.53,40,312.54,120,312.55,160,312.57,40,312.6,160,,,,,,
2026-01-16 09:31:47,312.245,312.39,2,312.09,560,312.4,360,312.4,312.09,312.09,560,312.04,40,311.98,200,311.94,120,311.93,40,311.89,280,311.85,160,311.83,160,311.77,40,311.73,160,312.4,360,312.42,40,312.43,160,312.48,280,312.5,40,312.53,40,312.54,120,312.55,160,312.57,40,312.6,160
2026-01-16 09:31:48,312.235,312.39,2,312.09,560,312.38,40,312.38,312.09,312.09,560,312.04,40,311.98,200,311.94,120,311.93,40,311.89,280,311.85,160,311.83,160,311.77,40,311.73,160,312.38,40,312.4,360,312.42,40,312.43,160,312.48,280,312.5,40,312.53,40,312.54,120,312.55,160,312.57,40
2026-01-16 09:31:49,312.235,312.24,1,312.09,560,312.38,40,312.38,312.09,312.09,560,312.04,40,311.98,200,311.94,120,311.93,40,311.89,280,311.85,160,311.83,160,311.77,40,311.73,160,312.38,40,312.4,360,312.42,40,312.43,160,312.48,280,312.5,40,312.53,40,312.54,120,312.55,160,312.57,40
2026-01-16 09:31:50,312.235,312.17,1,312.09,560,312.38,120,312.38,312.09,312.09,560,312.04,40,311.98,200,311.94,120,311.93,40,311.89,280,311.85,160,311.83,160,311.77,40,311.73,160,312.38,120,312.4,360,312.42,40,312.43,160,312.48,280,312.5,40,312.53,40,312.54,120,312.55,160,312.57,40
2026-01-16 09:31:51,312.315,312.4,1,312.09,600,312.54,320,312.54,312.09,312.09,600,312.04,40,311.98,200,311.94,120,311.93,40,311.89,280,311.85,160,311.83,160,311.77,40,311.73,160,312.54,320,312.55,160,312.57,40,312.6,160,,,,,,,,,,,,
2026-01-16 09:31:52,312.345,312.43,1,312.15,360,312.54,320,312.54,312.15,312.15,360,312.09,600,312.04,40,311.98,200,311.94,120,311.93,40,311.89,280,311.85,160,311.83,160,311.77,40,312.54,320,312.55,160,312.57,40,312.6,160,,,,,,,,,,,,
2026-01-16 09:31:53,312.555,312.62,1,312.48,160,312.63,40,312.63,312.48,312.48,160,312.24,40,312.15,360,312.09,600,312.04,40,311.98,200,311.94,120,311.93,40,311.89,280,311.85,160,312.63,40,,,,,,,,,,,,,,,,,,
2026-01-16 09:31:54,312.385,312.39,1,312.24,80,312.53,120,312.53,312.24,312.24,80,312.15,360,312.09,600,312.04,40,311.98,200,311.94,120,311.93,40,311.89,280,311.85,160,311.83,160,312.53,120,312.58,40,312.63,80,,,,,,,,,,,,,,
2026-01-16 09:31:55,312.045,312.05,1,311.82,200,312.27,160,312.27,311.82,311.82,200,311.77,40,311.73,160,311.68,40,311.6,560,311.53,80,311.52,120,311.51,160,311.49,80,311.44,120,312.27,160,312.33,120,312.34,120,312.39,120,312.52,80,312.53,160,312.58,40,312.63,80,,,,
2026-01-16 09:31:56,311.935,312.05,1,311.82,200,312.05,40,312.05,311.82,311.82,200,311.77,40,311.73,160,311.68,40,311.6,560,311.53,80,311.52,120,311.51,160,311.49,80,311.44,120,312.05,40,312.08,40,312.13,40,312.27,160,312.33,120,312.34,120,312.39,120,312.52,80,312.53,160,312.58,40
2026-01-16 09:31:57,311.93,312.04,1,311.82,240,312.04,360,312.04,311.82,311.82,240,311.77,40,311.73,160,311.68,40,311.6,560,311.53,80,311.52,120,311.51,160,311.49,80,311.44,120,312.04,360,312.05,40,312.08,40,312.13,40,312.27,160,312.33,120,312.34,120,312.39,120,312.52,80,312.53,160
2026-01-16 09:31:58,311.605,311.82,1,311.4,40,311.81,360,311.81,311.4,311.4,40,311.28,40,311.1,120,311.09,360,311.08,80,311.07,120,310.97,120,310.96,200,310.95,160,310.94,320,311.81,360,311.82,80,311.94,400,312.04,400,312.05,40,312.08,40,312.13,40,312.27,160,312.33,120,312.34,120
2026-01-16 09:31:59,311.605,311.61,2,311.4,40,311.81,360,311.81,311.4,311.4,40,311.28,40,311.1,120,311.09,360,311.08,80,311.07,120,310.97,120,310.96,200,310.95,160,310.94,320,311.81,360,311.82,80,311.94,400,312.04,400,312.05,40,312.08,40,312.13,40,312.27,160,312.33,120,312.34,120
2026-01-16 09:32:00,311.805,311.81,2,311.61,40,312.0,40,312.0,311.61,311.61,40,311.41,80,311.4,120,311.28,40,311.1,120,311.09,360,311.08,80,311.07,120,310.97,120,310.96,200,312.0,40,312.04,400,312.05,40,312.08,40,312.13,40,312.27,160,312.33,120,312.34,120,312.39,120,312.52,80
2026-01-16 09:32:01,311.805,311.81,2,311.61,40,312.0,40,312.0,311.61,311.61,40,311.41,80,311.4,120,311.28,40,311.1,120,311.09,360,311.08,80,311.07,120,310.97,120,310.96,200,312.0,40,312.04,400,312.05,40,312.08,40,312.13,40,312.27,160,312.33,120,312.34,120,312.39,120,312.52,80
2026-01-16 09:32:02,311.84,311.75,1,311.68,720,312.0,40,312.0,311.68,311.68,720,311.61,40,311.41,80,311.4,120,311.28,40,311.1,120,311.09,360,311.08,80,311.07,120,310.97,120,312.0,40,312.04,400,312.05,40,312.08,40,312.13,40,312.27,160,312.33,120,312.34,120,312.39,120,312.52,80
2026-01-16 09:32:03,311.84,311.75,1,311.68,800,312.0,120,312.0,311.68,311.68,800,311.61,40,311.41,80,311.4,120,311.28,40,311.1,120,311.09,360,311.08,80,311.07,120,310.97,120,312.0,120,312.04,40,312.05,40,312.08,40,312.13,40,312.27,160,312.33,120,312.34,120,312.39,120,312.52,80
2026-01-16 09:32:04,311.84,311.75,1,311.68,800,312.0,120,312.0,311.68,311.68,800,311.61,40,311.41,80,311.4,120,311.28,40,311.1,120,311.09,360,311.08,80,311.07,120,310.97,120,312.0,120,312.04,40,312.05,40,312.08,40,312.13,40,312.27,160,312.33,120,312.34,120,312.39,120,312.52,80
2026-01-16 09:32:05,311.84,311.75,1,311.68,800,312.0,120,312.0,311.68,311.68,800,311.61,40,311.41,80,311.4,120,311.28,40,311.1,120,311.09,360,311.08,80,311.07,120,310.97,120,312.0,120,312.04,40,312.05,40,312.08,40,312.13,40,312.27,160,312.33,120,312.34,120,312.39,120,312.52,80
2026-01-16 09:32:06,311.84,311.92,1,311.68,800,312.0,240,312.0,311.68,311.68,800,311.61,40,311.41,80,311.4,120,311.28,40,311.1,120,311.09,360,311.08,80,311.07,120,310.97,120,312.0,240,312.04,40,312.05,40,312.08,40,312.13,40,312.27,160,312.33,120,312.34,120,312.39,120,312.52,80
2026-01-16 09:32:07,311.835,311.84,1,311.68,760,311.99,40,311.99,311.68,311.68,760,311.61,40,311.41,80,311.4,120,311.28,40,311.1,120,311.09,360,311.08,80,311.07,120,310.97,120,311.99,40,312.0,200,312.04,40,312.05,40,312.08,40,312.13,40,312.27,160,312.33,120,312.34,120,312.39,120
2026-01-16 09:32:08,311.835,311.84,1,311.68,760,311.99,40,311.99,311.68,311.68,760,311.61,40,311.41,80,311.4,120,311.28,40,311.1,120,311.09,360,311.08,80,311.07,120,310.97,120,311.99,40,312.0,200,312.04,40,312.05,40,312.08,40,312.13,40,312.27,160,312.33,120,312.34,120,312.39,120
2026-01-16 09:32:09,311.835,311.83,4,311.68,800,311.99,40,311.99,311.68,311.68,800,311.61,40,311.41,80,311.4,120,311.28,40,311.1,120,311.09,360,311.08,80,311.07,120,310.97,120,311.99,40,312.0,200,312.04,40,312.05,40,312.08,40,312.13,40,312.27,160,312.33,120,312.34,120,312.39,120
2026-01-16 09:32:10,311.835,311.83,4,311.68,800,311.99,80,311.99,311.68,311.68,800,311.61,40,311.41,80,311.4,120,311.28,40,311.1,120,311.09,360,311.08,80,311.07,120,310.97,120,311.99,80,312.0,200,312.04,40,312.05,40,312.08,40,312.13,40,312.27,160,312.33,120,312.34,120,312.39,120
2026-01-16 09:32:11,311.71,311.76,1,311.58,120,311.84,200,311.84,311.58,311.58,120,311.41,80,311.4,120,311.28,40,311.1,120,311.09,360,311.08,80,311.07,120,310.97,120,310.96,200,311.84,200,311.99,80,312.0,200,312.04,40,312.05,40,312.08,40,312.13,40,312.27,160,312.33,120,312.34,120
2026-01-16 09:32:12,311.595,311.76,1,311.49,40,311.7,160,311.7,311.49,311.49,40,311.41,80,311.4,120,311.28,40,311.1,120,311.09,360,311.08,80,311.07,120,310.97,120,310.96,200,311.7,160,311.83,40,311.84,200,311.99,80,312.0,200,312.04,40,312.05,40,312.08,40,312.13,40,312.27,160
2026-01-16 09:32:13,311.595,311.6,1,311.49,80,311.7,160,311.7,311.49,311.49,80,311.41,80,311.4,120,311.28,40,311.1,120,311.09,360,311.08,80,311.07,120,310.97,120,310.96,200,311.7,160,311.83,40,311.84,200,311.99,80,312.0,200,312.04,40,312.05,40,312.08,40,312.13,40,312.27,160
2026-01-16 09:32:14,311.595,311.6,1,311.49,240,311.7,160,311.7,311.49,311.49,240,311.41,80,311.4,120,311.28,40,311.1,120,311.09,360,311.08,80,311.07,120,310.97,120,310.96,200,311.7,160,311.83,40,311.84,200,311.99,80,312.0,200,312.04,40,312.05,40,312.08,40,312.13,40,312.27,160
2026-01-16 09:32:15,311.595,311.6,1,311.49,240,311.7,160,311.7,311.49,311.49,240,311.41,80,311.4,120,311.28,40,311.1,120,311.09,360,311.08,80,311.07,120,310.97,120,310.96,200,311.7,160,311.83,40,311.84,200,311.99,80,312.0,200,312.04,40,312.05,40,312.08,40,312.13,40,312.27,160
2026-01-16 09:32:16,311.595,311.6,1,311.49,240,311.7,160,311.7,311.49,311.49,240,311.41,80,311.4,120,311.28,40,311.1,120,311.09,360,311.08,80,311.07,120,310.97,120,310.96,200,311.7,160,311.83,40,311.84,200,311.99,80,312.0,200,312.04,40,312.05,40,312.08,40,312.13,40,312.27,160
2026-01-16 09:32:17,311.595,311.6,1,311.49,240,311.7,160,311.7,311.49,311.49,240,311.41,80,311.4,120,311.28,40,311.1,120,311.09,360,311.08,80,311.07,120,310.97,120,310.96,200,311.7,160,311.83,40,311.84,200,311.99,80,312.0,200,312.04,40,312.05,40,312.08,40,312.13,40,312.27,160
2026-01-16 09:32:18,311.595,311.6,1,311.49,240,311.7,200,311.7,311.49,311.49,240,311.41,80,311.4,120,311.28,40,311.1,120,311.09,360,311.08,80,311.07,120,310.97,120,310.96,200,311.7,200,311.83,40,311.84,200,311.99,80,312.0,200,312.04,40,312.05,40,312.08,40,312.13,40,312.27,160
2026-01-16 09:32:19,311.595,311.69,4,311.49,240,311.7,280,311.7,311.49,311.49,240,311.41,80,311.4,120,311.28,40,311.1,120,311.09,360,311.08,80,311.07,120,310.97,120,310.96,200,311.7,280,311.83,40,311.84,200,311.99,80,312.0,200,312.04,40,312.05,40,312.08,40,312.13,40,312.27,160
2026-01-16 09:32:20,311.765,311.7,1,311.69,120,311.84,320,311.84,311.69,311.69,120,311.64,40,311.6,40,311.49,360,311.41,80,311.4,120,311.28,40,311.1,120,311.09,360,311.08,80,311.84,320,312.0,240,312.04,40,312.05,40,312.08,40,312.13,40,312.27,160,312.33,120,312.34,120,312.39,120
2026-01-16 09:32:21,311.69,311.69,6,311.61,160,311.77,40,311.77,311.61,311.61,160,311.6,40,311.49,360,311.41,80,311.4,120,311.28,40,311.1,120,311.09,360,311.08,80,311.07,120,311.77,40,311.84,320,312.0,240,312.04,40,312.05,40,312.08,40,312.13,40,312.27,160,312.33,120,312.34,120
2026-01-16 09:32:22,311.63,311.61,1,311.5,80,311.76,40,311.76,311.5,311.5,80,311.49,360,311.41,80,311.4,120,311.28,40,311.1,120,311.09,360,311.08,80,311.07,120,310.97,120,311.76,40,311.77,40,311.84,320,312.0,240,312.04,40,312.05,40,312.08,40,312.13,40,312.27,160,312.33,120
2026-01-16 09:32:24,311.59,311.61,1,311.5,80,311.68,80,311.68,311.5,311.5,80,311.49,360,311.41,80,311.4,120,311.28,40,311.1,120,311.09,360,311.08,80,311.07,120,310.97,120,311.68,80,311.76,40,311.77,40,311.84,320,312.0,240,312.04,40,312.05,40,312.08,40,312.13,40,312.27,160
2026-01-16 09:32:25,311.59,311.59,1,311.5,80,311.68,80,311.68,311.5,311.5,80,311.49,360,311.41,80,311.4,120,311.28,40,311.1,120,311.09,360,311.08,80,311.07,120,310.97,120,311.68,80,311.76,40,311.77,40,311.84,320,312.0,240,312.04,40,312.05,40,312.08,40,312.13,40,312.27,160
2026-01-16 09:32:26,311.57,311.49,1,311.47,80,311.67,80,311.67,311.47,311.47,80,311.46,40,311.45,40,311.4,120,311.28,40,311.1,120,311.09,360,311.08,80,311.07,120,310.97,120,311.67,80,311.68,80,311.76,40,311.77,40,311.84,320,312.0,240,312.04,40,312.05,40,312.08,40,312.13,40
2026-01-16 09:32:26,311.6,311.49,1,311.53,160,311.67,40,311.67,311.53,311.53,160,311.48,80,311.47,200,311.46,40,311.45,40,311.4,120,311.28,40,311.1,120,311.09,360,311.08,80,311.67,40,311.68,80,311.76,40,311.77,40,311.84,320,312.0,240,312.04,40,312.05,40,312.08,40,312.13,40
2026-01-16 09:32:28,311.765,311.49,1,311.67,80,311.86,320,311.86,311.67,311.67,80,311.66,80,311.65,80,311.64,40,311.61,40,311.6,200,311.53,160,311.48,80,311.47,200,311.46,40,311.86,320,312.0,240,312.04,40,312.05,40,312.08,40,312.13,40,312.27,160,312.33,120,312.34,120,312.39,120
2026-01-16 09:32:29,311.745,311.83,14,311.64,40,311.85,320,311.85,311.64,311.64,40,311.61,40,311.6,200,311.53,160,311.48,80,311.47,200,311.46,40,311.45,40,311.4,120,311.28,40,311.85,320,311.86,320,312.0,240,312.04,40,312.05,40,312.08,40,312.13,40,312.27,160,312.33,120,312.34,120
2026-01-16 09:32:30,311.635,311.83,1,311.54,160,311.73,40,311.73,311.54,311.54,160,311.5,40,311.47,200,311.46,40,311.45,40,311.4,120,311.28,40,311.1,120,311.09,360,311.08,80,311.73,40,311.74,160,311.84,80,311.85,320,311.86,320,312.0,240,312.04,40,312.05,40,312.08,40,312.13,40
2026-01-16 09:32:31,311.635,311.83,1,311.54,160,311.73,40,311.73,311.54,311.54,160,311.5,40,311.47,200,311.46,40,311.45,40,311.4,120,311.28,40,311.1,120,311.09,360,311.08,80,311.73,40,311.74,160,311.84,80,311.85,320,311.86,320,312.0,240,312.04,40,312.05,40,312.08,40,312.13,40
2026-01-16 09:32:31,311.635,311.83,1,311.54,160,311.73,40,311.73,311.54,311.54,160,311.5,40,311.47,200,311.46,40,311.45,40,311.4,120,311.28,40,311.1,120,311.09,360,311.08,80,311.73,40,311.74,160,311.84,80,311.85,320,311.86,320,312.0,240,312.04,40,312.05,40,312.08,40,312.13,40
2026-01-16 09:32:33,311.635,311.83,1,311.54,160,311.73,40,311.73,311.54,311.54,160,311.5,40,311.47,200,311.46,40,311.45,40,311.4,120,311.28,40,311.1,120,311.09,360,311.08,80,311.73,40,311.74,160,311.84,80,311.85,320,311.86,320,312.0,240,312.04,40,312.05,40,312.08,40,312.13,40
2026-01-16 09:32:33,311.635,311.66,1,311.54,320,311.73,80,311.73,311.54,311.54,320,311.5,40,311.47,200,311.46,40,311.45,40,311.4,120,311.28,40,311.1,120,311.09,360,311.08,80,311.73,80,311.74,160,311.84,80,311.85,320,311.86,320,312.0,240,312.04,40,312.05,40,312.08,40,312.13,40
2026-01-16 09:32:35,311.8,311.73,1,311.63,80,311.97,80,311.97,311.63,311.63,80,311.55,40,311.54,320,311.5,40,311.47,200,311.46,40,311.45,40,311.4,120,311.28,40,311.1,120,311.97,80,311.98,80,312.0,240,312.04,40,312.05,40,312.08,40,312.13,40,312.27,160,312.33,120,312.34,120
2026-01-16 09:32:36,311.8,311.73,1,311.63,80,311.97,80,311.97,311.63,311.63,80,311.55,40,311.54,320,311.5,40,311.47,200,311.46,40,311.45,40,311.4,120,311.28,40,311.1,120,311.97,80,311.98,80,312.0,240,312.04,40,312.05,40,312.08,40,312.13,40,312.27,160,312.33,120,312.34,120
2026-01-16 09:32:36,311.865,311.87,1,311.76,80,311.97,120,311.97,311.76,311.76,80,311.66,40,311.63,80,311.55,40,311.54,320,311.5,40,311.47,200,311.46,40,311.45,40,311.4,120,311.97,120,311.98,80,312.0,240,312.04,40,312.05,40,312.08,40,312.13,40,312.27,160,312.33,120,312.34,120
2026-01-16 09:32:37,311.865,311.87,1,311.76,80,311.97,80,311.97,311.76,311.76,80,311.66,40,311.63,80,311.55,40,311.54,320,311.5,40,311.47,200,311.46,40,311.45,40,311.4,120,311.97,80,311.98,80,312.0,240,312.04,40,312.05,40,312.08,40,312.13,40,312.27,160,312.33,120,312.34,120
2026-01-16 09:32:39,311.865,311.87,1,311.76,120,311.97,80,311.97,311.76,311.76,120,311.66,40,311.63,80,311.55,40,311.54,320,311.5,40,311.47,200,311.46,40,311.45,40,311.4,120,311.97,80,311.98,80,312.0,240,312.04,40,312.05,40,312.08,40,312.13,40,312.27,160,312.33,120,312.34,120
2026-01-16 09:32:40,311.655,311.87,1,311.61,440,311.7,120,311.7,311.61,311.61,440,311.55,40,311.54,320,311.5,40,311.47,200,311.46,40,311.45,40,311.4,120,311.28,40,311.1,120,311.7,120,311.93,40,311.96,80,311.97,240,311.98,80,312.0,240,312.04,40,312.05,40,312.08,40,312.13,40
2026-01-16 09:32:41,311.62,311.69,1,311.54,280,311.7,120,311.7,311.54,311.54,280,311.5,40,311.47,200,311.46,40,311.45,40,311.4,120,311.28,40,311.1,120,311.09,360,311.08,80,311.7,120,311.93,40,311.96,80,311.97,240,311.98,80,312.0,240,312.04,40,312.05,40,312.08,40,312.13,40
2026-01-16 09:32:42,311.62,311.69,1,311.54,480,311.7,200,311.7,311.54,311.54,480,311.5,40,311.47,200,311.46,40,311.45,40,311.4,120,311.28,40,311.1,120,311.09,360,311.08,80,311.7,200,311.93,40,311.96,80,311.97,240,311.98,80,312.0,240,312.04,40,312.05,40,312.08,40,312.13,40
2026-01-16 09:32:43,311.62,311.69,1,311.54,520,311.7,200,311.7,311.54,311.54,520,311.5,40,311.47,200,311.46,40,311.45,40,311.4,120,311.28,40,311.1,120,311.09,360,311.08,80,311.7,200,311.93,40,311.96,80,311.97,240,311.98,80,312.0,240,312.04,40,312.05,40,312.08,40,312.13,40
2026-01-16 09:32:44,311.62,311.69,1,311.54,520,311.7,240,311.7,311.54,311.54,520,311.5,40,311.47,200,311.46,40,311.45,40,311.4,120,311.28,40,311.1,120,311.09,360,311.08,80,311.7,240,311.93,40,311.96,80,311.97,240,311.98,80,312.0,240,312.04,40,312.05,40,312.08,40,312.13,40
2026-01-16 09:32:45,311.53,311.54,1,311.37,40,311.69,160,311.69,311.37,311.37,40,311.35,80,311.22,80,311.06,40,310.97,120,310.96,200,310.95,160,310.94,320,310.91,240,310.84,240,311.69,160,311.7,320,311.93,40,311.96,80,311.97,240,311.98,80,312.0,240,312.04,40,312.05,40,312.08,40
2026-01-16 09:32:46,311.535,311.54,1,311.38,40,311.69,120,311.69,311.38,311.38,40,311.37,40,311.35,80,311.22,80,311.06,40,310.97,120,310.96,200,310.95,160,310.94,320,310.91,240,311.69,120,311.7,320,311.93,40,311.96,80,311.97,240,311.98,80,312.0,240,312.04,40,312.05,40,312.08,40
2026-01-16 09:32:47,311.265,311.26,1,311.0,40,311.53,40,311.53,311.0,311.0,40,310.97,120,310.96,200,310.95,160,310.94,320,310.91,240,310.84,240,310.83,280,310.82,80,310.71,40,311.53,40,311.54,120,311.69,120,311.7,320,311.93,40,311.96,80,311.97,240,311.98,80,312.0,240,312.04,40
2026-01-16 09:32:48,311.315,311.3,1,311.1,80,311.53,40,311.53,311.1,311.1,80,311.0,40,310.97,120,310.96,200,310.95,160,310.94,320,310.91,240,310.84,240,310.83,280,310.82,80,311.53,40,311.54,120,311.69,120,311.7,320,311.93,40,311.96,80,311.97,240,311.98,80,312.0,240,312.04,40
2026-01-16 09:32:48,311.33,311.3,1,311.12,120,311.54,120,311.54,311.12,311.12,120,311.1,80,311.0,40,310.97,120,310.96,200,310.95,160,310.94,320,310.91,240,310.84,240,310.83,280,311.54,120,311.69,120,311.7,320,311.93,40,311.96,80,311.97,240,311.98,80,312.0,240,312.04,40,312.05,40
2026-01-16 09:32:50,311.33,311.3,1,311.12,120,311.54,120,311.54,311.12,311.12,120,311.1,80,311.0,40,310.97,120,310.96,200,310.95,160,310.94,320,310.91,240,310.84,240,310.83,280,311.54,120,311.69,120,311.7,320,311.93,40,311.96,80,311.97,240,311.98,80,312.0,240,312.04,40,312.05,40
2026-01-16 09:32:51,311.055,311.3,1,310.85,80,311.26,120,311.26,310.85,310.85,80,310.84,240,310.83,280,310.82,80,310.71,40,310.7,80,310.6,160,310.55,80,310.54,120,310.46,800,311.26,120,311.39,40,311.4,360,311.54,120,311.69,120,311.7,320,311.93,40,311.96,80,311.97,240,311.98,80
2026-01-16 09:32:52,311.055,311.3,1,310.85,80,311.26,120,311.26,310.85,310.85,80,310.84,240,310.83,280,310.82,80,310.71,40,310.7,80,310.6,160,310.55,80,310.54,120,310.46,800,311.26,120,311.39,40,311.4,360,311.54,120,311.69,120,311.7,320,311.93,40,311.96,80,311.97,240,311.98,80
2026-01-16 09:32:52,311.135,311.12,1,311.01,40,311.26,120,311.26,311.01,311.01,40,310.99,40,310.85,200,310.84,240,310.83,280,310.82,80,310.71,40,310.7,80,310.6,160,310.55,80,311.26,120,311.39,40,311.4,360,311.54,120,311.69,120,311.7,320,311.93,40,311.96,80,311.97,240,311.98,80
2026-01-16 09:32:54,311.135,311.26,2,311.01,40,311.26,120,311.26,311.01,311.01,40,310.99,40,310.85,200,310.84,240,310.83,280,310.82,80,310.71,40,310.7,80,310.6,160,310.55,80,311.26,120,311.39,40,311.4,360,311.54,120,311.69,120,311.7,320,311.93,40,311.96,80,311.97,240,311.98,80
2026-01-16 09:32:55,311.135,311.26,2,311.01,80,311.26,120,311.26,311.01,311.01,80,310.99,40,310.85,200,310.84,240,310.83,280,310.82,80,310.71,40,310.7,80,310.6,160,310.55,80,311.26,120,311.39,40,311.4,360,311.54,120,311.69,120,311.7,320,311.93,40,311.96,80,311.97,240,311.98,80
2026-01-16 09:32:56,311.135,311.26,2,311.01,80,311.26,120,311.26,311.01,311.01,80,310.99,40,310.85,200,310.84,240,310.83,280,310.82,80,310.71,40,310.7,80,310.6,160,310.55,80,311.26,120,311.39,40,311.4,360,311.54,120,311.69,120,311.7,320,311.93,40,311.96,80,311.97,240,311.98,80
2026-01-16 09:32:57,311.135,311.09,1,311.01,40,311.26,120,311.26,311.01,311.01,40,310.85,200,310.84,240,310.83,280,310.82,80,310.71,40,310.7,80,310.6,160,310.55,80,310.54,120,311.26,120,311.39,40,311.4,360,311.54,120,311.69,120,311.7,320,311.93,40,311.96,80,311.97,240,311.98,80
2026-01-16 09:32:58,311.13,311.09,1,311.01,40,311.25,40,311.25,311.01,311.01,40,310.85,200,310.84,240,310.83,280,310.82,80,310.71,40,310.7,80,310.6,160,310.55,80,310.54,120,311.25,40,311.26,120,311.39,40,311.4,360,311.54,120,311.69,120,311.7,320,311.93,40,311.96,80,311.97,240
2026-01-16 09:32:59,311.13,311.09,1,311.01,40,311.25,40,311.25,311.01,311.01,40,310.85,200,310.84,240,310.83,280,310.82,80,310.71,40,310.7,80,310.6,160,310.55,80,310.54,120,311.25,40,311.26,120,311.39,40,311.4,360,311.54,120,311.69,120,311.7,320,311.93,40,311.96,80,311.97,240
2026-01-16 09:33:00,311.125,311.14,1,311.01,120,311.24,40,311.24,311.01,311.01,120,310.85,200,310.84,240,310.83,280,310.82,80,310.71,40,310.7,80,310.6,160,310.55,80,310.54,120,311.24,40,311.26,120,311.39,40,311.4,360,311.54,120,311.69,120,311.7,320,311.93,40,311.96,80,311.97,240
2026-01-16 09:33:01,311.125,311.18,5,311.01,200,311.24,40,311.24,311.01,311.01,200,310.85,200,310.84,240,310.83,280,310.82,80,310.71,40,310.7,80,310.6,160,310.55,80,310.54,120,311.24,40,311.26,120,311.39,40,311.4,360,311.54,120,311.69,120,311.7,320,311.93,40,311.96,80,311.97,240
2026-01-16 09:33:02,311.125,311.18,5,311.01,200,311.24,80,311.24,311.01,311.01,200,310.85,200,310.84,240,310.83,280,310.82,80,310.71,40,310.7,80,310.6,160,310.55,80,310.54,120,311.24,80,311.26,120,311.39,40,311.4,360,311.54,120,311.69,120,311.7,320,311.93,40,311.96,80,311.97,240
2026-01-16 09:33:03,311.12,311.12,1,311.01,200,311.23,80,311.23,311.01,311.01,200,310.85,200,310.84,240,310.83,280,310.82,80,310.71,40,310.7,80,310.6,160,310.55,80,310.54,120,311.23,80,311.24,40,311.26,120,311.39,40,311.4,360,311.54,120,311.69,120,311.7,320,311.93,40,311.96,80
2026-01-16 09:33:04,311.11,311.12,1,311.01,200,311.21,80,311.21,311.01,311.01,200,310.85,200,310.84,240,310.83,280,310.82,80,310.71,40,310.7,80,310.6,160,310.55,80,310.54,120,311.21,80,311.22,40,311.23,160,311.24,40,311.26,120,311.39,40,311.4,360,311.54,120,311.69,120,311.7,320
2026-01-16 09:33:05,310.925,310.93,1,310.85,200,311.0,200,311.0,310.85,310.85,200,310.84,240,310.83,280,310.82,80,310.71,40,310.7,80,310.6,160,310.55,80,310.54,120,310.46,800,311.0,200,311.08,40,311.11,160,311.21,80,311.22,40,311.23,160,311.24,40,311.26,120,311.39,40,311.4,360
2026-01-16 09:33:06,310.925,310.93,1,310.85,200,311.0,200,311.0,310.85,310.85,200,310.84,240,310.83,280,310.82,80,310.71,40,310.7,80,310.6,160,310.55,80,310.54,120,310.46,800,311.0,200,311.08,40,311.11,160,311.21,80,311.22,40,311.23,160,311.24,40,311.26,120,311.39,40,311.4,360
2026-01-16 09:33:07,310.74,310.68,1,310.58,40,310.9,120,310.9,310.58,310.58,40,310.55,80,310.54,120,310.46,800,310.4,160,310.29,200,310.19,160,310.01,120,310.0,80,309.58,160,310.9,120,310.93,200,310.99,40,311.0,240,311.08,40,311.11,160,311.21,80,311.22,40,311.23,160,311.24,40
2026-01-16 09:33:08,310.73,310.68,1,310.58,240,310.88,120,310.88,310.58,310.58,240,310.55,80,310.54,120,310.46,800,310.4,160,310.29,200,310.19,160,310.01,120,310.0,80,309.58,160,310.88,120,310.89,120,310.9,240,310.93,200,310.99,40,311.0,240,311.08,40,311.11,160,311.21,80,311.22,40
2026-01-16 09:33:09,310.725,310.68,1,310.58,240,310.87,120,310.87,310.58,310.58,240,310.55,80,310.54,120,310.46,800,310.4,160,310.29,200,310.19,160,310.01,120,310.0,80,309.58,160,310.87,120,310.88,80,310.89,120,310.9,240,310.93,200,310.99,40,311.0,240,311.08,40,311.11,160,311.21,80
2026-01-16 09:33:10,310.72,310.68,1,310.58,240,310.86,280,310.86,310.58,310.58,240,310.55,80,310.54,120,310.46,800,310.4,160,310.29,200,310.19,160,310.01,120,310.0,80,309.58,160,310.86,280,310.87,80,310.88,80,310.89,120,310.9,240,310.93,200,310.99,40,311.0,240,311.08,40,311.11,160
2026-01-16 09:33:11,310.88,310.88,1,310.81,80,310.95,120,310.95,310.81,310.81,80,310.77,80,310.58,240,310.55,80,310.54,120,310.46,800,310.4,160,310.29,200,310.19,160,310.01,120,310.95,120,310.99,40,311.0,240,311.08,40,311.11,160,311.21,80,311.22,40,311.23,160,311.24,40,311.26,120
2026-01-16 09:33:12,310.79,310.88,1,310.63,40,310.95,120,310.95,310.63,310.63,40,310.58,240,310.55,80,310.54,120,310.46,800,310.4,160,310.29,200,310.19,160,310.01,120,310.0,80,310.95,120,310.99,40,311.0,240,311.08,40,311.11,160,311.21,80,311.22,40,311.23,160,311.24,40,311.26,120
2026-01-16 09:33:13,310.785,310.88,1,310.63,40,310.94,80,310.94,310.63,310.63,40,310.58,240,310.55,80,310.54,120,310.46,800,310.4,160,310.29,200,310.19,160,310.01,120,310.0,80,310.94,80,310.95,160,310.99,40,311.0,240,311.08,40,311.11,160,311.21,80,311.22,40,311.23,160,311.24,40
2026-01-16 09:33:14,310.785,310.79,1,310.63,40,310.94,80,310.94,310.63,310.63,40,310.58,240,310.55,80,310.54,120,310.46,800,310.4,160,310.29,200,310.19,160,310.01,120,310.0,80,310.94,80,310.95,160,310.99,40,311.0,240,311.08,40,311.11,160,311.21,80,311.22,40,311.23,160,311.24,40
2026-01-16 09:33:15,310.76,310.79,1,310.58,240,310.94,120,310.94,310.58,310.58,240,310.55,80,310.54,120,310.46,800,310.4,160,310.29,200,310.19,160,310.01,120,310.0,80,309.58,160,310.94,120,310.95,160,310.99,40,311.0,240,311.08,40,311.11,160,311.21,80,311.22,40,311.23,160,311.24,40
2026-01-16 09:33:16,310.765,310.84,1,310.59,80,310.94,80,310.94,310.59,310.59,80,310.58,240,310.55,80,310.54,120,310.46,800,310.4,160,310.29,200,310.19,160,310.01,120,310.0,80,310.94,80,310.95,160,310.99,40,311.0,240,311.08,40,311.11,160,311.21,80,311.22,40,311.23,160,311.24,40
2026-01-16 09:33:17,310.765,310.84,1,310.59,80,310.94,80,310.94,310.59,310.59,80,310.58,240,310.55,80,310.54,120,310.46,800,310.4,160,310.29,200,310.19,160,310.01,120,310.0,80,310.94,80,310.95,160,310.99,40,311.0,240,311.08,40,311.11,160,311.21,80,311.22,40,311.23,160,311.24,40
2026-01-16 09:33:18,310.79,310.82,1,310.64,40,310.94,80,310.94,310.64,310.64,40,310.59,80,310.58,240,310.55,80,310.54,120,310.46,800,310.4,160,310.29,200,310.19,160,310.01,120,310.94,80,310.95,160,310.99,40,311.0,240,311.08,40,311.11,160,311.21,80,311.22,40,311.23,160,311.24,40
2026-01-16 09:33:19,310.79,310.82,1,310.64,80,310.94,120,310.94,310.64,310.64,80,310.59,80,310.58,240,310.55,80,310.54,120,310.46,800,310.4,160,310.29,200,310.19,160,310.01,120,310.94,120,310.95,160,310.99,40,311.0,240,311.08,40,311.11,160,311.21,80,311.22,40,311.23,160,311.24,40
2026-01-16 09:33:20,310.76,310.94,1,310.59,120,310.93,40,310.93,310.59,310.59,120,310.58,240,310.55,80,310.54,120,310.46,800,310.4,160,310.29,200,310.19,160,310.01,120,310.0,80,310.93,40,310.94,120,310.95,160,310.99,40,311.0,240,311.08,40,311.11,160,311.21,80,311.22,40,311.23,160
2026-01-16 09:33:21,310.76,310.59,1,310.59,160,310.93,200,310.93,310.59,310.59,160,310.58,240,310.55,80,310.54,120,310.46,800,310.4,160,310.29,200,310.19,160,310.01,120,310.0,80,310.93,200,310.94,120,310.95,160,310.99,40,311.0,240,311.08,40,311.11,160,311.21,80,311.22,40,311.23,160
2026-01-16 09:33:22,310.76,310.76,1,310.59,160,310.93,200,310.93,310.59,310.59,160,310.58,240,310.55,80,310.54,120,310.46,800,310.4,160,310.29,200,310.19,160,310.01,120,310.0,80,310.93,200,310.94,120,310.95,160,310.99,40,311.0,240,311.08,40,311.11,160,311.21,80,311.22,40,311.23,160
2026-01-16 09:33:23,310.755,310.76,1,310.59,160,310.92,40,310.92,310.59,310.59,160,310.58,240,310.55,80,310.54,120,310.46,800,310.4,160,310.29,200,310.19,160,310.01,120,310.0,80,310.92,40,310.93,200,310.94,120,310.95,160,310.99,40,311.0,240,311.08,40,311.11,160,311.21,80,311.22,40
2026-01-16 09:33:24,310.71,310.6,1,310.59,80,310.83,40,310.83,310.59,310.59,80,310.55,160,310.54,120,310.46,800,310.4,160,310.29,200,310.19,160,310.01,120,310.0,80,309.58,160,310.83,40,310.93,160,310.94,120,310.95,160,310.99,40,311.0,240,311.08,40,311.11,160,311.21,80,311.22,40
2026-01-16 09:33:25,310.555,310.4,6,310.4,320,310.71,120,310.71,310.4,310.4,320,310.29,200,310.19,160,310.01,120,310.0,80,309.58,160,309.57,160,309.51,40,309.5,40,,,310.71,120,310.83,40,310.93,160,310.94,120,310.95,160,310.99,40,311.0,240,311.08,40,311.11,160,311.21,80
2026-01-16 09:33:26,310.56,310.4,6,310.41,40,310.71,120,310.71,310.41,310.41,40,310.4,320,310.29,200,310.19,160,310.01,120,310.0,80,309.58,160,309.57,160,309.51,40,309.5,40,310.71,120,310.83,40,310.93,160,310.94,120,310.95,160,310.99,40,311.0,240,311.08,40,311.11,160,311.21,80
2026-01-16 09:33:27,310.56,310.4,6,310.41,80,310.71,120,310.71,310.41,310.41,80,310.4,320,310.29,200,310.19,160,310.01,120,310.0,80,309.58,160,309.57,160,309.51,40,309.5,40,310.71,120,310.83,40,310.93,160,310.94,120,310.95,160,310.99,40,311.0,240,311.08,40,311.11,160,311.21,80
2026-01-16 09:33:28,310.57,310.4,6,310.41,200,310.73,120,310.73,310.41,310.41,200,310.4,320,310.29,200,310.19,160,310.01,120,310.0,80,309.58,160,309.57,160,309.51,40,309.5,40,310.73,120,310.83,40,310.93,160,310.94,120,310.95,160,310.99,40,311.0,240,311.08,40,311.11,160,311.21,80
2026-01-16 09:33:29,310.57,310.4,6,310.41,200,310.73,120,310.73,310.41,310.41,200,310.4,320,310.29,200,310.19,160,310.01,120,310.0,80,309.58,160,309.57,160,309.51,40,309.5,40,310.73,120,310.83,40,310.93,160,310.94,120,310.95,160,310.99,40,311.0,240,311.08,40,311.11,160,311.21,80
2026-01-16 09:33:30,310.555,310.4,6,310.41,200,310.7,40,310.7,310.41,310.41,200,310.4,320,310.29,200,310.19,160,310.01,120,310.0,80,309.58,160,309.57,160,309.51,40,309.5,40,310.7,40,310.71,40,310.73,120,310.83,40,310.93,160,310.94,120,310.95,160,310.99,40,311.0,240,311.08,40
2026-01-16 09:33:31,310.565,310.4,6,310.43,80,310.7,80,310.7,310.43,310.43,80,310.42,80,310.41,200,310.4,320,310.29,200,310.19,160,310.01,120,310.0,80,309.58,160,309.57,160,310.7,80,310.71,40,310.73,120,310.83,40,310.93,160,310.94,120,310.95,160,310.99,40,311.0,240,311.08,40
2026-01-16 09:33:32,310.565,310.4,6,310.43,80,310.7,80,310.7,310.43,310.43,80,310.42,80,310.41,200,310.4,320,310.29,200,310.19,160,310.01,120,310.0,80,309.58,160,309.57,160,310.7,80,310.71,40,310.73,120,310.83,40,310.93,160,310.94,120,310.95,160,310.99,40,311.0,240,311.08,40
2026-01-16 09:33:33,310.57,310.4,6,310.44,80,310.7,40,310.7,310.44,310.44,80,310.43,120,310.42,80,310.41,200,310.4,320,310.29,200,310.19,160,310.01,120,310.0,80,309.58,160,310.7,40,310.71,40,310.73,120,310.83,40,310.93,160,310.94,120,310.95,160,310.99,40,311.0,240,311.08,40
2026-01-16 09:33:34,310.26,310.26,12,310.06,240,310.46,80,310.46,310.06,310.06,240,310.01,120,310.0,80,309.58,160,309.57,160,309.51,40,309.5,40,,,,,,,310.46,80,310.7,120,310.71,40,310.73,120,310.83,40,310.93,160,310.94,120,310.95,160,310.99,40,311.0,240
2026-01-16 09:33:35,310.3,310.26,12,310.22,40,310.38,80,310.38,310.22,310.22,40,310.07,40,310.06,40,310.01,120,310.0,80,309.58,160,309.57,160,309.51,40,309.5,40,,,310.38,80,310.46,80,310.7,120,310.71,40,310.73,120,310.83,40,310.93,160,310.94,120,310.95,160,310.99,40
2026-01-16 09:33:36,310.3,310.26,12,310.22,40,310.38,80,310.38,310.22,310.22,40,310.07,40,310.06,40,310.01,120,310.0,80,309.58,160,309.57,160,309.51,40,309.5,40,,,310.38,80,310.46,80,310.7,120,310.71,40,310.73,120,310.83,40,310.93,160,310.94,120,310.95,160,310.99,40
2026-01-16 09:33:37,310.38,310.3,1,310.33,280,310.43,160,310.43,310.33,310.33,280,310.29,160,310.22,80,310.07,40,310.06,40,310.01,120,310.0,80,309.58,160,309.57,160,309.51,40,310.43,160,310.46,80,310.7,120,310.71,40,310.73,120,310.83,40,310.93,160,310.94,120,310.95,160,310.99,40
2026-01-16 09:33:38,310.5,310.3,1,310.4,80,310.6,120,310.6,310.4,310.4,80,310.39,120,310.38,40,310.33,280,310.29,160,310.22,80,310.07,40,310.06,40,310.01,120,310.0,80,310.6,120,310.7,120,310.71,40,310.73,120,310.83,40,310.93,160,310.94,120,310.95,160,310.99,40,311.0,240
2026-01-16 09:33:39,310.45,310.33,1,310.3,160,310.6,120,310.6,310.3,310.3,160,310.26,80,310.22,120,310.07,40,310.06,40,310.01,120,310.0,80,309.58,160,309.57,160,309.51,40,310.6,120,310.7,120,310.71,40,310.73,120,310.83,40,310.93,160,310.94,120,310.95,160,310.99,40,311.0,240
2026-01-16 09:33:40,310.485,310.46,1,310.37,120,310.6,120,310.6,310.37,310.37,120,310.32,120,310.3,160,310.26,80,310.22,120,310.07,40,310.06,40,310.01,120,310.0,80,309.58,160,310.6,120,310.7,120,310.71,40,310.73,120,310.83,40,310.93,160,310.94,120,310.95,160,310.99,40,311.0,240
2026-01-16 09:33:41,310.485,310.5,1,310.37,200,310.6,120,310.6,310.37,310.37,200,310.32,120,310.3,160,310.26,80,310.22,120,310.07,40,310.06,40,310.01,120,310.0,80,309.58,160,310.6,120,310.7,120,310.71,40,310.73,120,310.83,40,310.93,160,310.94,120,310.95,160,310.99,40,311.0,240
2026-01-16 09:33:42,310.485,310.5,1,310.37,200,310.6,120,310.6,310.37,310.37,200,310.32,120,310.3,160,310.26,80,310.22,120,310.07,40,310.06,40,310.01,120,310.0,80,309.58,160,310.6,120,310.7,120,310.71,40,310.73,120,310.83,40,310.93,160,310.94,120,310.95,160,310.99,40,311.0,240
2026-01-16 09:33:43,310.485,310.49,1,310.37,200,310.6,120,310.6,310.37,310.37,200,310.32,120,310.3,160,310.26,80,310.22,120,310.07,40,310.06,40,310.01,120,310.0,80,309.58,160,310.6,120,310.7,120,310.71,40,310.73,120,310.83,40,310.93,160,310.94,120,310.95,160,310.99,40,311.0,240
2026-01-16 09:33:44,310.485,310.49,1,310.37,200,310.6,160,310.6,310.37,310.37,200,310.32,120,310.3,160,310.26,80,310.22,120,310.07,40,310.06,40,310.01,120,310.0,80,309.58,160,310.6,160,310.7,120,310.71,40,310.73,120,310.83,40,310.93,160,310.94,120,310.95,160,310.99,40,311.0,240
2026-01-16 09:33:45,310.485,310.52,1,310.37,200,310.6,160,310.6,310.37,310.37,200,310.32,120,310.3,160,310.26,80,310.22,120,310.07,40,310.06,40,310.01,120,310.0,80,309.58,160,310.6,160,310.7,120,310.71,40,310.73,120,310.83,40,310.93,160,310.94,120,310.95,160,310.99,40,311.0,240
2026-01-16 09:33:46,310.485,310.49,1,310.37,200,310.6,160,310.6,310.37,310.37,200,310.32,120,310.3,160,310.26,80,310.22,120,310.07,40,310.06,40,310.01,120,310.0,80,309.58,160,310.6,160,310.7,120,310.71,40,310.73,120,310.83,40,310.93,160,310.94,120,310.95,160,310.99,40,311.0,240
2026-01-16 09:33:47,310.485,310.43,1,310.37,320,310.6,160,310.6,310.37,310.37,320,310.32,120,310.3,160,310.26,80,310.22,120,310.07,40,310.06,40,310.01,120,310.0,80,309.58,160,310.6,160,310.7,120,310.71,40,310.73,120,310.83,40,310.93,160,310.94,120,310.95,160,310.99,40,311.0,240
2026-01-16 09:33:48,310.485,310.43,1,310.37,320,310.6,160,310.6,310.37,310.37,320,310.32,120,310.3,160,310.26,80,310.22,120,310.07,40,310.06,40,310.01,120,310.0,80,309.58,160,310.6,160,310.7,120,310.71,40,310.73,120,310.83,40,310.93,160,310.94,120,310.95,160,310.99,40,311.0,240
2026-01-16 09:33:49,310.485,310.43,1,310.37,320,310.6,160,310.6,310.37,310.37,320,310.32,120,310.3,160,310.26,80,310.22,120,310.07,40,310.06,40,310.01,120,310.0,80,309.58,160,310.6,160,310.7,120,310.71,40,310.73,120,310.83,40,310.93,160,310.94,120,310.95,160,310.99,40,311.0,240
2026-01-16 09:33:50,310.405,310.44,1,310.22,120,310.59,80,310.59,310.22,310.22,120,310.07,40,310.06,40,310.01,120,310.0,80,309.58,160,309.57,160,309.51,40,309.5,40,,,310.59,80,310.6,160,310.7,120,310.71,40,310.73,120,310.83,40,310.93,160,310.94,120,310.95,160,310.99,40
2026-01-16 09:33:51,310.405,310.44,1,310.22,120,310.59,80,310.59,310.22,310.22,120,310.07,40,310.06,40,310.01,120,310.0,80,309.58,160,309.57,160,309.51,40,309.5,40,,,310.59,80,310.6,160,310.7,120,310.71,40,310.73,120,310.83,40,310.93,160,310.94,120,310.95,160,310.99,40
2026-01-16 09:33:52,310.355,310.34,1,310.22,80,310.49,40,310.49,310.22,310.22,80,310.07,40,310.06,40,310.01,120,310.0,80,309.58,160,309.57,160,309.51,40,309.5,40,,,310.49,40,310.59,80,310.6,160,310.7,120,310.71,40,310.73,120,310.83,40,310.93,160,310.94,120,310.95,160
2026-01-16 09:33:53,310.355,310.34,1,310.22,80,310.49,40,310.49,310.22,310.22,80,310.07,40,310.06,40,310.01,120,310.0,80,309.58,160,309.57,160,309.51,40,309.5,40,,,310.49,40,310.59,80,310.6,160,310.7,120,310.71,40,310.73,120,310.83,40,310.93,160,310.94,120,310.95,160
2026-01-16 09:33:54,310.355,310.48,3,310.22,160,310.49,40,310.49,310.22,310.22,160,310.07,40,310.06,40,310.01,120,310.0,80,309.58,160,309.57,160,309.51,40,309.5,40,,,310.49,40,310.59,80,310.6,160,310.7,120,310.71,40,310.73,120,310.83,40,310.93,160,310.94,120,310.95,160
2026-01-16 09:33:55,310.355,310.48,3,310.22,160,310.49,40,310.49,310.22,310.22,160,310.07,40,310.06,40,310.01,120,310.0,80,309.58,160,309.57,160,309.51,40,309.5,40,,,310.49,40,310.59,80,310.6,160,310.7,120,310.71,40,310.73,120,310.83,40,310.93,160,310.94,120,310.95,160
2026-01-16 09:33:56,310.35,310.48,3,310.22,160,310.48,40,310.48,310.22,310.22,160,310.07,40,310.06,40,310.01,120,310.0,80,309.58,160,309.57,160,309.51,40,309.5,40,,,310.48,40,310.49,40,310.59,80,310.6,160,310.7,120,310.71,40,310.73,120,310.83,40,310.93,160,310.94,120
2026-01-16 09:33:57,310.35,310.31,3,310.22,160,310.48,120,310.48,310.22,310.22,160,310.07,40,310.06,40,310.01,120,310.0,80,309.58,160,309.57,160,309.51,40,309.5,40,,,310.48,120,310.49,40,310.59,80,310.6,160,310.7,120,310.71,40,310.73,120,310.83,40,310.93,160,310.94,120
2026-01-16 09:33:58,310.35,310.35,3,310.22,160,310.48,120,310.48,310.22,310.22,160,310.07,40,310.06,40,310.01,120,310.0,80,309.58,160,309.57,160,309.51,40,309.5,40,,,310.48,120,310.49,40,310.59,80,310.6,160,310.7,120,310.71,40,310.73,120,310.83,40,310.93,160,310.94,120
2026-01-16 09:33:59,310.355,310.24,4,310.23,80,310.48,120,310.48,310.23,310.23,80,310.22,160,310.07,40,310.06,40,310.01,120,310.0,80,309.58,160,309.57,160,309.51,40,309.5,40,310.48,120,310.49,40,310.59,80,310.6,160,310.7,120,310.71,40,310.73,120,310.83,40,310.93,160,310.94,120
2026-01-16 09:34:00,310.355,310.24,4,310.23,80,310.48,120,310.48,310.23,310.23,80,310.22,160,310.07,40,310.06,40,310.01,120,310.0,80,309.58,160,309.57,160,309.51,40,309.5,40,310.48,120,310.49,40,310.59,80,310.6,160,310.7,120,310.71,40,310.73,120,310.83,40,310.93,160,310.94,120
2026-01-16 09:34:01,310.355,310.24,4,310.23,40,310.48,120,310.48,310.23,310.23,40,310.22,160,310.07,40,310.06,40,310.01,120,310.0,80,309.58,160,309.57,160,309.51,40,309.5,40,310.48,120,310.49,40,310.59,80,310.6,160,310.7,120,310.71,40,310.73,120,310.83,40,310.93,160,310.94,120
2026-01-16 09:34:02,310.14,310.14,2,310.08,80,310.2,80,310.2,310.08,310.08,80,310.07,40,310.06,40,310.01,120,310.0,80,309.58,160,309.57,160,309.51,40,309.5,40,,,310.2,80,310.35,40,310.47,40,310.48,120,310.49,40,310.59,80,310.6,160,310.7,120,310.71,40,310.73,120
2026-01-16 09:34:03,310.14,310.17,3,310.08,80,310.2,80,310.2,310.08,310.08,80,310.07,40,310.06,40,310.01,120,310.0,80,309.58,160,309.57,160,309.51,40,309.5,40,,,310.2,80,310.35,40,310.47,40,310.48,120,310.49,40,310.59,80,310.6,160,310.7,120,310.71,40,310.73,120
2026-01-16 09:34:04,310.14,310.17,3,310.08,360,310.2,80,310.2,310.08,310.08,360,310.07,40,310.06,40,310.01,120,310.0,80,309.58,160,309.57,160,309.51,40,309.5,40,,,310.2,80,310.35,40,310.47,40,310.48,120,310.49,40,310.59,80,310.6,160,310.7,120,310.71,40,310.73,120
2026-01-16 09:34:05,310.365,310.17,1,310.25,80,310.48,120,310.48,310.25,310.25,80,310.15,40,310.14,120,310.08,360,310.07,40,310.06,40,310.01,120,310.0,80,309.58,160,309.57,160,310.48,120,310.49,40,310.59,80,310.6,160,310.7,120,310.71,40,310.73,120,310.83,40,310.93,160,310.94,120
2026-01-16 09:34:06,310.365,310.17,1,310.25,120,310.48,120,310.48,310.25,310.25,120,310.15,40,310.14,120,310.08,360,310.07,40,310.06,40,310.01,120,310.0,80,309.58,160,309.57,160,310.48,120,310.49,40,310.59,80,310.6,160,310.7,120,310.71,40,310.73,120,310.83,40,310.93,160,310.94,120
2026-01-16 09:34:07,310.36,310.17,1,310.25,120,310.47,40,310.47,310.25,310.25,120,310.15,40,310.14,120,310.08,360,310.07,40,310.06,40,310.01,120,310.0,80,309.58,160,309.57,160,310.47,40,310.48,200,310.49,40,310.59,80,310.6,160,310.7,120,310.71,40,310.73,120,310.83,40,310.93,160
2026-01-16 09:34:08,310.25,310.17,1,310.14,120,310.36,40,310.36,310.14,310.14,120,310.08,360,310.07,40,310.06,40,310.01,120,310.0,80,309.58,160,309.57,160,309.51,40,309.5,40,310.36,40,310.47,40,310.48,200,310.49,40,310.59,80,310.6,160,310.7,120,310.71,40,310.73,120,310.83,40
2026-01-16 09:34:09,310.285,310.17,1,310.21,200,310.36,40,310.36,310.21,310.21,200,310.14,120,310.08,360,310.07,40,310.06,40,310.01,120,310.0,80,309.58,160,309.57,160,309.51,40,310.36,40,310.47,40,310.48,200,310.49,40,310.59,80,310.6,160,310.7,120,310.71,40,310.73,120,310.83,40
2026-01-16 09:34:10,310.285,310.17,1,310.21,200,310.36,40,310.36,310.21,310.21,200,310.14,120,310.08,360,310.07,40,310.06,40,310.01,120,310.0,80,309.58,160,309.57,160,309.51,40,310.36,40,310.47,40,310.48,200,310.49,40,310.59,80,310.6,160,310.7,120,310.71,40,310.73,120,310.83,40
2026-01-16 09:34:11,310.285,310.22,1,310.21,200,310.36,40,310.36,310.21,310.21,200,310.14,120,310.08,360,310.07,40,310.06,40,310.01,120,310.0,80,309.58,160,309.57,160,309.51,40,310.36,40,310.47,40,310.48,200,310.49,40,310.59,80,310.6,160,310.7,120,310.71,40,310.73,120,310.83,40
2026-01-16 09:34:12,310.285,310.22,1,310.21,200,310.36,40,310.36,310.21,310.21,200,310.14,120,310.08,360,310.07,40,310.06,40,310.01,120,310.0,80,309.58,160,309.57,160,309.51,40,310.36,40,310.47,40,310.48,200,310.49,40,310.59,80,310.6,160,310.7,120,310.71,40,310.73,120,310.83,40
2026-01-16 09:34:13,310.25,310.22,1,310.21,200,310.29,200,310.29,310.21,310.21,200,310.14,120,310.08,360,310.07,40,310.06,40,310.01,120,310.0,80,309.58,160,309.57,160,309.51,40,310.29,200,310.36,40,310.47,40,310.48,200,310.49,40,310.59,80,310.6,160,310.7,120,310.71,40,310.73,120
2026-01-16 09:34:14,310.295,310.33,1,310.25,40,310.34,80,310.34,310.25,310.25,40,310.21,200,310.14,120,310.08,360,310.07,40,310.06,40,310.01,120,310.0,80,309.58,160,309.57,160,310.34,80,310.36,40,310.47,40,310.48,200,310.49,40,310.59,80,310.6,160,310.7,120,310.71,40,310.73,120
2026-01-16 09:34:15,310.365,310.31,2,310.32,40,310.41,80,310.41,310.32,310.32,40,310.29,80,310.25,160,310.21,200,310.14,120,310.08,360,310.07,40,310.06,40,310.01,120,310.0,80,310.41,80,310.47,40,310.48,200,310.49,40,310.59,80,310.6,160,310.7,120,310.71,40,310.73,120,310.83,40
2026-01-16 09:34:16,310.405,310.31,2,310.33,40,310.48,200,310.48,310.33,310.33,40,310.32,40,310.29,80,310.25,160,310.21,200,310.14,120,310.08,360,310.07,40,310.06,40,310.01,120,310.48,200,310.49,40,310.59,80,310.6,160,310.7,120,310.71,40,310.73,120,310.83,40,310.93,160,310.94,120
2026-01-16 09:34:17,310.485,310.42,1,310.41,80,310.56,120,310.56,310.41,310.41,80,310.34,80,310.33,280,310.32,40,310.29,80,310.25,160,310.21,200,310.14,120,310.08,360,310.07,40,310.56,120,310.59,80,310.6,160,310.7,120,310.71,40,310.73,120,310.83,40,310.93,160,310.94,120,310.95,160
2026-01-16 09:34:18,310.635,310.6,1,310.53,240,310.74,160,310.74,310.53,310.53,240,310.52,80,310.47,40,310.46,40,310.41,80,310.34,80,310.33,280,310.32,40,310.29,80,310.25,160,310.74,160,310.83,40,310.93,160,310.94,120,310.95,160,310.99,40,311.0,240,311.08,40,311.11,160,311.21,80
2026-01-16 09:34:19,310.635,310.64,1,310.53,240,310.74,160,310.74,310.53,310.53,240,310.52,80,310.47,40,310.46,40,310.41,80,310.34,80,310.33,280,310.32,40,310.29,80,310.25,160,310.74,160,310.83,40,310.93,160,310.94,120,310.95,160,310.99,40,311.0,240,311.08,40,311.11,160,311.21,80
2026-01-16 09:34:20,310.665,310.67,1,310.59,80,310.74,160,310.74,310.59,310.59,80,310.53,240,310.52,80,310.47,40,310.46,40,310.41,80,310.34,80,310.33,280,310.32,40,310.29,80,310.74,160,310.83,40,310.93,160,310.94,120,310.95,160,310.99,40,311.0,240,311.08,40,311.11,160,311.21,80
2026-01-16 09:34:21,310.57,310.53,1,310.47,40,310.67,200,310.67,310.47,310.47,40,310.46,40,310.41,80,310.34,80,310.33,280,310.32,40,310.29,80,310.25,160,310.21,200,310.14,120,310.67,200,310.74,120,310.83,40,310.93,160,310.94,120,310.95,160,310.99,40,311.0,240,311.08,40,311.11,160
2026-01-16 09:34:22,310.57,310.53,1,310.47,120,310.67,200,310.67,310.47,310.47,120,310.46,40,310.41,80,310.34,80,310.33,280,310.32,40,310.29,80,310.25,160,310.21,200,310.14,120,310.67,200,310.74,120,310.83,40,310.93,160,310.94,120,310.95,160,310.99,40,311.0,240,311.08,40,311.11,160
2026-01-16 09:34:23,310.57,310.47,3,310.47,120,310.67,200,310.67,310.47,310.47,120,310.46,40,310.41,80,310.34,80,310.33,280,310.32,40,310.29,80,310.25,160,310.21,200,310.14,120,310.67,200,310.74,120,310.83,40,310.93,160,310.94,120,310.95,160,310.99,40,311.0,240,311.08,40,311.11,160
2026-01-16 09:34:24,310.465,310.47,1,310.43,80,310.5,80,310.5,310.43,310.43,80,310.36,40,310.33,280,310.32,40,310.29,80,310.25,160,310.21,200,310.14,120,310.08,360,310.07,40,310.5,80,310.67,200,310.74,120,310.83,40,310.93,160,310.94,120,310.95,160,310.99,40,311.0,240,311.08,40
2026-01-16 09:34:25,310.465,310.47,1,310.43,80,310.5,80,310.5,310.43,310.43,80,310.36,40,310.33,280,310.32,40,310.29,80,310.25,160,310.21,200,310.14,120,310.08,360,310.07,40,310.5,80,310.67,200,310.74,120,310.83,40,310.93,160,310.94,120,310.95,160,310.99,40,311.0,240,311.08,40
2026-01-16 09:34:26,310.465,310.5,2,310.43,120,310.5,80,310.5,310.43,310.43,120,310.36,40,310.33,280,310.32,40,310.29,80,310.25,160,310.21,200,310.14,120,310.08,360,310.07,40,310.5,80,310.67,200,310.74,120,310.83,40,310.93,160,310.94,120,310.95,160,310.99,40,311.0,240,311.08,40
2026-01-16 09:34:27,310.465,310.5,2,310.43,120,310.5,80,310.5,310.43,310.43,120,310.36,40,310.33,280,310.32,40,310.29,80,310.25,160,310.21,200,310.14,120,310.08,360,310.07,40,310.5,80,310.67,200,310.74,120,310.83,40,310.93,160,310.94,120,310.95,160,310.99,40,311.0,240,311.08,40
2026-01-16 09:34:28,310.465,310.5,2,310.43,120,310.5,80,310.5,310.43,310.43,120,310.36,40,310.33,280,310.32,40,310.29,80,310.25,160,310.21,200,310.14,120,310.08,360,310.07,40,310.5,80,310.67,200,310.74,120,310.83,40,310.93,160,310.94,120,310.95,160,310.99,40,311.0,240,311.08,40
2026-01-16 09:34:29,310.465,310.5,8,310.43,200,310.5,80,310.5,310.43,310.43,200,310.36,40,310.33,280,310.32,40,310.29,80,310.25,160,310.21,200,310.14,120,310.08,360,310.07,40,310.5,80,310.67,200,310.74,120,310.83,40,310.93,160,310.94,120,310.95,160,310.99,40,311.0,240,311.08,40
2026-01-16 09:34:30,310.495,310.5,4,310.49,80,310.5,120,310.5,310.49,310.49,80,310.43,200,310.36,40,310.33,280,310.32,40,310.29,80,310.25,160,310.21,200,310.14,120,310.08,360,310.5,120,310.67,200,310.74,120,310.83,40,310.93,160,310.94,120,310.95,160,310.99,40,311.0,240,311.08,40
2026-01-16 09:34:31,310.495,310.5,4,310.49,120,310.5,120,310.5,310.49,310.49,120,310.43,200,310.36,40,310.33,280,310.32,40,310.29,80,310.25,160,310.21,200,310.14,120,310.08,360,310.5,120,310.67,200,310.74,120,310.83,40,310.93,160,310.94,120,310.95,160,310.99,40,311.0,240,311.08,40
2026-01-16 09:34:32,310.465,310.5,1,310.43,200,310.5,120,310.5,310.43,310.43,200,310.36,40,310.33,280,310.32,40,310.29,80,310.25,160,310.21,200,310.14,120,310.08,360,310.07,40,310.5,120,310.67,200,310.74,120,310.83,40,310.93,160,310.94,120,310.95,160,310.99,40,311.0,240,311.08,40
2026-01-16 09:34:33,310.47,310.5,1,310.44,320,310.5,120,310.5,310.44,310.44,320,310.43,200,310.36,40,310.33,280,310.32,40,310.29,80,310.25,160,310.21,200,310.14,120,310.08,360,310.5,120,310.67,200,310.74,120,310.83,40,310.93,160,310.94,120,310.95,160,310.99,40,311.0,240,311.08,40
2026-01-16 09:34:34,310.47,310.5,1,310.44,320,310.5,120,310.5,310.44,310.44,320,310.43,200,310.36,40,310.33,280,310.32,40,310.29,80,310.25,160,310.21,200,310.14,120,310.08,360,310.5,120,310.67,200,310.74,120,310.83,40,310.93,160,310.94,120,310.95,160,310.99,40,311.0,240,311.08,40
2026-01-16 09:34:35,310.45,310.44,1,310.4,200,310.5,120,310.5,310.4,310.4,200,310.38,80,310.33,280,310.32,40,310.29,80,310.25,160,310.21,200,310.14,120,310.08,360,310.07,40,310.5,120,310.67,200,310.74,120,310.83,40,310.93,160,310.94,120,310.95,160,310.99,40,311.0,240,311.08,40
2026-01-16 09:34:36,310.45,310.45,1,310.4,360,310.5,120,310.5,310.4,310.4,360,310.38,80,310.33,280,310.32,40,310.29,80,310.25,160,310.21,200,310.14,120,310.08,360,310.07,40,310.5,120,310.67,200,310.74,120,310.83,40,310.93,160,310.94,120,310.95,160,310.99,40,311.0,240,311.08,40
2026-01-16 09:34:37,310.355,310.45,1,310.21,200,310.5,120,310.5,310.21,310.21,200,310.14,120,310.08,360,310.07,40,310.06,40,310.01,120,310.0,80,309.58,160,309.57,160,309.51,40,310.5,120,310.67,200,310.74,120,310.83,40,310.93,160,310.94,120,310.95,160,310.99,40,311.0,240,311.08,40
2026-01-16 09:34:38,310.36,310.45,1,310.22,40,310.5,120,310.5,310.22,310.22,40,310.21,200,310.14,120,310.08,360,310.07,40,310.06,40,310.01,120,310.0,80,309.58,160,309.57,160,310.5,120,310.67,200,310.74,120,310.83,40,310.93,160,310.94,120,310.95,160,310.99,40,311.0,240,311.08,40
2026-01-16 09:34:39,310.36,310.45,1,310.22,40,310.5,120,310.5,310.22,310.22,40,310.21,200,310.14,120,310.08,360,310.07,40,310.06,40,310.01,120,310.0,80,309.58,160,309.57,160,310.5,120,310.67,200,310.74,120,310.83,40,310.93,160,310.94,120,310.95,160,310.99,40,311.0,240,311.08,40
2026-01-16 09:34:40,310.24,310.21,1,310.18,40,310.3,80,310.3,310.18,310.18,40,310.17,40,310.14,120,310.08,360,310.07,40,310.06,40,310.01,120,310.0,80,309.58,160,309.57,160,310.3,80,310.49,80,310.5,280,310.67,200,310.74,120,310.83,40,310.93,160,310.94,120,310.95,160,310.99,40
2026-01-16 09:34:41,310.37,310.24,5,310.24,40,310.5,280,310.5,310.24,310.24,40,310.23,160,310.21,40,310.2,120,310.18,40,310.17,40,310.14,120,310.08,360,310.07,40,310.06,40,310.5,280,310.67,200,310.74,120,310.83,40,310.93,160,310.94,120,310.95,160,310.99,40,311.0,240,311.08,40
2026-01-16 09:34:42,310.37,310.24,5,310.24,40,310.5,280,310.5,310.24,310.24,40,310.23,160,310.21,40,310.2,120,310.18,40,310.17,40,310.14,120,310.08,360,310.07,40,310.06,40,310.5,280,310.67,200,310.74,120,310.83,40,310.93,160,310.94,120,310.95,160,310.99,40,311.0,240,311.08,40
2026-01-16 09:34:43,310.37,310.24,5,310.24,160,310.5,280,310.5,310.24,310.24,160,310.23,160,310.21,40,310.2,120,310.18,40,310.17,40,310.14,120,310.08,360,310.07,40,310.06,40,310.5,280,310.67,200,310.74,120,310.83,40,310.93,160,310.94,120,310.95,160,310.99,40,311.0,240,311.08,40
2026-01-16 09:34:44,310.37,310.24,5,310.24,120,310.5,280,310.5,310.24,310.24,120,310.23,160,310.21,40,310.2,120,310.18,40,310.17,40,310.14,120,310.08,360,310.07,40,310.06,40,310.5,280,310.67,200,310.74,120,310.83,40,310.93,160,310.94,120,310.95,160,310.99,40,311.0,240,311.08,40
2026-01-16 09:34:45,310.365,310.24,5,310.24,120,310.49,40,310.49,310.24,310.24,120,310.23,160,310.21,40,310.2,120,310.18,40,310.17,40,310.14,120,310.08,360,310.07,40,310.06,40,310.49,40,310.5,280,310.67,200,310.74,120,310.83,40,310.93,160,310.94,120,310.95,160,310.99,40,311.0,240
2026-01-16 09:34:46,310.375,310.24,5,310.25,240,310.5,280,310.5,310.25,310.25,240,310.24,120,310.23,160,310.21,40,310.2,120,310.18,40,310.17,40,310.14,120,310.08,360,310.07,40,310.5,280,310.67,200,310.74,120,310.83,40,310.93,160,310.94,120,310.95,160,310.99,40,311.0,240,311.08,40
2026-01-16 09:34:47,310.44,310.38,1,310.38,160,310.5,280,310.5,310.38,310.38,160,310.32,80,310.27,40,310.26,40,310.25,280,310.24,120,310.23,160,310.21,40,310.2,120,310.18,40,310.5,280,310.67,200,310.74,120,310.83,40,310.93,160,310.94,120,310.95,160,310.99,40,311.0,240,311.08,40
2026-01-16 09:34:48,310.605,310.53,3,310.54,120,310.67,240,310.67,310.54,310.54,120,310.53,80,310.52,40,310.48,240,310.39,120,310.33,80,310.29,40,310.28,40,310.23,40,310.18,80,310.67,240,310.74,120,310.83,40,310.93,160,310.94,120,310.95,160,310.99,40,311.0,240,311.08,40,311.11,160
2026-01-16 09:34:49,310.6,310.38,1,310.53,160,310.67,240,310.67,310.53,310.53,160,310.52,40,310.48,240,310.39,120,310.33,80,310.29,40,310.28,40,310.23,40,310.18,80,310.17,40,310.67,240,310.74,120,310.83,40,310.93,160,310.94,120,310.95,160,310.99,40,311.0,240,311.08,40,311.11,160
2026-01-16 09:34:50,310.515,310.38,1,310.39,80,310.64,40,310.64,310.39,310.39,80,310.33,80,310.29,40,310.28,40,310.23,40,310.18,80,310.17,40,310.14,120,310.08,360,310.07,40,310.64,40,310.67,240,310.74,120,310.83,40,310.93,160,310.94,120,310.95,160,310.99,40,311.0,240,311.08,40
2026-01-16 09:34:51,310.525,310.38,1,310.4,40,310.65,40,310.65,310.4,310.4,40,310.39,80,310.33,80,310.29,40,310.28,40,310.23,40,310.18,80,310.17,40,310.14,120,310.08,360,310.65,40,310.67,280,310.74,120,310.83,40,310.93,160,310.94,120,310.95,160,310.99,40,311.0,240,311.08,40
2026-01-16 09:34:52,310.435,310.4,1,310.23,80,310.64,80,310.64,310.23,310.23,80,310.18,80,310.17,40,310.14,120,310.08,360,310.07,40,310.06,40,310.01,120,310.0,80,309.58,160,310.64,80,310.65,120,310.67,280,310.74,120,310.83,40,310.93,160,310.94,120,310.95,160,310.99,40,311.0,240
2026-01-16 09:34:53,310.375,310.44,1,310.23,40,310.52,40,310.52,310.23,310.23,40,310.09,80,310.08,480,310.07,40,310.06,40,310.01,120,310.0,80,309.58,160,309.57,160,309.51,40,310.52,40,310.63,40,310.64,80,310.65,120,310.67,280,310.74,120,310.83,40,310.93,160,310.94,120,310.95,160
2026-01-16 09:34:54,310.375,310.09,9,310.23,80,310.52,80,310.52,310.23,310.23,80,310.1,80,310.09,80,310.08,480,310.07,40,310.06,40,310.01,120,310.0,80,309.58,160,309.57,160,310.52,80,310.63,40,310.64,80,310.65,120,310.67,280,310.74,120,310.83,40,310.93,160,310.94,120,310.95,160
2026-01-16 09:34:55,310.38,310.52,1,310.24,40,310.52,80,310.52,310.24,310.24,40,310.23,80,310.1,80,310.09,80,310.08,480,310.07,40,310.06,40,310.01,120,310.0,80,309.58,160,310.52,80,310.63,40,310.64,80,310.65,120,310.67,280,310.74,120,310.83,40,310.93,160,310.94,120,310.95,160
2026-01-16 09:34:56,310.445,310.52,1,310.24,120,310.65,160,310.65,310.24,310.24,120,310.23,80,310.1,80,310.09,80,310.08,480,310.07,40,310.06,40,310.01,120,310.0,80,309.58,160,310.65,160,310.67,280,310.74,120,310.83,40,310.93,160,310.94,120,310.95,160,310.99,40,311.0,240,311.08,40
2026-01-16 09:34:57,310.38,310.52,1,310.24,160,310.52,80,310.52,310.24,310.24,160,310.23,80,310.1,80,310.09,80,310.08,480,310.07,40,310.06,40,310.01,120,310.0,80,309.58,160,310.52,80,310.65,160,310.67,280,310.74,120,310.83,40,310.93,160,310.94,120,310.95,160,310.99,40,311.0,240
2026-01-16 09:34:58,310.375,310.52,1,310.24,160,310.51,40,310.51,310.24,310.24,160,310.23,80,310.1,80,310.09,80,310.08,480,310.07,40,310.06,40,310.01,120,310.0,80,309.58,160,310.51,40,310.52,80,310.65,160,310.67,280,310.74,120,310.83,40,310.93,160,310.94,120,310.95,160,310.99,40
2026-01-16 09:34:59,310.375,310.52,1,310.24,280,310.51,80,310.51,310.24,310.24,280,310.23,80,310.1,80,310.09,80,310.08,480,310.07,40,310.06,40,310.01,120,310.0,80,309.58,160,310.51,80,310.52,80,310.65,160,310.67,280,310.74,120,310.83,40,310.93,160,310.94,120,310.95,160,310.99,40
2026-01-16 09:35:00,310.475,310.52,1,310.38,120,310.57,80,310.57,310.38,310.38,120,310.37,40,310.24,240,310.23,80,310.1,80,310.09,80,310.08,480,310.07,40,310.06,40,310.01,120,310.57,80,310.65,160,310.67,280,310.74,120,310.83,40,310.93,160,310.94,120,310.95,160,310.99,40,311.0,240
2026-01-16 09:35:01,310.59,311.08,1,310.53,200,310.65,160,310.65,310.53,310.53,200,310.48,120,310.47,80,310.42,160,310.38,160,310.37,40,310.24,240,310.23,80,310.1,80,310.09,80,310.65,160,310.67,280,310.74,120,310.83,40,310.93,160,310.94,120,310.95,160,310.99,40,311.0,240,311.08,40
2026-01-16 09:35:02,310.59,311.08,1,310.53,200,310.65,160,310.65,310.53,310.53,200,310.48,120,310.47,80,310.42,160,310.38,160,310.37,40,310.24,240,310.23,80,310.1,80,310.09,80,310.65,160,310.67,280,310.74,120,310.83,40,310.93,160,310.94,120,310.95,160,310.99,40,311.0,240,311.08,40
2026-01-16 09:35:03,310.59,311.08,1,310.53,240,310.65,160,310.65,310.53,310.53,240,310.48,120,310.47,80,310.42,160,310.38,160,310.37,40,310.24,240,310.23,80,310.1,80,310.09,80,310.65,160,310.67,280,310.74,120,310.83,40,310.93,160,310.94,120,310.95,160,310.99,40,311.0,240,311.08,40
2026-01-16 09:35:04,310.515,311.08,1,310.38,200,310.65,160,310.65,310.38,310.38,200,310.37,40,310.24,240,310.23,80,310.1,80,310.09,80,310.08,480,310.07,40,310.06,40,310.01,120,310.65,160,310.67,280,310.74,120,310.83,40,310.93,160,310.94,120,310.95,160,310.99,40,311.0,240,311.08,40
2026-01-16 09:35:05,310.515,311.08,1,310.38,200,310.65,160,310.65,310.38,310.38,200,310.37,40,310.24,240,310.23,80,310.1,80,310.09,80,310.08,480,310.07,40,310.06,40,310.01,120,310.65,160,310.67,280,310.74,120,310.83,40,310.93,160,310.94,120,310.95,160,310.99,40,311.0,240,311.08,40
2026-01-16 09:35:06,310.515,311.08,1,310.38,240,310.65,160,310.65,310.38,310.38,240,310.37,40,310.24,240,310.23,80,310.1,80,310.09,80,310.08,480,310.07,40,310.06,40,310.01,120,310.65,160,310.67,280,310.74,120,310.83,40,310.93,160,310.94,120,310.95,160,310.99,40,311.0,240,311.08,40
2026-01-16 09:35:07,310.485,311.08,1,310.38,240,310.59,40,310.59,310.38,310.38,240,310.37,40,310.24,240,310.23,80,310.1,80,310.09,80,310.08,480,310.07,40,310.06,40,310.01,120,310.59,40,310.65,200,310.67,280,310.74,120,310.83,40,310.93,160,310.94,120,310.95,160,310.99,40,311.0,240
2026-01-16 09:35:08,310.485,311.08,1,310.38,240,310.59,40,310.59,310.38,310.38,240,310.37,40,310.24,240,310.23,80,310.1,80,310.09,80,310.08,480,310.07,40,310.06,40,310.01,120,310.59,40,310.65,200,310.67,280,310.74,120,310.83,40,310.93,160,310.94,120,310.95,160,310.99,40,311.0,240
2026-01-16 09:35:09,310.485,311.08,1,310.38,240,310.59,40,310.59,310.38,310.38,240,310.37,40,310.24,240,310.23,80,310.1,80,310.09,80,310.08,480,310.07,40,310.06,40,310.01,120,310.59,40,310.65,200,310.67,280,310.74,120,310.83,40,310.93,160,310.94,120,310.95,160,310.99,40,311.0,240
2026-01-16 09:35:10,310.485,310.49,1,310.38,360,310.59,80,310.59,310.38,310.38,360,310.37,40,310.24,240,310.23,80,310.1,80,310.09,80,310.08,480,310.07,40,310.06,40,310.01,120,310.59,80,310.65,200,310.67,280,310.74,120,310.83,40,310.93,160,310.94,120,310.95,160,310.99,40,311.0,240
2026-01-16 09:35:11,310.415,310.36,1,310.25,80,310.58,80,310.58,310.25,310.25,80,310.24,80,310.23,40,310.15,40,310.1,80,310.09,80,310.08,480,310.07,40,310.06,40,310.01,120,310.58,80,310.59,160,310.65,200,310.67,280,310.74,120,310.83,40,310.93,160,310.94,120,310.95,160,310.99,40
2026-01-16 09:35:12,310.46,310.54,4,310.34,40,310.58,120,310.58,310.34,310.34,40,310.25,80,310.24,80,310.23,40,310.15,40,310.1,80,310.09,80,310.08,480,310.07,40,310.06,40,310.58,120,310.59,160,310.65,200,310.67,280,310.74,120,310.83,40,310.93,160,310.94,120,310.95,160,310.99,40
2026-01-16 09:35:13,310.46,310.54,4,310.34,520,310.58,120,310.58,310.34,310.34,520,310.25,80,310.24,80,310.23,40,310.15,40,310.1,80,310.09,80,310.08,480,310.07,40,310.06,40,310.58,120,310.59,160,310.65,200,310.67,280,310.74,120,310.83,40,310.93,160,310.94,120,310.95,160,310.99,40
2026-01-16 09:35:14,310.57,310.43,3,310.52,80,310.62,80,310.62,310.52,310.52,80,310.45,80,310.34,520,310.25,80,310.24,80,310.23,40,310.15,40,310.1,80,310.09,80,310.08,480,310.62,80,310.65,200,310.67,280,310.74,120,310.83,40,310.93,160,310.94,120,310.95,160,310.99,40,311.0,240
2026-01-16 09:35:15,310.57,310.43,3,310.52,80,310.62,80,310.62,310.52,310.52,80,310.45,80,310.34,520,310.25,80,310.24,80,310.23,40,310.15,40,310.1,80,310.09,80,310.08,480,310.62,80,310.65,200,310.67,280,310.74,120,310.83,40,310.93,160,310.94,120,310.95,160,310.99,40,311.0,240
2026-01-16 09:35:16,310.57,310.43,3,310.52,80,310.62,80,310.62,310.52,310.52,80,310.45,80,310.34,520,310.25,80,310.24,80,310.23,40,310.15,40,310.1,80,310.09,80,310.08,480,310.62,80,310.65,200,310.67,280,310.74,120,310.83,40,310.93,160,310.94,120,310.95,160,310.99,40,311.0,240
2026-01-16 09:35:17,310.44,310.43,3,310.34,520,310.54,40,310.54,310.34,310.34,520,310.25,80,310.24,80,310.23,40,310.15,40,310.1,80,310.09,80,310.08,480,310.07,40,310.06,40,310.54,40,310.62,80,310.65,200,310.67,280,310.74,120,310.83,40,310.93,160,310.94,120,310.95,160,310.99,40
2026-01-16 09:35:18,310.44,310.43,3,310.34,520,310.54,120,310.54,310.34,310.34,520,310.25,80,310.24,80,310.23,40,310.15,40,310.1,80,310.09,80,310.08,480,310.07,40,310.06,40,310.54,120,310.62,80,310.65,200,310.67,280,310.74,120,310.83,40,310.93,160,310.94,120,310.95,160,310.99,40
2026-01-16 09:35:19,310.44,310.43,2,310.34,520,310.54,200,310.54,310.34,310.34,520,310.25,80,310.24,80,310.23,40,310.15,40,310.1,80,310.09,80,310.08,480,310.07,40,310.06,40,310.54,200,310.62,80,310.65,200,310.67,280,310.74,120,310.83,40,310.93,160,310.94,120,310.95,160,310.99,40
2026-01-16 09:35:20,310.44,310.43,2,310.34,480,310.54,200,310.54,310.34,310.34,480,310.25,80,310.24,80,310.23,40,310.15,40,310.1,80,310.09,80,310.08,480,310.07,40,310.06,40,310.54,200,310.62,80,310.65,200,310.67,280,310.74,120,310.83,40,310.93,160,310.94,120,310.95,160,310.99,40
2026-01-16 09:35:21,310.44,310.44,1,310.34,480,310.54,200,310.54,310.34,310.34,480,310.25,80,310.24,80,310.23,40,310.15,40,310.1,80,310.09,80,310.08,480,310.07,40,310.06,40,310.54,200,310.62,80,310.65,200,310.67,280,310.74,120,310.83,40,310.93,160,310.94,120,310.95,160,310.99,40
2026-01-16 09:35:22,310.56,310.44,1,310.45,280,310.67,320,310.67,310.45,310.45,280,310.44,200,310.34,520,310.25,80,310.24,80,310.23,40,310.15,40,310.1,80,310.09,80,310.08,480,310.67,320,310.74,120,310.83,40,310.93,160,310.94,120,310.95,160,310.99,40,311.0,240,311.08,40,311.11,160
2026-01-16 09:35:23,310.645,310.64,1,310.62,40,310.67,240,310.67,310.62,310.62,40,310.61,40,310.6,160,310.53,40,310.46,40,310.45,320,310.44,200,310.34,520,310.25,80,310.24,80,310.67,240,310.74,120,310.83,40,310.93,160,310.94,120,310.95,160,310.99,40,311.0,240,311.08,40,311.11,160
2026-01-16 09:35:24,310.645,310.64,1,310.62,80,310.67,240,310.67,310.62,310.62,80,310.61,40,310.6,160,310.53,40,310.46,40,310.45,320,310.44,200,310.34,520,310.25,80,310.24,80,310.67,240,310.74,120,310.83,40,310.93,160,310.94,120,310.95,160,310.99,40,311.0,240,311.08,40,311.11,160
2026-01-16 09:35:25,310.56,310.6,4,310.45,640,310.67,360,310.67,310.45,310.45,640,310.44,200,310.34,520,310.25,80,310.24,80,310.23,40,310.15,40,310.1,80,310.09,80,310.08,480,310.67,360,310.74,120,310.83,40,310.93,160,310.94,120,310.95,160,310.99,40,311.0,240,311.08,40,311.11,160
2026-01-16 09:35:26,310.56,310.6,4,310.45,600,310.67,400,310.67,310.45,310.45,600,310.44,200,310.34,520,310.25,80,310.24,80,310.23,40,310.15,40,310.1,80,310.09,80,310.08,480,310.67,400,310.74,120,310.83,40,310.93,160,310.94,120,310.95,160,310.99,40,311.0,240,311.08,40,311.11,160
2026-01-16 09:35:27,310.56,310.69,1,310.45,600,310.67,400,310.67,310.45,310.45,600,310.44,200,310.34,520,310.25,80,310.24,80,310.23,40,310.15,40,310.1,80,310.09,80,310.08,480,310.67,400,310.74,120,310.83,40,310.93,160,310.94,120,310.95,160,310.99,40,311.0,240,311.08,40,311.11,160
2026-01-16 09:35:28,310.785,310.75,3,310.75,200,310.82,120,310.82,310.75,310.75,200,310.74,480,310.73,120,310.72,560,310.69,520,310.67,40,310.66,400,310.56,40,310.46,160,310.45,600,310.82,120,310.83,40,310.93,160,310.94,120,310.95,160,310.99,40,311.0,240,311.08,40,311.11,160,311.21,80
2026-01-16 09:35:29,310.67,310.75,1,310.52,80,310.82,320,310.82,310.52,310.52,80,310.51,80,310.46,160,310.45,600,310.44,200,310.34,520,310.25,80,310.24,80,310.23,40,310.15,40,310.82,320,310.83,40,310.93,160,310.94,120,310.95,160,310.99,40,311.0,240,311.08,40,311.11,160,311.21,80
2026-01-16 09:35:30,310.6,310.75,1,310.46,80,310.74,40,310.74,310.46,310.46,80,310.45,600,310.44,200,310.34,520,310.25,80,310.24,80,310.23,40,310.15,40,310.1,80,310.09,80,310.74,40,310.82,320,310.83,40,310.93,160,310.94,120,310.95,160,310.99,40,311.0,240,311.08,40,311.11,160
2026-01-16 09:35:31,310.725,310.66,1,310.63,160,310.82,320,310.82,310.63,310.63,160,310.46,80,310.45,600,310.44,200,310.34,520,310.25,80,310.24,80,310.23,40,310.15,40,310.1,80,310.82,320,310.83,40,310.93,160,310.94,120,310.95,160,310.99,40,311.0,240,311.08,40,311.11,160,311.21,80
2026-01-16 09:35:32,310.725,310.66,1,310.63,160,310.82,320,310.82,310.63,310.63,160,310.46,80,310.45,600,310.44,200,310.34,520,310.25,80,310.24,80,310.23,40,310.15,40,310.1,80,310.82,320,310.83,40,310.93,160,310.94,120,310.95,160,310.99,40,311.0,240,311.08,40,311.11,160,311.21,80
2026-01-16 09:35:33,310.735,310.66,1,310.65,200,310.82,360,310.82,310.65,310.65,200,310.63,320,310.46,80,310.45,600,310.44,200,310.34,520,310.25,80,310.24,80,310.23,40,310.15,40,310.82,360,310.83,40,310.93,160,310.94,120,310.95,160,310.99,40,311.0,240,311.08,40,311.11,160,311.21,80
2026-01-16 09:35:34,310.845,310.78,1,310.81,40,310.88,40,310.88,310.81,310.81,40,310.77,120,310.73,80,310.65,240,310.63,320,310.46,80,310.45,600,310.44,200,310.34,520,310.25,80,310.88,40,310.93,160,310.94,120,310.95,160,310.99,40,311.0,240,311.08,40,311.11,160,311.21,80,311.22,40
2026-01-16 09:35:35,310.825,310.84,1,310.77,120,310.88,80,310.88,310.77,310.77,120,310.73,80,310.65,240,310.63,320,310.46,80,310.45,600,310.44,200,310.34,520,310.25,80,310.24,80,310.88,80,310.93,160,310.94,120,310.95,160,310.99,40,311.0,240,311.08,40,311.11,160,311.21,80,311.22,40
2026-01-16 09:35:36,310.91,310.84,1,310.87,200,310.95,320,310.95,310.87,310.87,200,310.77,120,310.73,80,310.65,240,310.63,320,310.46,80,310.45,600,310.44,200,310.34,520,310.25,80,310.95,320,310.99,40,311.0,240,311.08,40,311.11,160,311.21,80,311.22,40,311.23,160,311.24,40,311.26,120
2026-01-16 09:35:37,310.97,310.97,1,310.94,40,311.0,1440,311.0,310.94,310.94,40,310.91,80,310.89,160,310.87,200,310.77,120,310.73,80,310.65,240,310.63,320,310.46,80,310.45,600,311.0,1440,311.08,40,311.11,160,311.21,80,311.22,40,311.23,160,311.24,40,311.26,120,311.39,40,311.4,360
2026-01-16 09:35:38,310.945,310.97,1,310.89,400,311.0,1480,311.0,310.89,310.89,400,310.87,200,310.77,120,310.73,80,310.65,240,310.63,320,310.46,80,310.45,600,310.44,200,310.34,520,311.0,1480,311.08,40,311.11,160,311.21,80,311.22,40,311.23,160,311.24,40,311.26,120,311.39,40,311.4,360
2026-01-16 09:35:39,310.945,310.95,1,310.89,400,311.0,1440,311.0,310.89,310.89,400,310.87,200,310.77,120,310.73,80,310.65,240,310.63,320,310.46,80,310.45,600,310.44,200,310.34,520,311.0,1440,311.08,40,311.11,160,311.21,80,311.22,40,311.23,160,311.24,40,311.26,120,311.39,40,311.4,360
2026-01-16 09:35:40,310.945,310.95,1,310.89,560,311.0,1440,311.0,310.89,310.89,560,310.87,200,310.77,120,310.73,80,310.65,240,310.63,320,310.46,80,310.45,600,310.44,200,310.34,520,311.0,1440,311.08,40,311.11,160,311.21,80,311.22,40,311.23,160,311.24,40,311.26,120,311.39,40,311.4,360
2026-01-16 09:35:41,310.945,310.97,1,310.89,640,311.0,1440,311.0,310.89,310.89,640,310.87,200,310.77,120,310.73,80,310.65,240,310.63,320,310.46,80,310.45,600,310.44,200,310.34,520,311.0,1440,311.08,40,311.11,160,311.21,80,311.22,40,311.23,160,311.24,40,311.26,120,311.39,40,311.4,360
2026-01-16 09:35:42,310.85,310.89,1,310.77,120,310.93,80,310.93,310.77,310.77,120,310.73,80,310.65,240,310.63,320,310.46,80,310.45,600,310.44,200,310.34,520,310.25,80,310.24,80,310.93,80,310.94,80,311.0,1640,311.08,40,311.11,160,311.21,80,311.22,40,311.23,160,311.24,40,311.26,120
2026-01-16 09:35:43,310.79,310.79,1,310.65,200,310.93,80,310.93,310.65,310.65,200,310.63,320,310.46,80,310.45,600,310.44,200,310.34,520,310.25,80,310.24,80,310.23,40,310.15,40,310.93,80,310.94,80,311.0,1640,311.08,40,311.11,160,311.21,80,311.22,40,311.23,160,311.24,40,311.26,120
2026-01-16 09:35:44,310.79,310.79,1,310.65,200,310.93,80,310.93,310.65,310.65,200,310.63,320,310.46,80,310.45,600,310.44,200,310.34,520,310.25,80,310.24,80,310.23,40,310.15,40,310.93,80,310.94,80,311.0,1640,311.08,40,311.11,160,311.21,80,311.22,40,311.23,160,311.24,40,311.26,120
2026-01-16 09:35:45,310.79,310.79,3,310.65,200,310.93,80,310.93,310.65,310.65,200,310.63,320,310.46,80,310.45,600,310.44,200,310.34,520,310.25,80,310.24,80,310.23,40,310.15,40,310.93,80,310.94,80,311.0,1640,311.08,40,311.11,160,311.21,80,311.22,40,311.23,160,311.24,40,311.26,120
2026-01-16 09:35:46,310.79,310.79,3,310.65,200,310.93,80,310.93,310.65,310.65,200,310.63,320,310.46,80,310.45,600,310.44,200,310.34,520,310.25,80,310.24,80,310.23,40,310.15,40,310.93,80,310.94,80,311.0,1640,311.08,40,311.11,160,311.21,80,311.22,40,311.23,160,311.24,40,311.26,120
2026-01-16 09:35:47,310.92,310.79,3,310.84,80,311.0,1600,311.0,310.84,310.84,80,310.83,40,310.77,40,310.73,80,310.65,200,310.63,320,310.46,80,310.45,600,310.44,200,310.34,520,311.0,1600,311.08,40,311.11,160,311.21,80,311.22,40,311.23,160,311.24,40,311.26,120,311.39,40,311.4,360
2026-01-16 09:35:48,311.12,310.96,1,310.98,80,311.26,160,311.26,310.98,310.98,80,310.97,80,310.96,40,310.92,320,310.85,40,310.84,160,310.83,40,310.77,40,310.73,80,310.65,200,311.26,160,311.39,40,311.4,360,311.54,120,311.69,120,311.7,320,311.93,40,311.96,80,311.97,240,311.98,80
2026-01-16 09:35:49,311.125,311.12,2,310.99,80,311.26,160,311.26,310.99,310.99,80,310.98,80,310.97,80,310.96,40,310.92,320,310.85,40,310.84,160,310.83,40,310.77,40,310.73,80,311.26,160,311.39,40,311.4,360,311.54,120,311.69,120,311.7,320,311.93,40,311.96,80,311.97,240,311.98,80
2026-01-16 09:35:50,311.11,311.12,2,310.99,80,311.23,80,311.23,310.99,310.99,80,310.98,80,310.97,80,310.96,40,310.92,320,310.85,40,310.84,160,310.83,40,310.77,40,310.73,80,311.23,80,311.26,400,311.39,40,311.4,360,311.54,120,311.69,120,311.7,320,311.93,40,311.96,80,311.97,240
2026-01-16 09:35:51,311.2,311.2,1,311.13,200,311.27,200,311.27,311.13,311.13,200,310.99,280,310.98,80,310.97,80,310.96,40,310.92,320,310.85,40,310.84,160,310.83,40,310.77,40,311.27,200,311.39,40,311.4,360,311.54,120,311.69,120,311.7,320,311.93,40,311.96,80,311.97,240,311.98,80
2026-01-16 09:35:52,311.2,311.2,2,311.13,200,311.27,200,311.27,311.13,311.13,200,310.99,280,310.98,80,310.97,80,310.96,40,310.92,320,310.85,40,310.84,160,310.83,40,310.77,40,311.27,200,311.39,40,311.4,360,311.54,120,311.69,120,311.7,320,311.93,40,311.96,80,311.97,240,311.98,80
2026-01-16 09:35:53,311.225,311.23,2,311.18,120,311.27,200,311.27,311.18,311.18,120,311.13,200,310.99,280,310.98,80,310.97,80,310.96,40,310.92,320,310.85,40,310.84,160,310.83,40,311.27,200,311.39,40,311.4,360,311.54,120,311.69,120,311.7,320,311.93,40,311.96,80,311.97,240,311.98,80
2026-01-16 09:35:54,311.225,311.18,11,311.18,120,311.27,200,311.27,311.18,311.18,120,311.13,200,310.99,280,310.98,80,310.97,80,310.96,40,310.92,320,310.85,40,310.84,160,310.83,40,311.27,200,311.39,40,311.4,360,311.54,120,311.69,120,311.7,320,311.93,40,311.96,80,311.97,240,311.98,80
2026-01-16 09:35:55,311.225,311.18,11,311.18,120,311.27,200,311.27,311.18,311.18,120,311.13,200,310.99,280,310.98,80,310.97,80,310.96,40,310.92,320,310.85,40,310.84,160,310.83,40,311.27,200,311.39,40,311.4,360,311.54,120,311.69,120,311.7,320,311.93,40,311.96,80,311.97,240,311.98,80
2026-01-16 09:35:56,311.085,311.08,1,310.99,360,311.18,120,311.18,310.99,310.99,360,310.98,80,310.97,80,310.96,40,310.92,320,310.85,40,310.84,160,310.83,40,310.77,40,310.73,80,311.18,120,311.23,120,311.27,200,311.39,40,311.4,360,311.54,120,311.69,120,311.7,320,311.93,40,311.96,80
2026-01-16 09:35:57,310.89,310.99,1,310.74,40,311.04,40,311.04,310.74,310.74,40,310.73,120,310.65,200,310.63,320,310.46,80,310.45,600,310.44,200,310.34,520,310.25,80,310.24,80,311.04,40,311.17,120,311.18,120,311.23,120,311.27,200,311.39,40,311.4,360,311.54,120,311.69,120,311.7,320
2026-01-16 09:35:58,310.96,310.99,1,310.75,40,311.17,40,311.17,310.75,310.75,40,310.74,40,310.73,120,310.65,200,310.63,320,310.46,80,310.45,600,310.44,200,310.34,520,310.25,80,311.17,40,311.18,120,311.23,120,311.27,200,311.39,40,311.4,360,311.54,120,311.69,120,311.7,320,311.93,40
2026-01-16 09:35:59,310.935,310.99,1,310.7,40,311.17,40,311.17,310.7,310.7,40,310.65,200,310.63,320,310.46,80,310.45,600,310.44,200,310.34,520,310.25,80,310.24,80,310.23,40,311.17,40,311.18,120,311.23,120,311.27,200,311.39,40,311.4,360,311.54,120,311.69,120,311.7,320,311.93,40
2026-01-16 09:36:00,310.99,310.99,1,310.81,80,311.17,40,311.17,310.81,310.81,80,310.79,40,310.73,40,310.72,40,310.68,40,310.65,200,310.63,320,310.46,80,310.45,600,310.44,200,311.17,40,311.18,120,311.23,120,311.27,200,311.39,40,311.4,360,311.54,120,311.69,120,311.7,320,311.93,40
2026-01-16 09:36:01,310.99,310.99,1,310.81,120,311.17,80,311.17,310.81,310.81,120,310.79,40,310.73,40,310.72,40,310.68,40,310.65,200,310.63,320,310.46,80,310.45,600,310.44,200,311.17,80,311.18,120,311.23,120,311.27,200,311.39,40,311.4,360,311.54,120,311.69,120,311.7,320,311.93,40
2026-01-16 09:36:02,310.99,310.99,1,310.81,80,311.17,80,311.17,310.81,310.81,80,310.79,40,310.73,40,310.72,40,310.68,40,310.65,200,310.63,320,310.46,80,310.45,600,310.44,200,311.17,80,311.18,120,311.23,120,311.27,200,311.39,40,311.4,360,311.54,120,311.69,120,311.7,320,311.93,40
2026-01-16 09:36:03,310.995,311.0,2,310.82,40,311.17,80,311.17,310.82,310.82,40,310.81,80,310.79,40,310.73,40,310.72,40,310.68,40,310.65,200,310.63,320,310.46,80,310.45,600,311.17,80,311.18,120,311.23,120,311.27,200,311.39,40,311.4,360,311.54,120,311.69,120,311.7,320,311.93,40
2026-01-16 09:36:04,310.995,311.0,1,310.82,120,311.17,120,311.17,310.82,310.82,120,310.81,80,310.79,40,310.73,40,310.72,40,310.68,40,310.65,200,310.63,320,310.46,80,310.45,600,311.17,120,311.18,120,311.23,120,311.27,200,311.39,40,311.4,360,311.54,120,311.69,120,311.7,320,311.93,40
2026-01-16 09:36:05,311.055,311.0,3,310.93,40,311.18,120,311.18,310.93,310.93,40,310.85,80,310.82,160,310.81,80,310.79,40,310.73,40,310.72,40,310.68,40,310.65,200,310.63,320,311.18,120,311.23,120,311.27,200,311.39,40,311.4,360,311.54,120,311.69,120,311.7,320,311.93,40,311.96,80
2026-01-16 09:36:06,311.055,311.06,2,310.93,280,311.18,120,311.18,310.93,310.93,280,310.85,80,310.82,160,310.81,80,310.79,40,310.73,40,310.72,40,310.68,40,310.65,200,310.63,320,311.18,120,311.23,120,311.27,200,311.39,40,311.4,360,311.54,120,311.69,120,311.7,320,311.93,40,311.96,80
2026-01-16 09:36:07,311.055,311.06,2,310.93,280,311.18,120,311.18,310.93,310.93,280,310.85,80,310.82,160,310.81,80,310.79,40,310.73,40,310.72,40,310.68,40,310.65,200,310.63,320,311.18,120,311.23,120,311.27,200,311.39,40,311.4,360,311.54,120,311.69,120,311.7,320,311.93,40,311.96,80
2026-01-16 09:36:08,311.055,311.06,2,310.93,280,311.18,120,311.18,310.93,310.93,280,310.85,80,310.82,160,310.81,80,310.79,40,310.73,40,310.72,40,310.68,40,310.65,200,310.63,320,311.18,120,311.23,120,311.27,200,311.39,40,311.4,360,311.54,120,311.69,120,311.7,320,311.93,40,311.96,80
2026-01-16 09:36:09,311.055,311.06,1,310.93,280,311.18,120,311.18,310.93,310.93,280,310.85,80,310.82,160,310.81,80,310.79,40,310.73,40,310.72,40,310.68,40,310.65,200,310.63,320,311.18,120,311.23,120,311.27,200,311.39,40,311.4,360,311.54,120,311.69,120,311.7,320,311.93,40,311.96,80
2026-01-16 09:36:10,311.055,311.07,1,310.93,280,311.18,120,311.18,310.93,310.93,280,310.85,80,310.82,160,310.81,80,310.79,40,310.73,40,310.72,40,310.68,40,310.65,200,310.63,320,311.18,120,311.23,120,311.27,200,311.39,40,311.4,360,311.54,120,311.69,120,311.7,320,311.93,40,311.96,80
2026-01-16 09:36:11,311.035,311.06,1,310.93,280,311.14,40,311.14,310.93,310.93,280,310.85,80,310.82,160,310.81,80,310.79,40,310.73,40,310.72,40,310.68,40,310.65,200,310.63,320,311.14,40,311.18,120,311.23,120,311.27,200,311.39,40,311.4,360,311.54,120,311.69,120,311.7,320,311.93,40
2026-01-16 09:36:12,311.04,311.06,1,310.94,40,311.14,80,311.14,310.94,310.94,40,310.93,280,310.85,80,310.82,160,310.81,80,310.79,40,310.73,40,310.72,40,310.68,40,310.65,200,311.14,80,311.18,120,311.23,120,311.27,200,311.39,40,311.4,360,311.54,120,311.69,120,311.7,320,311.93,40
2026-01-16 09:36:13,311.04,311.05,1,310.94,40,311.14,40,311.14,310.94,310.94,40,310.93,280,310.85,80,310.82,160,310.81,80,310.79,40,310.73,40,310.72,40,310.68,40,310.65,200,311.14,40,311.18,120,311.23,120,311.27,200,311.39,40,311.4,360,311.54,120,311.69,120,311.7,320,311.93,40
2026-01-16 09:36:14,311.04,311.04,1,310.94,240,311.14,40,311.14,310.94,310.94,240,310.93,280,310.85,80,310.82,160,310.81,80,310.79,40,310.73,40,310.72,40,310.68,40,310.65,200,311.14,40,311.18,120,311.23,120,311.27,200,311.39,40,311.4,360,311.54,120,311.69,120,311.7,320,311.93,40
2026-01-16 09:36:15,311.04,311.04,4,310.94,240,311.14,120,311.14,310.94,310.94,240,310.93,280,310.85,80,310.82,160,310.81,80,310.79,40,310.73,40,310.72,40,310.68,40,310.65,200,311.14,120,311.18,120,311.23,120,311.27,200,311.39,40,311.4,360,311.54,120,311.69,120,311.7,320,311.93,40
2026-01-16 09:36:16,311.04,311.04,4,310.94,240,311.14,120,311.14,310.94,310.94,240,310.93,280,310.85,80,310.82,160,310.81,80,310.79,40,310.73,40,310.72,40,310.68,40,310.65,200,311.14,120,311.18,120,311.23,120,311.27,200,311.39,40,311.4,360,311.54,120,311.69,120,311.7,320,311.93,40
2026-01-16 09:36:17,311.275,311.11,1,311.2,160,311.35,80,311.35,311.2,311.2,160,311.04,40,311.0,40,310.94,240,310.93,280,310.85,80,310.82,160,310.81,80,310.79,40,310.73,40,311.35,80,311.39,40,311.4,360,311.54,120,311.69,120,311.7,320,311.93,40,311.96,80,311.97,240,311.98,80
2026-01-16 09:36:18,311.23,311.11,1,311.11,40,311.35,160,311.35,311.11,311.11,40,311.04,80,311.0,40,310.94,240,310.93,280,310.85,80,310.82,160,310.81,80,310.79,40,310.73,40,311.35,160,311.39,40,311.4,360,311.54,120,311.69,120,311.7,320,311.93,40,311.96,80,311.97,240,311.98,80
2026-01-16 09:36:19,311.23,311.11,1,311.11,40,311.35,160,311.35,311.11,311.11,40,311.04,80,311.0,40,310.94,240,310.93,280,310.85,80,310.82,160,310.81,80,310.79,40,310.73,40,311.35,160,311.39,40,311.4,360,311.54,120,311.69,120,311.7,320,311.93,40,311.96,80,311.97,240,311.98,80
2026-01-16 09:36:20,311.275,311.4,1,311.15,120,311.4,400,311.4,311.15,311.15,120,311.11,40,311.04,80,311.0,40,310.94,240,310.93,280,310.85,80,310.82,160,310.81,80,310.79,40,311.4,400,311.54,120,311.69,120,311.7,320,311.93,40,311.96,80,311.97,240,311.98,80,312.0,240,312.04,40
2026-01-16 09:36:21,311.275,311.4,5,311.15,200,311.4,400,311.4,311.15,311.15,200,311.11,40,311.04,80,311.0,40,310.94,240,310.93,280,310.85,80,310.82,160,310.81,80,310.79,40,311.4,400,311.54,120,311.69,120,311.7,320,311.93,40,311.96,80,311.97,240,311.98,80,312.0,240,312.04,40
2026-01-16 09:36:22,311.35,311.4,1,311.25,160,311.45,40,311.45,311.25,311.25,160,311.24,40,311.16,40,311.15,200,311.11,40,311.04,80,311.0,40,310.94,240,310.93,280,310.85,80,311.45,40,311.54,120,311.69,120,311.7,320,311.93,40,311.96,80,311.97,240,311.98,80,312.0,240,312.04,40
2026-01-16 09:36:23,311.35,311.25,65,311.25,160,311.45,40,311.45,311.25,311.25,160,311.24,40,311.16,40,311.15,200,311.11,40,311.04,80,311.0,40,310.94,240,310.93,280,310.85,80,311.45,40,311.54,120,311.69,120,311.7,320,311.93,40,311.96,80,311.97,240,311.98,80,312.0,240,312.04,40
2026-01-16 09:36:25,311.68,311.75,1,311.56,120,311.8,200,311.8,311.56,311.56,120,311.54,200,311.44,40,311.4,80,311.35,40,311.29,120,311.25,160,311.24,40,311.16,40,311.15,200,311.8,200,311.86,40,311.93,40,311.96,80,311.97,240,311.98,80,312.0,240,312.04,40,312.05,40,312.08,40
2026-01-16 09:36:26,311.675,311.68,1,311.56,120,311.79,40,311.79,311.56,311.56,120,311.54,200,311.44,40,311.4,80,311.35,40,311.29,120,311.25,160,311.24,40,311.16,40,311.15,200,311.79,40,311.8,200,311.86,40,311.93,40,311.96,80,311.97,240,311.98,80,312.0,240,312.04,40,312.05,40
2026-01-16 09:36:27,311.68,311.73,2,311.56,120,311.8,200,311.8,311.56,311.56,120,311.54,200,311.44,40,311.4,80,311.35,40,311.29,120,311.25,160,311.24,40,311.16,40,311.15,200,311.8,200,311.86,40,311.93,40,311.96,80,311.97,240,311.98,80,312.0,240,312.04,40,312.05,40,312.08,40
2026-01-16 09:36:28,311.755,311.76,1,311.71,120,311.8,160,311.8,311.71,311.71,120,311.56,120,311.54,200,311.44,40,311.4,80,311.35,40,311.29,120,311.25,160,311.24,40,311.16,40,311.8,160,311.86,40,311.93,40,311.96,80,311.97,240,311.98,80,312.0,240,312.04,40,312.05,40,312.08,40
2026-01-16 09:36:29,311.685,311.76,1,311.57,120,311.8,160,311.8,311.57,311.57,120,311.54,200,311.44,40,311.4,80,311.35,40,311.29,120,311.25,160,311.24,40,311.16,40,311.15,200,311.8,160,311.86,40,311.93,40,311.96,80,311.97,240,311.98,80,312.0,240,312.04,40,312.05,40,312.08,40
2026-01-16 09:36:30,311.68,311.76,1,311.57,240,311.79,40,311.79,311.57,311.57,240,311.54,200,311.44,40,311.4,80,311.35,40,311.29,120,311.25,160,311.24,40,311.16,40,311.15,200,311.79,40,311.8,160,311.86,40,311.93,40,311.96,80,311.97,240,311.98,80,312.0,240,312.04,40,312.05,40
2026-01-16 09:36:31,311.68,311.75,1,311.57,240,311.79,40,311.79,311.57,311.57,240,311.54,200,311.44,40,311.4,80,311.35,40,311.29,120,311.25,160,311.24,40,311.16,40,311.15,200,311.79,40,311.8,160,311.86,40,311.93,40,311.96,80,311.97,240,311.98,80,312.0,240,312.04,40,312.05,40
2026-01-16 09:36:32,311.68,311.75,1,311.57,240,311.79,40,311.79,311.57,311.57,240,311.54,200,311.44,40,311.4,80,311.35,40,311.29,120,311.25,160,311.24,40,311.16,40,311.15,200,311.79,40,311.8,160,311.86,40,311.93,40,311.96,80,311.97,240,311.98,80,312.0,240,312.04,40,312.05,40
2026-01-16 09:36:33,311.685,311.79,9,311.57,240,311.8,200,311.8,311.57,311.57,240,311.54,200,311.44,40,311.4,80,311.35,40,311.29,120,311.25,160,311.24,40,311.16,40,311.15,200,311.8,200,311.86,40,311.93,40,311.96,80,311.97,240,311.98,80,312.0,240,312.04,40,312.05,40,312.08,40
2026-01-16 09:36:34,311.685,311.69,3,311.57,240,311.8,200,311.8,311.57,311.57,240,311.54,200,311.44,40,311.4,80,311.35,40,311.29,120,311.25,160,311.24,40,311.16,40,311.15,200,311.8,200,311.86,40,311.93,40,311.96,80,311.97,240,311.98,80,312.0,240,312.04,40,312.05,40,312.08,40
2026-01-16 09:36:35,311.695,311.69,3,311.59,40,311.8,200,311.8,311.59,311.59,40,311.58,40,311.57,240,311.54,200,311.44,40,311.4,80,311.35,40,311.29,120,311.25,160,311.24,40,311.8,200,311.86,40,311.93,40,311.96,80,311.97,240,311.98,80,312.0,240,312.04,40,312.05,40,312.08,40
2026-01-16 09:36:36,311.695,311.69,3,311.59,40,311.8,200,311.8,311.59,311.59,40,311.58,40,311.57,240,311.54,200,311.44,40,311.4,80,311.35,40,311.29,120,311.25,160,311.24,40,311.8,200,311.86,40,311.93,40,311.96,80,311.97,240,311.98,80,312.0,240,312.04,40,312.05,40,312.08,40
2026-01-16 09:36:37,311.695,311.69,3,311.59,40,311.8,200,311.8,311.59,311.59,40,311.58,40,311.57,240,311.54,200,311.44,40,311.4,80,311.35,40,311.29,120,311.25,160,311.24,40,311.8,200,311.86,40,311.93,40,311.96,80,311.97,240,311.98,80,312.0,240,312.04,40,312.05,40,312.08,40
2026-01-16 09:36:38,311.79,311.9,1,311.63,40,311.95,80,311.95,311.63,311.63,40,311.59,200,311.58,40,311.57,240,311.54,200,311.44,40,311.4,80,311.35,40,311.29,120,311.25,160,311.95,80,311.99,40,312.0,1640,312.04,40,312.05,40,312.08,40,312.13,40,312.27,160,312.33,120,312.34,120
2026-01-16 09:36:39,311.825,311.7,23,311.7,40,311.95,120,311.95,311.7,311.7,40,311.63,40,311.59,200,311.58,40,311.57,240,311.54,200,311.44,40,311.4,80,311.35,40,311.29,120,311.95,120,311.99,40,312.0,1640,312.04,40,312.05,40,312.08,40,312.13,40,312.27,160,312.33,120,312.34,120
2026-01-16 09:36:40,311.825,311.92,1,311.7,40,311.95,120,311.95,311.7,311.7,40,311.63,40,311.59,200,311.58,40,311.57,240,311.54,200,311.44,40,311.4,80,311.35,40,311.29,120,311.95,120,311.99,40,312.0,1640,312.04,40,312.05,40,312.08,40,312.13,40,312.27,160,312.33,120,312.34,120
2026-01-16 09:36:41,311.875,311.88,1,311.8,80,311.95,120,311.95,311.8,311.8,80,311.7,40,311.63,40,311.59,200,311.58,40,311.57,240,311.54,200,311.44,40,311.4,80,311.35,40,311.95,120,311.99,40,312.0,1640,312.04,40,312.05,40,312.08,40,312.13,40,312.27,160,312.33,120,312.34,120
2026-01-16 09:36:42,311.845,311.82,2,311.76,280,311.93,40,311.93,311.76,311.76,280,311.75,200,311.71,40,311.7,40,311.63,40,311.59,200,311.58,40,311.57,240,311.54,200,311.44,40,311.93,40,311.94,40,311.96,40,311.99,40,312.0,1640,312.04,40,312.05,40,312.08,40,312.13,40,312.27,160
2026-01-16 09:36:43,311.86,311.82,2,311.76,280,311.96,40,311.96,311.76,311.76,280,311.75,200,311.71,40,311.7,40,311.63,40,311.59,200,311.58,40,311.57,240,311.54,200,311.44,40,311.96,40,311.99,40,312.0,1640,312.04,40,312.05,40,312.08,40,312.13,40,312.27,160,312.33,120,312.34,120
2026-01-16 09:36:44,311.73,311.76,1,311.59,200,311.87,40,311.87,311.59,311.59,200,311.58,40,311.57,240,311.54,200,311.44,40,311.4,80,311.35,40,311.29,120,311.25,160,311.24,40,311.87,40,311.95,40,311.96,40,311.99,40,312.0,1640,312.04,40,312.05,40,312.08,40,312.13,40,312.27,160
2026-01-16 09:36:45,311.73,311.76,1,311.59,200,311.87,40,311.87,311.59,311.59,200,311.58,40,311.57,240,311.54,200,311.44,40,311.4,80,311.35,40,311.29,120,311.25,160,311.24,40,311.87,40,311.95,40,311.96,40,311.99,40,312.0,1640,312.04,40,312.05,40,312.08,40,312.13,40,312.27,160
