sim_time,mid_price,last_price,last_size,best_bid_price,best_bid_size,best_ask_price,best_ask_size,close_price_buy,close_price_sell,bid1_price,bid1_size,bid2_price,bid2_size,bid3_price,bid3_size,bid4_price,bid4_size,bid5_price,bid5_size,bid6_price,bid6_size,bid7_price,bid7_size,bid8_price,bid8_size,bid9_price,bid9_size,bid10_price,bid10_size,ask1_price,ask1_size,ask2_price,ask2_size,ask3_price,ask3_size,ask4_price,ask4_size,ask5_price,ask5_size,ask6_price,ask6_size,ask7_price,ask7_size,ask8_price,ask8_size,ask9_price,ask9_size,ask10_price,ask10_size
2026-01-16 09:30:36,70.13,70.13,5,70.12,600,70.14,800,70.14,70.12,70.12,600,70.11,900,70.1,700,,,,,,,,,,,,,,,70.14,800,70.15,300,70.16,300,70.17,700,70.18,800,70.19,300,70.2,300,70.21,700,70.22,1100,70.23,200
2026-01-16 09:30:37,70.135,70.14,4,70.12,900,70.15,900,70.15,70.12,70.12,900,70.11,900,70.1,700,,,,,,,,,,,,,,,70.15,900,70.16,300,70.17,700,70.18,800,70.19,300,70.2,300,70.21,700,70.22,1100,70.23,200,70.24,900
2026-01-16 09:30:38,70.135,70.14,4,70.12,800,70.15,1000,70.15,70.12,70.12,800,70.11,900,70.1,700,,,,,,,,,,,,,,,70.15,1000,70.16,300,70.17,700,70.18,800,70.19,300,70.2,300,70.21,700,70.22,1100,70.23,200,70.24,900
2026-01-16 09:30:38,70.135,70.14,4,70.12,800,70.15,1000,70.15,70.12,70.12,800,70.11,900,70.1,700,,,,,,,,,,,,,,,70.15,1000,70.16,300,70.17,700,70.18,800,70.19,300,70.2,300,70.21,700,70.22,1100,70.23,200,70.24,900
2026-01-16 09:30:39,70.135,70.14,4,70.12,900,70.15,1000,70.15,70.12,70.12,900,70.11,900,70.1,700,,,,,,,,,,,,,,,70.15,1000,70.16,300,70.17,700,70.18,800,70.19,300,70.2,300,70.21,700,70.22,1100,70.23,200,70.24,900
2026-01-16 09:30:39,70.135,70.14,4,70.12,900,70.15,1000,70.15,70.12,70.12,900,70.11,900,70.1,700,,,,,,,,,,,,,,,70.15,1000,70.16,300,70.17,700,70.18,800,70.19,300,70.2,300,70.21,700,70.22,1100,70.23,200,70.24,900
2026-01-16 09:30:41,70.21,70.2,1,70.2,300,70.22,1000,70.22,70.2,70.2,300,70.19,400,70.18,400,70.17,500,70.16,400,70.15,1800,70.14,400,70.13,400,70.12,1000,70.11,900,70.22,1000,70.23,200,70.24,900,70.25,900,70.26,300,70.27,400,70.28,10000,70.29,500,70.3,500,70.31,300
2026-01-16 09:30:43,70.175,70.18,5,70.14,400,70.21,900,70.21,70.14,70.14,400,70.13,400,70.12,1000,70.11,900,70.1,700,,,,,,,,,,,70.21,900,70.22,1200,70.23,200,70.24,900,70.25,900,70.26,300,70.27,400,70.28,10000,70.29,500,70.3,500
2026-01-16 09:30:44,70.17,70.17,8,70.14,700,70.2,800,70.2,70.14,70.14,700,70.13,400,70.12,1000,70.11,900,70.1,700,,,,,,,,,,,70.2,800,70.21,900,70.22,1200,70.23,200,70.24,900,70.25,900,70.26,300,70.27,400,70.28,10000,70.29,500
2026-01-16 09:30:45,70.17,70.17,1,70.14,800,70.2,900,70.2,70.14,70.14,800,70.13,400,70.12,1000,70.11,900,70.1,700,,,,,,,,,,,70.2,900,70.21,900,70.22,1200,70.23,200,70.24,900,70.25,900,70.26,300,70.27,400,70.28,10000,70.29,500
2026-01-16 09:30:46,70.165,70.17,1,70.14,700,70.19,800,70.19,70.14,70.14,700,70.13,400,70.12,1000,70.11,900,70.1,700,,,,,,,,,,,70.19,800,70.2,900,70.21,900,70.22,1200,70.23,200,70.24,900,70.25,900,70.26,300,70.27,400,70.28,10000
2026-01-16 09:30:47,70.165,70.19,1,70.14,700,70.19,1300,70.19,70.14,70.14,700,70.13,400,70.12,1000,70.11,900,70.1,700,,,,,,,,,,,70.19,1300,70.2,900,70.21,900,70.22,1200,70.23,200,70.24,900,70.25,900,70.26,300,70.27,400,70.28,10000
2026-01-16 09:30:48,70.165,70.19,1,70.14,700,70.19,1300,70.19,70.14,70.14,700,70.13,400,70.12,1000,70.11,900,70.1,700,,,,,,,,,,,70.19,1300,70.2,900,70.21,900,70.22,1200,70.23,200,70.24,900,70.25,900,70.26,300,70.27,400,70.28,10000
2026-01-16 09:30:49,70.165,70.19,1,70.14,700,70.19,800,70.19,70.14,70.14,700,70.13,400,70.12,1000,70.11,900,70.1,700,,,,,,,,,,,70.19,800,70.2,900,70.21,900,70.22,1200,70.23,200,70.24,900,70.25,900,70.26,300,70.27,400,70.28,10000
2026-01-16 09:30:50,70.165,70.17,1,70.14,1400,70.19,1700,70.19,70.14,70.14,1400,70.13,400,70.12,1000,70.11,900,70.1,700,,,,,,,,,,,70.19,1700,70.2,900,70.21,900,70.22,1200,70.23,200,70.24,900,70.25,900,70.26,300,70.27,400,70.28,10000
2026-01-16 09:30:51,70.165,70.15,7,70.14,1400,70.19,800,70.19,70.14,70.14,1400,70.13,400,70.12,1000,70.11,900,70.1,700,,,,,,,,,,,70.19,800,70.2,900,70.21,900,70.22,1200,70.23,200,70.24,900,70.25,900,70.26,300,70.27,400,70.28,10000
2026-01-16 09:30:52,70.165,70.15,7,70.14,1400,70.19,800,70.19,70.14,70.14,1400,70.13,400,70.12,1000,70.11,900,70.1,700,,,,,,,,,,,70.19,800,70.2,900,70.21,900,70.22,1200,70.23,200,70.24,900,70.25,900,70.26,300,70.27,400,70.28,10000
2026-01-16 09:30:53,70.18,70.18,1,70.17,500,70.19,1300,70.19,70.17,70.17,500,70.16,400,70.15,400,70.14,1400,70.13,400,70.12,1000,70.11,900,70.1,700,,,,,70.19,1300,70.2,900,70.21,600,70.22,1800,70.23,200,70.24,900,70.25,900,70.26,300,70.27,400,70.28,10000
2026-01-16 09:30:54,70.075,70.08,1,70.07,300,70.08,600,70.08,70.07,70.07,300,70.06,300,70.05,900,70.04,400,70.02,200,,,,,,,,,,,70.08,600,70.09,1100,70.1,400,70.11,800,70.12,400,70.13,200,70.14,500,70.15,800,70.16,200,70.17,100
2026-01-16 09:30:55,70.085,70.08,1,70.08,400,70.09,1300,70.09,70.08,70.08,400,70.07,300,70.06,300,70.05,900,70.04,400,70.02,200,,,,,,,,,70.09,1300,70.1,400,70.11,800,70.12,400,70.13,200,70.14,500,70.15,800,70.16,200,70.17,100,70.18,400
2026-01-16 09:30:56,70.065,70.07,1,70.05,800,70.08,1200,70.08,70.05,70.05,800,70.04,400,70.02,200,,,,,,,,,,,,,,,70.08,1200,70.09,1400,70.1,400,70.11,800,70.12,400,70.13,200,70.14,500,70.15,800,70.16,200,70.17,100
2026-01-16 09:30:57,70.11,70.11,1,70.09,500,70.13,800,70.13,70.09,70.09,500,70.08,200,70.07,600,70.06,400,70.05,800,70.04,400,70.02,200,,,,,,,70.13,800,70.14,500,70.15,800,70.16,200,70.17,100,70.18,400,70.19,1400,70.2,900,70.21,600,70.22,1800
2026-01-16 09:30:58,70.11,70.11,1,70.09,500,70.13,800,70.13,70.09,70.09,500,70.08,200,70.07,600,70.06,400,70.05,800,70.04,400,70.02,200,,,,,,,70.13,800,70.14,500,70.15,800,70.16,200,70.17,100,70.18,400,70.19,1400,70.2,900,70.21,600,70.22,1800
2026-01-16 09:30:59,70.11,70.11,78,70.09,500,70.13,800,70.13,70.09,70.09,500,70.08,200,70.07,600,70.06,400,70.05,800,70.04,400,70.02,200,,,,,,,70.13,800,70.14,500,70.15,800,70.16,200,70.17,100,70.18,400,70.19,1400,70.2,900,70.21,600,70.22,1800
2026-01-16 09:31:00,70.08,70.09,5,70.06,400,70.1,600,70.1,70.06,70.06,400,70.05,800,70.04,400,70.02,200,,,,,,,,,,,,,70.1,600,70.11,600,70.12,500,70.13,1000,70.14,500,70.15,800,70.16,200,70.17,100,70.18,400,70.19,1400
2026-01-16 09:31:01,70.08,70.08,1,70.06,100,70.1,900,70.1,70.06,70.06,100,70.05,800,70.04,400,70.02,200,,,,,,,,,,,,,70.1,900,70.11,600,70.12,500,70.13,1000,70.14,500,70.15,800,70.16,200,70.17,100,70.18,400,70.19,1400
2026-01-16 09:31:02,70.08,70.08,1,70.06,800,70.1,900,70.1,70.06,70.06,800,70.05,800,70.04,400,70.02,200,,,,,,,,,,,,,70.1,900,70.11,600,70.12,500,70.13,1000,70.14,500,70.15,800,70.16,200,70.17,100,70.18,400,70.19,1400
2026-01-16 09:31:03,70.08,70.08,1,70.06,500,70.1,1300,70.1,70.06,70.06,500,70.05,800,70.04,400,70.02,200,,,,,,,,,,,,,70.1,1300,70.11,600,70.12,500,70.13,1000,70.14,500,70.15,800,70.16,200,70.17,100,70.18,400,70.19,1400
2026-01-16 09:31:04,70.08,70.08,1,70.06,500,70.1,900,70.1,70.06,70.06,500,70.05,800,70.04,400,70.02,200,,,,,,,,,,,,,70.1,900,70.11,600,70.12,500,70.13,1000,70.14,500,70.15,800,70.16,200,70.17,100,70.18,400,70.19,1400
2026-01-16 09:31:05,70.13,70.14,1,70.11,500,70.15,900,70.15,70.11,70.11,500,70.1,100,70.09,600,70.08,400,70.07,600,70.06,500,70.05,800,70.04,400,70.02,200,,,70.15,900,70.16,200,70.17,100,70.18,400,70.19,1400,70.2,900,70.21,600,70.22,1800,70.23,200,70.24,900
2026-01-16 09:31:06,70.155,70.16,6,70.13,400,70.18,1100,70.18,70.13,70.13,400,70.12,300,70.11,500,70.1,100,70.09,600,70.08,400,70.07,600,70.06,500,70.05,800,70.04,400,70.18,1100,70.19,1400,70.2,900,70.21,600,70.22,1800,70.23,200,70.24,900,70.25,900,70.26,300,70.27,400
2026-01-16 09:31:07,70.175,70.18,1,70.16,300,70.19,1200,70.19,70.16,70.16,300,70.14,300,70.13,400,70.12,300,70.11,500,70.1,100,70.09,600,70.08,400,70.07,600,70.06,500,70.19,1200,70.2,900,70.21,600,70.22,1800,70.23,200,70.24,900,70.25,900,70.26,300,70.27,400,70.28,10000
2026-01-16 09:31:08,70.17,70.17,1,70.15,600,70.19,1000,70.19,70.15,70.15,600,70.14,300,70.13,400,70.12,300,70.11,500,70.1,100,70.09,600,70.08,400,70.07,600,70.06,500,70.19,1000,70.2,900,70.21,600,70.22,1800,70.23,200,70.24,900,70.25,900,70.26,300,70.27,400,70.28,10000
2026-01-16 09:31:09,70.14,70.16,1,70.12,1100,70.16,1800,70.16,70.12,70.12,1100,70.11,500,70.1,100,70.09,600,70.08,400,70.07,600,70.06,500,70.05,800,70.04,400,70.02,200,70.16,1800,70.17,300,70.18,300,70.19,600,70.2,800,70.21,600,70.22,1800,70.23,200,70.24,900,70.25,900
2026-01-16 09:31:10,70.14,70.16,1,70.12,1000,70.16,1300,70.16,70.12,70.12,1000,70.11,500,70.1,100,70.09,600,70.08,400,70.07,600,70.06,500,70.05,800,70.04,400,70.02,200,70.16,1300,70.17,300,70.18,300,70.19,600,70.2,800,70.21,600,70.22,1800,70.23,200,70.24,900,70.25,900
2026-01-16 09:31:11,70.14,70.14,8,70.12,1000,70.16,1200,70.16,70.12,70.12,1000,70.11,500,70.1,100,70.09,600,70.08,400,70.07,600,70.06,500,70.05,800,70.04,400,70.02,200,70.16,1200,70.17,300,70.18,300,70.19,600,70.2,800,70.21,600,70.22,1800,70.23,200,70.24,900,70.25,900
2026-01-16 09:31:12,70.15,70.15,1,70.13,1000,70.17,1000,70.17,70.13,70.13,1000,70.12,1000,70.11,500,70.1,100,70.09,600,70.08,400,70.07,600,70.06,500,70.05,800,70.04,400,70.17,1000,70.18,300,70.19,600,70.2,800,70.21,600,70.22,1800,70.23,200,70.24,900,70.25,900,70.26,300
2026-01-16 09:31:13,70.125,70.13,1,70.11,700,70.14,400,70.14,70.11,70.11,700,70.1,100,70.09,600,70.08,400,70.07,600,70.06,500,70.05,800,70.04,400,70.02,200,,,70.14,400,70.15,100,70.16,600,70.17,900,70.18,300,70.19,600,70.2,800,70.21,600,70.22,1800,70.23,200
2026-01-16 09:31:14,70.125,70.13,3,70.11,800,70.14,400,70.14,70.11,70.11,800,70.1,100,70.09,600,70.08,400,70.07,600,70.06,500,70.05,800,70.04,400,70.02,200,,,70.14,400,70.15,100,70.16,600,70.17,900,70.18,300,70.19,600,70.2,800,70.21,600,70.22,1800,70.23,200
2026-01-16 09:31:15,70.125,70.13,1,70.11,1100,70.14,400,70.14,70.11,70.11,1100,70.1,100,70.09,600,70.08,400,70.07,600,70.06,500,70.05,800,70.04,400,70.02,200,,,70.14,400,70.15,100,70.16,600,70.17,900,70.18,300,70.19,600,70.2,800,70.21,600,70.22,1800,70.23,200
2026-01-16 09:31:16,70.15,70.16,5,70.13,1300,70.17,1400,70.17,70.13,70.13,1300,70.12,500,70.11,1100,70.1,100,70.09,600,70.08,400,70.07,600,70.06,500,70.05,800,70.04,400,70.17,1400,70.18,300,70.19,600,70.2,800,70.21,600,70.22,1800,70.23,200,70.24,900,70.25,900,70.26,300
2026-01-16 09:31:17,70.15,70.15,1,70.13,1200,70.17,1500,70.17,70.13,70.13,1200,70.12,500,70.11,1100,70.1,100,70.09,600,70.08,400,70.07,600,70.06,500,70.05,800,70.04,400,70.17,1500,70.18,300,70.19,600,70.2,800,70.21,600,70.22,1800,70.23,200,70.24,900,70.25,900,70.26,300
2026-01-16 09:31:18,70.155,70.15,1,70.14,300,70.17,1500,70.17,70.14,70.14,300,70.13,1200,70.12,500,70.11,1100,70.1,100,70.09,600,70.08,400,70.07,600,70.06,500,70.05,800,70.17,1500,70.18,300,70.19,600,70.2,800,70.21,600,70.22,1800,70.23,200,70.24,900,70.25,900,70.26,300
2026-01-16 09:31:19,70.155,70.15,8,70.14,300,70.17,1100,70.17,70.14,70.14,300,70.13,1200,70.12,500,70.11,1100,70.1,100,70.09,600,70.08,400,70.07,600,70.06,500,70.05,800,70.17,1100,70.18,300,70.19,600,70.2,800,70.21,600,70.22,1800,70.23,200,70.24,900,70.25,900,70.26,300
2026-01-16 09:31:20,70.155,70.16,1,70.14,600,70.17,1100,70.17,70.14,70.14,600,70.13,1200,70.12,500,70.11,1100,70.1,100,70.09,600,70.08,400,70.07,600,70.06,500,70.05,800,70.17,1100,70.18,300,70.19,600,70.2,800,70.21,600,70.22,1800,70.23,200,70.24,900,70.25,900,70.26,300
2026-01-16 09:31:21,70.155,70.16,1,70.14,500,70.17,900,70.17,70.14,70.14,500,70.13,1200,70.12,500,70.11,1100,70.1,100,70.09,600,70.08,400,70.07,600,70.06,500,70.05,800,70.17,900,70.18,300,70.19,600,70.2,800,70.21,600,70.22,1800,70.23,200,70.24,900,70.25,900,70.26,300
2026-01-16 09:31:22,70.155,70.16,1,70.14,500,70.17,900,70.17,70.14,70.14,500,70.13,1200,70.12,500,70.11,1100,70.1,100,70.09,600,70.08,400,70.07,600,70.06,500,70.05,800,70.17,900,70.18,300,70.19,600,70.2,800,70.21,600,70.22,1800,70.23,200,70.24,900,70.25,900,70.26,300
2026-01-16 09:31:23,70.16,70.16,29,70.14,1500,70.18,800,70.18,70.14,70.14,1500,70.13,1200,70.12,500,70.11,1100,70.1,100,70.09,600,70.08,400,70.07,600,70.06,500,70.05,800,70.18,800,70.19,600,70.2,800,70.21,600,70.22,1800,70.23,200,70.24,900,70.25,900,70.26,300,70.27,400
2026-01-16 09:31:24,70.165,70.16,1,70.15,1000,70.18,900,70.18,70.15,70.15,1000,70.14,1500,70.13,1200,70.12,500,70.11,1100,70.1,100,70.09,600,70.08,400,70.07,600,70.06,500,70.18,900,70.19,600,70.2,800,70.21,600,70.22,1800,70.23,200,70.24,900,70.25,900,70.26,300,70.27,400
2026-01-16 09:31:25,70.165,70.17,2,70.15,1000,70.18,900,70.18,70.15,70.15,1000,70.14,1500,70.13,1200,70.12,500,70.11,1100,70.1,100,70.09,600,70.08,400,70.07,600,70.06,500,70.18,900,70.19,600,70.2,800,70.21,600,70.22,1800,70.23,200,70.24,900,70.25,900,70.26,300,70.27,400
2026-01-16 09:31:26,70.195,70.21,1,70.18,800,70.21,100,70.21,70.18,70.18,800,70.17,600,70.16,500,70.15,1000,70.14,1500,70.13,1200,70.12,500,70.11,1100,70.1,100,70.09,600,70.21,100,70.22,700,70.23,800,70.24,900,70.25,1200,70.26,300,70.27,400,70.28,10000,70.29,500,70.3,500
2026-01-16 09:31:27,70.2,70.2,11,70.19,200,70.21,100,70.21,70.19,70.19,200,70.18,800,70.17,600,70.16,500,70.15,1000,70.14,1500,70.13,1200,70.12,500,70.11,1100,70.1,100,70.21,100,70.22,700,70.23,800,70.24,900,70.25,1200,70.26,300,70.27,400,70.28,10000,70.29,500,70.3,500
2026-01-16 09:31:28,70.2,70.2,1,70.19,400,70.21,100,70.21,70.19,70.19,400,70.18,800,70.17,600,70.16,500,70.15,1000,70.14,1500,70.13,1200,70.12,500,70.11,1100,70.1,100,70.21,100,70.22,700,70.23,800,70.24,900,70.25,1200,70.26,300,70.27,400,70.28,10000,70.29,500,70.3,500
2026-01-16 09:31:29,70.2,70.2,4,70.19,400,70.21,100,70.21,70.19,70.19,400,70.18,800,70.17,600,70.16,500,70.15,1000,70.14,1500,70.13,1200,70.12,500,70.11,1100,70.1,100,70.21,100,70.22,700,70.23,800,70.24,900,70.25,1200,70.26,300,70.27,400,70.28,10000,70.29,500,70.3,500
2026-01-16 09:31:30,70.2,70.2,3,70.19,400,70.21,100,70.21,70.19,70.19,400,70.18,800,70.17,600,70.16,500,70.15,1000,70.14,1500,70.13,1200,70.12,500,70.11,1100,70.1,100,70.21,100,70.22,700,70.23,800,70.24,900,70.25,1200,70.26,300,70.27,400,70.28,10000,70.29,500,70.3,500
2026-01-16 09:31:31,70.2,70.2,3,70.19,400,70.21,100,70.21,70.19,70.19,400,70.18,800,70.17,600,70.16,500,70.15,1000,70.14,1500,70.13,1200,70.12,500,70.11,1100,70.1,100,70.21,100,70.22,700,70.23,800,70.24,900,70.25,1200,70.26,300,70.27,400,70.28,10000,70.29,500,70.3,500
2026-01-16 09:31:32,70.2,70.2,3,70.19,500,70.21,100,70.21,70.19,70.19,500,70.18,800,70.17,600,70.16,500,70.15,1000,70.14,1500,70.13,1200,70.12,500,70.11,1100,70.1,100,70.21,100,70.22,700,70.23,800,70.24,900,70.25,1200,70.26,300,70.27,400,70.28,10000,70.29,500,70.3,500
2026-01-16 09:31:33,70.2,70.2,3,70.19,500,70.21,100,70.21,70.19,70.19,500,70.18,800,70.17,600,70.16,500,70.15,1000,70.14,1500,70.13,1200,70.12,500,70.11,1100,70.1,100,70.21,100,70.22,700,70.23,800,70.24,900,70.25,1200,70.26,300,70.27,400,70.28,10000,70.29,500,70.3,500
2026-01-16 09:31:34,70.2,70.2,6,70.19,500,70.21,100,70.21,70.19,70.19,500,70.18,800,70.17,600,70.16,500,70.15,1000,70.14,1500,70.13,1200,70.12,500,70.11,1100,70.1,100,70.21,100,70.22,700,70.23,800,70.24,900,70.25,1200,70.26,300,70.27,400,70.28,10000,70.29,500,70.3,500
2026-01-16 09:31:35,70.285,70.3,1,70.27,700,70.3,1100,70.3,70.27,70.27,700,70.26,300,70.25,600,70.24,300,70.23,700,70.22,500,70.21,700,70.2,200,70.19,500,70.18,800,70.3,1100,70.31,800,70.32,600,70.33,800,70.34,1200,70.35,1000,70.36,1200,70.37,2700,70.39,1000,70.4,900
2026-01-16 09:31:36,70.285,70.3,1,70.27,800,70.3,1100,70.3,70.27,70.27,800,70.26,300,70.25,600,70.24,300,70.23,700,70.22,500,70.21,700,70.2,200,70.19,500,70.18,800,70.3,1100,70.31,800,70.32,600,70.33,800,70.34,1200,70.35,1000,70.36,1200,70.37,2700,70.39,1000,70.4,900
2026-01-16 09:31:37,70.285,70.28,1,70.27,900,70.3,1100,70.3,70.27,70.27,900,70.26,300,70.25,600,70.24,300,70.23,700,70.22,500,70.21,700,70.2,200,70.19,500,70.18,800,70.3,1100,70.31,800,70.32,600,70.33,800,70.34,1200,70.35,1000,70.36,1200,70.37,2700,70.39,1000,70.4,900
2026-01-16 09:31:38,70.27,70.28,1,70.26,1100,70.28,100,70.28,70.26,70.26,1100,70.25,600,70.24,300,70.23,700,70.22,500,70.21,700,70.2,200,70.19,500,70.18,800,70.17,600,70.28,100,70.29,1700,70.3,1100,70.31,800,70.32,600,70.33,800,70.34,1200,70.35,1000,70.36,1200,70.37,2700
2026-01-16 09:31:39,70.295,70.28,1,70.28,200,70.31,1500,70.31,70.28,70.28,200,70.27,700,70.26,1200,70.25,600,70.24,300,70.23,700,70.22,500,70.21,700,70.2,200,70.19,500,70.31,1500,70.32,600,70.33,800,70.34,1200,70.35,1000,70.36,1200,70.37,2700,70.39,1000,70.4,900,70.41,1500
2026-01-16 09:31:40,70.28,70.29,1,70.27,1300,70.29,300,70.29,70.27,70.27,1300,70.26,1200,70.25,600,70.24,300,70.23,700,70.22,500,70.21,700,70.2,200,70.19,500,70.18,800,70.29,300,70.3,300,70.31,2100,70.32,600,70.33,800,70.34,1200,70.35,1000,70.36,1200,70.37,2700,70.39,1000
2026-01-16 09:31:41,70.285,70.29,1,70.28,100,70.29,200,70.29,70.28,70.28,100,70.27,1400,70.26,1200,70.25,600,70.24,300,70.23,700,70.22,500,70.21,700,70.2,200,70.19,500,70.29,200,70.3,300,70.31,2100,70.32,600,70.33,800,70.34,1200,70.35,1000,70.36,1200,70.37,2700,70.39,1000
2026-01-16 09:31:42,70.305,70.3,4,70.29,400,70.32,1100,70.32,70.29,70.29,400,70.28,600,70.27,1400,70.26,1200,70.25,600,70.24,300,70.23,700,70.22,500,70.21,700,70.2,200,70.32,1100,70.33,800,70.34,1200,70.35,1000,70.36,1200,70.37,2700,70.39,1000,70.4,900,70.41,1500,70.42,600
2026-01-16 09:31:43,70.305,70.32,1,70.29,700,70.32,1100,70.32,70.29,70.29,700,70.28,600,70.27,1400,70.26,1200,70.25,600,70.24,300,70.23,700,70.22,500,70.21,700,70.2,200,70.32,1100,70.33,800,70.34,1200,70.35,1000,70.36,1200,70.37,2700,70.39,1000,70.4,900,70.41,1500,70.42,600
2026-01-16 09:31:44,70.33,70.35,1,70.32,800,70.34,300,70.34,70.32,70.32,800,70.31,800,70.3,1500,70.29,700,70.28,600,70.27,1400,70.26,1200,70.25,600,70.24,300,70.23,700,70.34,300,70.35,300,70.36,800,70.37,3100,70.39,1000,70.4,900,70.41,1500,70.42,600,70.43,1000,70.48,300
2026-01-16 09:31:45,70.325,70.35,1,70.31,1000,70.34,300,70.34,70.31,70.31,1000,70.3,1500,70.29,700,70.28,600,70.27,1400,70.26,1200,70.25,600,70.24,300,70.23,700,70.22,500,70.34,300,70.35,300,70.36,800,70.37,3100,70.39,1000,70.4,900,70.41,1500,70.42,600,70.43,1000,70.48,300
2026-01-16 09:31:46,70.3,70.3,2,70.29,1300,70.31,100,70.31,70.29,70.29,1300,70.28,600,70.27,1400,70.26,1200,70.25,600,70.24,300,70.23,700,70.22,500,70.21,700,70.2,200,70.31,100,70.32,1400,70.34,900,70.35,300,70.36,800,70.37,3100,70.39,1000,70.4,900,70.41,1500,70.42,600
2026-01-16 09:31:47,70.3,70.3,2,70.29,1400,70.31,100,70.31,70.29,70.29,1400,70.28,600,70.27,1400,70.26,1200,70.25,600,70.24,300,70.23,700,70.22,500,70.21,700,70.2,200,70.31,100,70.32,1400,70.34,900,70.35,300,70.36,800,70.37,3100,70.39,1000,70.4,900,70.41,1500,70.42,600
2026-01-16 09:31:48,70.325,70.31,1,70.31,700,70.34,700,70.34,70.31,70.31,700,70.3,600,70.29,1400,70.28,600,70.27,1400,70.26,1200,70.25,600,70.24,300,70.23,700,70.22,500,70.34,700,70.35,300,70.36,800,70.37,3100,70.39,1000,70.4,900,70.41,1500,70.42,600,70.43,1000,70.48,300
2026-01-16 09:31:49,70.325,70.33,2,70.31,1000,70.34,700,70.34,70.31,70.31,1000,70.3,600,70.29,1400,70.28,600,70.27,1400,70.26,1200,70.25,600,70.24,300,70.23,700,70.22,500,70.34,700,70.35,300,70.36,800,70.37,3100,70.39,1000,70.4,900,70.41,1500,70.42,600,70.43,1000,70.48,300
2026-01-16 09:31:50,70.33,70.34,2,70.32,1000,70.34,100,70.34,70.32,70.32,1000,70.31,1000,70.3,600,70.29,1400,70.28,600,70.27,1400,70.26,1200,70.25,600,70.24,300,70.23,700,70.34,100,70.35,600,70.36,800,70.37,3100,70.39,1000,70.4,900,70.41,1500,70.42,600,70.43,1000,70.48,300
2026-01-16 09:31:51,70.34,70.34,1,70.33,200,70.35,800,70.35,70.33,70.33,200,70.32,1500,70.31,1000,70.3,600,70.29,1400,70.28,600,70.27,1400,70.26,1200,70.25,600,70.24,300,70.35,800,70.36,1200,70.37,3100,70.39,1000,70.4,900,70.41,1500,70.42,600,70.43,1000,70.48,300,,
2026-01-16 09:31:52,70.33,70.34,3,70.32,1100,70.34,100,70.34,70.32,70.32,1100,70.31,1000,70.3,600,70.29,1400,70.28,600,70.27,1400,70.26,1200,70.25,600,70.24,300,70.23,700,70.34,100,70.35,1400,70.36,1200,70.37,3100,70.39,1000,70.4,900,70.41,1500,70.42,600,70.43,1000,70.48,300
2026-01-16 09:31:53,70.335,70.34,3,70.33,300,70.34,100,70.34,70.33,70.33,300,70.32,1100,70.31,1000,70.3,600,70.29,1400,70.28,600,70.27,1400,70.26,1200,70.25,600,70.24,300,70.34,100,70.35,1400,70.36,1200,70.37,3100,70.39,1000,70.4,900,70.41,1500,70.42,600,70.43,1000,70.48,300
2026-01-16 09:31:54,70.39,70.39,5,70.38,300,70.4,400,70.4,70.38,70.38,300,70.37,1300,70.36,600,70.35,400,70.34,900,70.33,800,70.32,1400,70.31,1000,70.3,600,70.29,1400,70.4,400,70.41,1500,70.42,600,70.43,1000,70.48,300,,,,,,,,,,
2026-01-16 09:31:55,70.39,70.39,1,70.38,300,70.4,400,70.4,70.38,70.38,300,70.37,1300,70.36,600,70.35,400,70.34,900,70.33,800,70.32,1400,70.31,1000,70.3,600,70.29,1400,70.4,400,70.41,1500,70.42,600,70.43,1000,70.48,300,,,,,,,,,,
2026-01-16 09:31:56,70.39,70.39,1,70.38,300,70.4,500,70.4,70.38,70.38,300,70.37,1300,70.36,600,70.35,400,70.34,900,70.33,800,70.32,1400,70.31,1000,70.3,600,70.29,1400,70.4,500,70.41,1500,70.42,600,70.43,1000,70.48,300,,,,,,,,,,
2026-01-16 09:31:57,70.385,70.39,2,70.37,1300,70.4,1700,70.4,70.37,70.37,1300,70.36,600,70.35,400,70.34,900,70.33,800,70.32,1400,70.31,1000,70.3,600,70.29,1400,70.28,600,70.4,1700,70.41,1500,70.42,600,70.43,1000,70.48,300,,,,,,,,,,
2026-01-16 09:31:58,70.385,70.39,2,70.37,1300,70.4,1800,70.4,70.37,70.37,1300,70.36,600,70.35,400,70.34,900,70.33,800,70.32,1400,70.31,1000,70.3,600,70.29,1400,70.28,600,70.4,1800,70.41,1500,70.42,600,70.43,1000,70.48,300,,,,,,,,,,
2026-01-16 09:31:59,70.385,70.39,1,70.37,1700,70.4,1800,70.4,70.37,70.37,1700,70.36,600,70.35,400,70.34,900,70.33,800,70.32,1400,70.31,1000,70.3,600,70.29,1400,70.28,600,70.4,1800,70.41,1500,70.42,600,70.43,1000,70.48,300,,,,,,,,,,
2026-01-16 09:32:00,70.455,70.46,1,70.44,700,70.47,1000,70.47,70.44,70.44,700,70.43,100,70.42,1100,70.41,1600,70.39,900,70.38,500,70.37,1700,70.36,600,70.35,400,70.34,900,70.47,1000,70.48,300,,,,,,,,,,,,,,,,
2026-01-16 09:32:01,70.455,70.24,1,70.44,700,70.47,1000,70.47,70.44,70.44,700,70.43,100,70.42,1100,70.41,1600,70.39,900,70.38,500,70.37,1700,70.36,600,70.35,400,70.34,900,70.47,1000,70.48,300,,,,,,,,,,,,,,,,
2026-01-16 09:32:02,70.47,70.47,3,70.46,700,70.48,900,70.48,70.46,70.46,700,70.45,400,70.44,1000,70.43,100,70.42,1100,70.41,1600,70.39,900,70.38,500,70.37,1700,70.36,600,70.48,900,,,,,,,,,,,,,,,,,,
2026-01-16 09:32:03,70.485,70.46,1,70.48,700,70.49,1000,70.49,70.48,70.48,700,70.47,100,70.46,700,70.45,500,70.44,1000,70.43,100,70.42,1100,70.41,1600,70.39,900,70.38,500,70.49,1000,,,,,,,,,,,,,,,,,,
2026-01-16 09:32:04,70.465,70.49,1,70.46,900,70.47,300,70.47,70.46,70.46,900,70.45,500,70.44,1000,70.43,100,70.42,1100,70.41,1600,70.39,900,70.38,500,70.37,1700,70.36,600,70.47,300,70.48,500,70.49,500,70.5,700,,,,,,,,,,,,
2026-01-16 09:32:05,70.465,70.46,1,70.46,1200,70.47,500,70.47,70.46,70.46,1200,70.45,600,70.44,700,70.43,100,70.42,1100,70.41,1600,70.39,900,70.38,500,70.37,1700,70.36,600,70.47,500,70.48,100,70.49,1900,70.5,700,,,,,,,,,,,,
2026-01-16 09:32:06,70.45,70.45,1,70.44,600,70.46,800,70.46,70.44,70.44,600,70.43,100,70.42,1100,70.41,1600,70.39,900,70.38,500,70.37,1700,70.36,600,70.35,400,70.34,900,70.46,800,70.47,900,70.48,100,70.49,1900,70.5,700,,,,,,,,,,
2026-01-16 09:32:07,70.45,70.45,1,70.44,900,70.46,800,70.46,70.44,70.44,900,70.43,100,70.42,1100,70.41,1600,70.39,900,70.38,500,70.37,1700,70.36,600,70.35,400,70.34,900,70.46,800,70.47,900,70.48,100,70.49,1900,70.5,700,,,,,,,,,,
2026-01-16 09:32:08,70.455,70.46,1,70.44,1700,70.47,700,70.47,70.44,70.44,1700,70.43,100,70.42,1100,70.41,1600,70.39,900,70.38,500,70.37,1700,70.36,600,70.35,400,70.34,900,70.47,700,70.48,100,70.49,1900,70.5,700,,,,,,,,,,,,
2026-01-16 09:32:09,70.455,70.46,1,70.44,2200,70.47,400,70.47,70.44,70.44,2200,70.43,100,70.42,1100,70.41,1600,70.39,900,70.38,500,70.37,1700,70.36,600,70.35,400,70.34,900,70.47,400,70.48,600,70.49,1900,70.5,700,,,,,,,,,,,,
2026-01-16 09:32:10,70.455,70.46,1,70.44,2100,70.47,500,70.47,70.44,70.44,2100,70.43,100,70.42,1100,70.41,1600,70.39,900,70.38,500,70.37,1700,70.36,600,70.35,400,70.34,900,70.47,500,70.48,600,70.49,1900,70.5,700,,,,,,,,,,,,
2026-01-16 09:32:11,70.47,70.47,1,70.46,800,70.48,500,70.48,70.46,70.46,800,70.45,500,70.44,1800,70.43,100,70.42,1100,70.41,1600,70.39,900,70.38,500,70.37,1700,70.36,600,70.48,500,70.49,1900,70.5,700,,,,,,,,,,,,,,
2026-01-16 09:32:12,70.51,70.52,1,70.5,900,70.52,600,70.52,70.5,70.5,900,70.49,800,70.48,800,70.47,700,70.46,800,70.45,500,70.44,1800,70.43,100,70.42,1100,70.41,1600,70.52,600,70.53,500,,,,,,,,,,,,,,,,
2026-01-16 09:32:13,70.505,70.5,1,70.49,1600,70.52,1400,70.52,70.49,70.49,1600,70.48,800,70.47,700,70.46,800,70.45,500,70.44,1800,70.43,100,70.42,1100,70.41,1600,70.39,900,70.52,1400,70.53,500,,,,,,,,,,,,,,,,
2026-01-16 09:32:14,70.5,70.5,1,70.49,1300,70.51,100,70.51,70.49,70.49,1300,70.48,800,70.47,700,70.46,800,70.45,500,70.44,1800,70.43,100,70.42,1100,70.41,1600,70.39,900,70.51,100,70.52,1500,70.53,500,,,,,,,,,,,,,,
2026-01-16 09:32:15,70.5,70.5,1,70.49,1400,70.51,900,70.51,70.49,70.49,1400,70.48,800,70.47,700,70.46,800,70.45,500,70.44,1800,70.43,100,70.42,1100,70.41,1600,70.39,900,70.51,900,70.52,1500,70.53,500,,,,,,,,,,,,,,
2026-01-16 09:32:16,70.525,70.53,1,70.51,1100,70.54,600,70.54,70.51,70.51,1100,70.5,1500,70.49,1500,70.48,800,70.47,700,70.46,800,70.45,500,70.44,1800,70.43,100,70.42,1100,70.54,600,,,,,,,,,,,,,,,,,,
2026-01-16 09:32:17,70.525,70.53,1,70.51,900,70.54,600,70.54,70.51,70.51,900,70.5,1500,70.49,1500,70.48,800,70.47,700,70.46,800,70.45,500,70.44,1800,70.43,100,70.42,1100,70.54,600,,,,,,,,,,,,,,,,,,
2026-01-16 09:32:18,70.525,70.53,1,70.51,1200,70.54,600,70.54,70.51,70.51,1200,70.5,1500,70.49,1500,70.48,800,70.47,700,70.46,800,70.45,500,70.44,1800,70.43,100,70.42,1100,70.54,600,,,,,,,,,,,,,,,,,,
2026-01-16 09:32:19,70.535,70.54,1,70.52,900,70.55,900,70.55,70.52,70.52,900,70.51,1100,70.5,1500,70.49,1500,70.48,800,70.47,700,70.46,800,70.45,500,70.44,1800,70.43,100,70.55,900,,,,,,,,,,,,,,,,,,
2026-01-16 09:32:20,70.535,70.54,1,70.52,1500,70.55,900,70.55,70.52,70.52,1500,70.51,1100,70.5,1500,70.49,1500,70.48,800,70.47,700,70.46,800,70.45,500,70.44,1800,70.43,100,70.55,900,,,,,,,,,,,,,,,,,,
2026-01-16 09:32:21,70.525,70.55,1,70.52,1900,70.53,100,70.53,70.52,70.52,1900,70.51,1100,70.5,1500,70.49,1500,70.48,800,70.47,700,70.46,800,70.45,500,70.44,1800,70.43,100,70.53,100,70.54,1000,70.55,1500,70.56,1400,,,,,,,,,,,,
2026-01-16 09:32:22,70.515,70.51,1,70.51,300,70.52,800,70.52,70.51,70.51,300,70.5,1100,70.49,1500,70.48,800,70.47,700,70.46,800,70.45,500,70.44,1800,70.43,100,70.42,1100,70.52,800,70.53,900,70.54,600,70.55,1800,70.56,1400,,,,,,,,,,
2026-01-16 09:32:24,70.515,70.51,1,70.51,200,70.52,900,70.52,70.51,70.51,200,70.5,1100,70.49,1500,70.48,800,70.47,700,70.46,800,70.45,500,70.44,1800,70.43,100,70.42,1100,70.52,900,70.53,900,70.54,600,70.55,1800,70.56,1400,,,,,,,,,,
2026-01-16 09:32:25,70.515,70.51,1,70.51,200,70.52,1600,70.52,70.51,70.51,200,70.5,1100,70.49,1500,70.48,800,70.47,700,70.46,800,70.45,500,70.44,1800,70.43,100,70.42,1100,70.52,1600,70.53,900,70.54,600,70.55,1800,70.56,1400,,,,,,,,,,
2026-01-16 09:32:26,70.5,70.51,1,70.49,1700,70.51,1800,70.51,70.49,70.49,1700,70.48,800,70.47,700,70.46,800,70.45,500,70.44,1800,70.43,100,70.42,1100,70.41,1600,70.39,900,70.51,1800,70.52,1800,70.53,900,70.54,600,70.55,1800,70.56,1400,,,,,,,,
2026-01-16 09:32:26,70.505,70.5,1,70.5,1200,70.51,200,70.51,70.5,70.5,1200,70.49,2100,70.48,800,70.47,700,70.46,800,70.45,500,70.44,1800,70.43,100,70.42,1100,70.41,1600,70.51,200,70.52,1700,70.53,900,70.54,600,70.55,1800,70.56,1400,,,,,,,,
2026-01-16 09:32:28,70.505,70.51,1,70.5,1700,70.51,400,70.51,70.5,70.5,1700,70.49,2100,70.48,800,70.47,700,70.46,800,70.45,500,70.44,1800,70.43,100,70.42,1100,70.41,1600,70.51,400,70.52,2200,70.53,900,70.54,600,70.55,1800,70.56,1400,,,,,,,,
2026-01-16 09:32:29,70.51,70.51,1,70.5,1200,70.52,1000,70.52,70.5,70.5,1200,70.49,2100,70.48,800,70.47,700,70.46,800,70.45,500,70.44,1800,70.43,100,70.42,1100,70.41,1600,70.52,1000,70.53,1200,70.54,600,70.55,1600,70.56,1400,,,,,,,,,,
2026-01-16 09:32:30,70.51,70.51,1,70.5,1200,70.52,1000,70.52,70.5,70.5,1200,70.49,2100,70.48,800,70.47,700,70.46,800,70.45,500,70.44,1800,70.43,100,70.42,1100,70.41,1600,70.52,1000,70.53,1200,70.54,600,70.55,1600,70.56,1400,,,,,,,,,,
2026-01-16 09:32:31,70.51,70.51,1,70.5,1100,70.52,900,70.52,70.5,70.5,1100,70.49,2100,70.48,800,70.47,700,70.46,800,70.45,500,70.44,1800,70.43,100,70.42,1100,70.41,1600,70.52,900,70.53,1200,70.54,600,70.55,1600,70.56,1400,,,,,,,,,,
2026-01-16 09:32:31,70.51,70.51,1,70.5,1100,70.52,900,70.52,70.5,70.5,1100,70.49,2100,70.48,800,70.47,700,70.46,800,70.45,500,70.44,1800,70.43,100,70.42,1100,70.41,1600,70.52,900,70.53,1200,70.54,600,70.55,1600,70.56,1400,,,,,,,,,,
2026-01-16 09:32:33,70.515,70.52,1,70.5,1900,70.53,1500,70.53,70.5,70.5,1900,70.49,2100,70.48,800,70.47,700,70.46,800,70.45,500,70.44,1800,70.43,100,70.42,1100,70.41,1600,70.53,1500,70.54,600,70.55,1600,70.56,1400,,,,,,,,,,,,
2026-01-16 09:32:33,70.53,70.53,1,70.52,1300,70.54,500,70.54,70.52,70.52,1300,70.51,1000,70.5,2100,70.49,2100,70.48,800,70.47,700,70.46,800,70.45,500,70.44,1800,70.43,100,70.54,500,70.55,1300,70.56,1400,,,,,,,,,,,,,,
2026-01-16 09:32:35,70.545,70.54,1,70.53,1300,70.56,1100,70.56,70.53,70.53,1300,70.52,1200,70.51,1000,70.5,2100,70.49,2100,70.48,800,70.47,700,70.46,800,70.45,500,70.44,1800,70.56,1100,,,,,,,,,,,,,,,,,,
2026-01-16 09:32:36,70.545,70.55,1,70.53,1200,70.56,1000,70.56,70.53,70.53,1200,70.52,1200,70.51,1000,70.5,2100,70.49,2100,70.48,800,70.47,700,70.46,800,70.45,500,70.44,1800,70.56,1000,,,,,,,,,,,,,,,,,,
2026-01-16 09:32:36,70.545,70.55,1,70.53,1200,70.56,900,70.56,70.53,70.53,1200,70.52,1200,70.51,1000,70.5,2100,70.49,2100,70.48,800,70.47,700,70.46,800,70.45,500,70.44,1800,70.56,900,,,,,,,,,,,,,,,,,,
2026-01-16 09:32:37,70.545,70.55,1,70.53,1200,70.56,800,70.56,70.53,70.53,1200,70.52,1200,70.51,1000,70.5,2100,70.49,2100,70.48,800,70.47,700,70.46,800,70.45,500,70.44,1800,70.56,800,,,,,,,,,,,,,,,,,,
2026-01-16 09:32:39,70.545,70.55,1,70.53,1200,70.56,900,70.56,70.53,70.53,1200,70.52,1200,70.51,1000,70.5,2100,70.49,2100,70.48,800,70.47,700,70.46,800,70.45,500,70.44,1800,70.56,900,,,,,,,,,,,,,,,,,,
2026-01-16 09:32:40,70.565,70.56,1,70.56,400,70.57,300,70.57,70.56,70.56,400,70.55,500,70.54,600,70.53,1200,70.52,1200,70.51,1000,70.5,2100,70.49,2100,70.48,800,70.47,700,70.57,300,,,,,,,,,,,,,,,,,,
2026-01-16 09:32:41,70.565,70.56,1,70.56,500,70.57,300,70.57,70.56,70.56,500,70.55,500,70.54,600,70.53,1200,70.52,1200,70.51,1000,70.5,2100,70.49,2100,70.48,800,70.47,700,70.57,300,,,,,,,,,,,,,,,,,,
2026-01-16 09:32:42,70.565,70.57,2,70.56,500,70.57,300,70.57,70.56,70.56,500,70.55,500,70.54,600,70.53,1200,70.52,1200,70.51,1000,70.5,2100,70.49,2100,70.48,800,70.47,700,70.57,300,,,,,,,,,,,,,,,,,,
2026-01-16 09:32:43,70.57,70.57,1,70.56,1200,70.58,300,70.58,70.56,70.56,1200,70.55,500,70.54,600,70.53,1200,70.52,1200,70.51,1000,70.5,2100,70.49,2100,70.48,800,70.47,700,70.58,300,,,,,,,,,,,,,,,,,,
2026-01-16 09:32:44,70.63,70.63,1,70.62,700,70.64,700,70.64,70.62,70.62,700,70.61,1200,70.6,400,70.59,1100,70.58,1100,70.57,1500,70.56,1200,70.55,500,70.54,600,70.53,1200,70.64,700,,,,,,,,,,,,,,,,,,
2026-01-16 09:32:45,70.6,70.61,1,70.59,800,70.61,300,70.61,70.59,70.59,800,70.58,1100,70.57,1500,70.56,1200,70.55,500,70.54,600,70.53,1200,70.52,1200,70.51,1000,70.5,2100,70.61,300,70.62,1000,70.63,600,70.64,1200,,,,,,,,,,,,
2026-01-16 09:32:46,70.6,70.61,1,70.59,1400,70.61,100,70.61,70.59,70.59,1400,70.58,1100,70.57,1500,70.56,1200,70.55,500,70.54,600,70.53,1200,70.52,1200,70.51,1000,70.5,2100,70.61,100,70.62,1100,70.63,600,70.64,1200,,,,,,,,,,,,
2026-01-16 09:32:47,70.6,70.61,1,70.59,1400,70.61,100,70.61,70.59,70.59,1400,70.58,1100,70.57,1500,70.56,1200,70.55,500,70.54,600,70.53,1200,70.52,1200,70.51,1000,70.5,2100,70.61,100,70.62,1100,70.63,600,70.64,1200,,,,,,,,,,,,
2026-01-16 09:32:48,70.6,70.61,1,70.59,1800,70.61,700,70.61,70.59,70.59,1800,70.58,1100,70.57,1500,70.56,1200,70.55,500,70.54,600,70.53,1200,70.52,1200,70.51,1000,70.5,2100,70.61,700,70.62,1100,70.63,600,70.64,1200,,,,,,,,,,,,
2026-01-16 09:32:48,70.6,70.29,1,70.59,1800,70.61,900,70.61,70.59,70.59,1800,70.58,1100,70.57,1500,70.56,1200,70.55,500,70.54,600,70.53,1200,70.52,1200,70.51,1000,70.5,2100,70.61,900,70.62,1100,70.63,600,70.64,1200,,,,,,,,,,,,
2026-01-16 09:32:50,70.575,70.57,1,70.57,200,70.58,900,70.58,70.57,70.57,200,70.56,1900,70.55,500,70.54,600,70.53,1200,70.52,1200,70.51,1000,70.5,2100,70.49,2100,70.48,800,70.58,900,70.59,900,70.6,1100,70.61,1000,70.62,1100,70.63,600,70.64,1200,,,,,,
2026-01-16 09:32:51,70.59,70.59,2,70.58,1500,70.6,700,70.6,70.58,70.58,1500,70.57,500,70.56,1500,70.55,500,70.54,600,70.53,1200,70.52,1200,70.51,1000,70.5,2100,70.49,2100,70.6,700,70.61,1000,70.62,1100,70.63,600,70.64,1200,,,,,,,,,,
2026-01-16 09:32:52,70.645,70.64,1,70.64,300,70.65,600,70.65,70.64,70.64,300,70.63,400,70.62,300,70.61,1400,70.6,1200,70.59,1000,70.58,1600,70.57,500,70.56,1500,70.55,500,70.65,600,,,,,,,,,,,,,,,,,,
2026-01-16 09:32:52,70.655,70.65,1,70.64,1200,70.67,1000,70.67,70.64,70.64,1200,70.63,400,70.62,300,70.61,1400,70.6,1200,70.59,1000,70.58,1600,70.57,500,70.56,1500,70.55,500,70.67,1000,,,,,,,,,,,,,,,,,,
2026-01-16 09:32:54,70.64,70.66,1,70.63,1500,70.65,900,70.65,70.63,70.63,1500,70.62,300,70.61,1400,70.6,1200,70.59,1000,70.58,1600,70.57,500,70.56,1500,70.55,500,70.54,600,70.65,900,70.66,1400,70.67,800,,,,,,,,,,,,,,
2026-01-16 09:32:55,70.63,70.63,1,70.62,1200,70.64,500,70.64,70.62,70.62,1200,70.61,1400,70.6,1200,70.59,1000,70.58,1600,70.57,500,70.56,1500,70.55,500,70.54,600,70.53,1200,70.64,500,70.65,800,70.66,400,70.67,1700,,,,,,,,,,,,
2026-01-16 09:32:56,70.615,70.6,2,70.6,400,70.63,1300,70.63,70.6,70.6,400,70.59,1700,70.58,1600,70.57,500,70.56,1500,70.55,500,70.54,600,70.53,1200,70.52,1200,70.51,1000,70.63,1300,70.64,500,70.65,800,70.66,400,70.67,1700,,,,,,,,,,
2026-01-16 09:32:57,70.62,70.61,1,70.61,800,70.63,1200,70.63,70.61,70.61,800,70.6,400,70.59,1700,70.58,1600,70.57,500,70.56,1500,70.55,500,70.54,600,70.53,1200,70.52,1200,70.63,1200,70.64,500,70.65,800,70.66,400,70.67,1700,,,,,,,,,,
2026-01-16 09:32:58,70.625,70.63,1,70.61,900,70.64,1100,70.64,70.61,70.61,900,70.6,400,70.59,1700,70.58,1600,70.57,500,70.56,1500,70.55,500,70.54,600,70.53,1200,70.52,1200,70.64,1100,70.65,800,70.66,400,70.67,1700,,,,,,,,,,,,
2026-01-16 09:32:59,70.635,70.63,1,70.62,900,70.65,800,70.65,70.62,70.62,900,70.61,900,70.6,400,70.59,1700,70.58,1600,70.57,500,70.56,1500,70.55,500,70.54,600,70.53,1200,70.65,800,70.66,400,70.67,1700,,,,,,,,,,,,,,
2026-01-16 09:33:00,70.66,70.67,1,70.64,2000,70.68,1100,70.68,70.64,70.64,2000,70.63,700,70.62,900,70.61,900,70.6,400,70.59,1700,70.58,1600,70.57,500,70.56,1500,70.55,500,70.68,1100,70.69,600,,,,,,,,,,,,,,,,
2026-01-16 09:33:01,70.66,70.67,1,70.64,2000,70.68,1700,70.68,70.64,70.64,2000,70.63,700,70.62,900,70.61,900,70.6,400,70.59,1700,70.58,1600,70.57,500,70.56,1500,70.55,500,70.68,1700,70.69,600,,,,,,,,,,,,,,,,
2026-01-16 09:33:02,70.695,70.7,1,70.68,1400,70.71,1500,70.71,70.68,70.68,1400,70.67,500,70.66,1300,70.65,400,70.64,2000,70.63,700,70.62,900,70.61,900,70.6,400,70.59,1700,70.71,1500,,,,,,,,,,,,,,,,,,
2026-01-16 09:33:03,70.7,70.71,3,70.69,1100,70.71,1200,70.71,70.69,70.69,1100,70.68,1400,70.67,500,70.66,1300,70.65,400,70.64,2000,70.63,700,70.62,900,70.61,900,70.6,400,70.71,1200,,,,,,,,,,,,,,,,,,
2026-01-16 09:33:04,70.67,70.67,1,70.66,900,70.68,800,70.68,70.66,70.66,900,70.65,1000,70.64,2000,70.63,700,70.62,900,70.61,900,70.6,400,70.59,1700,70.58,1600,70.57,500,70.68,800,70.69,200,70.7,900,70.71,1200,70.72,400,,,,,,,,,,
2026-01-16 09:33:05,70.67,70.68,1,70.66,900,70.68,800,70.68,70.66,70.66,900,70.65,1000,70.64,2000,70.63,700,70.62,900,70.61,900,70.6,400,70.59,1700,70.58,1600,70.57,500,70.68,800,70.69,200,70.7,900,70.71,1200,70.72,400,,,,,,,,,,
2026-01-16 09:33:06,70.67,70.68,1,70.66,1100,70.68,800,70.68,70.66,70.66,1100,70.65,1000,70.64,2000,70.63,700,70.62,900,70.61,900,70.6,400,70.59,1700,70.58,1600,70.57,500,70.68,800,70.69,200,70.7,900,70.71,1200,70.72,400,,,,,,,,,,
2026-01-16 09:33:07,70.675,70.68,1,70.66,1100,70.69,600,70.69,70.66,70.66,1100,70.65,1000,70.64,2000,70.63,700,70.62,900,70.61,900,70.6,400,70.59,1700,70.58,1600,70.57,500,70.69,600,70.7,900,70.71,1200,70.72,400,,,,,,,,,,,,
2026-01-16 09:33:08,70.675,70.68,2,70.66,1100,70.69,600,70.69,70.66,70.66,1100,70.65,1000,70.64,2000,70.63,700,70.62,900,70.61,900,70.6,400,70.59,1700,70.58,1600,70.57,500,70.69,600,70.7,900,70.71,1200,70.72,400,,,,,,,,,,,,
2026-01-16 09:33:09,70.635,70.64,2,70.62,1600,70.65,1200,70.65,70.62,70.62,1600,70.61,900,70.6,400,70.59,1700,70.58,1600,70.57,500,70.56,1500,70.55,500,70.54,600,70.53,1200,70.65,1200,70.66,200,70.67,100,70.69,1200,70.7,900,70.71,1200,70.72,400,,,,,,
2026-01-16 09:33:10,70.635,70.62,1,70.62,1100,70.65,1500,70.65,70.62,70.62,1100,70.61,900,70.6,400,70.59,1700,70.58,1600,70.57,500,70.56,1500,70.55,500,70.54,600,70.53,1200,70.65,1500,70.66,200,70.67,100,70.69,1200,70.7,900,70.71,1200,70.72,400,,,,,,
2026-01-16 09:33:11,70.635,70.62,1,70.62,1100,70.65,1500,70.65,70.62,70.62,1100,70.61,900,70.6,400,70.59,1700,70.58,1600,70.57,500,70.56,1500,70.55,500,70.54,600,70.53,1200,70.65,1500,70.66,200,70.67,100,70.69,1200,70.7,900,70.71,1200,70.72,400,,,,,,
2026-01-16 09:33:12,70.635,70.63,2,70.62,1200,70.65,1500,70.65,70.62,70.62,1200,70.61,900,70.6,400,70.59,1700,70.58,1600,70.57,500,70.56,1500,70.55,500,70.54,600,70.53,1200,70.65,1500,70.66,200,70.67,100,70.69,1200,70.7,900,70.71,1200,70.72,400,,,,,,
2026-01-16 09:33:13,70.635,70.63,2,70.62,2600,70.65,1400,70.65,70.62,70.62,2600,70.61,900,70.6,400,70.59,1700,70.58,1600,70.57,500,70.56,1500,70.55,500,70.54,600,70.53,1200,70.65,1400,70.66,200,70.67,100,70.69,1200,70.7,900,70.71,1200,70.72,400,,,,,,
2026-01-16 09:33:14,70.635,70.63,2,70.62,2600,70.65,1500,70.65,70.62,70.62,2600,70.61,900,70.6,400,70.59,1700,70.58,1600,70.57,500,70.56,1500,70.55,500,70.54,600,70.53,1200,70.65,1500,70.66,200,70.67,100,70.69,1200,70.7,900,70.71,1200,70.72,400,,,,,,
2026-01-16 09:33:15,70.635,70.63,2,70.62,2700,70.65,1500,70.65,70.62,70.62,2700,70.61,900,70.6,400,70.59,1700,70.58,1600,70.57,500,70.56,1500,70.55,500,70.54,600,70.53,1200,70.65,1500,70.66,200,70.67,100,70.69,1200,70.7,900,70.71,1200,70.72,400,,,,,,
2026-01-16 09:33:16,70.635,70.63,2,70.62,2600,70.65,1500,70.65,70.62,70.62,2600,70.61,900,70.6,400,70.59,1700,70.58,1600,70.57,500,70.56,1500,70.55,500,70.54,600,70.53,1200,70.65,1500,70.66,200,70.67,100,70.69,1200,70.7,900,70.71,1200,70.72,400,,,,,,
2026-01-16 09:33:17,70.635,70.63,2,70.62,2600,70.65,1500,70.65,70.62,70.62,2600,70.61,900,70.6,400,70.59,1700,70.58,1600,70.57,500,70.56,1500,70.55,500,70.54,600,70.53,1200,70.65,1500,70.66,200,70.67,100,70.69,1200,70.7,900,70.71,1200,70.72,400,,,,,,
2026-01-16 09:33:18,70.635,70.63,2,70.62,2600,70.65,1500,70.65,70.62,70.62,2600,70.61,900,70.6,400,70.59,1700,70.58,1600,70.57,500,70.56,1500,70.55,500,70.54,600,70.53,1200,70.65,1500,70.66,200,70.67,100,70.69,1200,70.7,900,70.71,1200,70.72,400,,,,,,
2026-01-16 09:33:19,70.635,70.64,1,70.62,2600,70.65,1500,70.65,70.62,70.62,2600,70.61,900,70.6,400,70.59,1700,70.58,1600,70.57,500,70.56,1500,70.55,500,70.54,600,70.53,1200,70.65,1500,70.66,200,70.67,100,70.69,1200,70.7,900,70.71,1200,70.72,400,,,,,,
2026-01-16 09:33:20,70.635,70.62,1,70.63,100,70.64,800,70.64,70.63,70.63,100,70.62,300,70.61,700,70.6,900,70.59,1700,70.58,1600,70.57,500,70.56,1500,70.55,500,70.54,600,70.64,800,70.65,1400,70.66,200,70.67,100,70.69,1200,70.7,900,70.71,1200,70.72,400,,,,
2026-01-16 09:33:21,70.635,70.64,2,70.62,2200,70.65,1600,70.65,70.62,70.62,2200,70.61,700,70.6,900,70.59,1700,70.58,1600,70.57,500,70.56,1500,70.55,500,70.54,600,70.53,1200,70.65,1600,70.66,200,70.67,100,70.69,1200,70.7,900,70.71,1200,70.72,400,,,,,,
2026-01-16 09:33:22,70.635,70.64,1,70.62,1900,70.65,2500,70.65,70.62,70.62,1900,70.61,700,70.6,900,70.59,1700,70.58,1600,70.57,500,70.56,1500,70.55,500,70.54,600,70.53,1200,70.65,2500,70.66,200,70.67,100,70.69,1200,70.7,900,70.71,1200,70.72,400,,,,,,
2026-01-16 09:33:23,70.63,70.63,1,70.62,1900,70.64,900,70.64,70.62,70.62,1900,70.61,700,70.6,900,70.59,1700,70.58,1600,70.57,500,70.56,1500,70.55,500,70.54,600,70.53,1200,70.64,900,70.65,2500,70.66,200,70.67,100,70.69,1200,70.7,900,70.71,1200,70.72,400,,,,
2026-01-16 09:33:24,70.67,70.66,1,70.66,1000,70.68,500,70.68,70.66,70.66,1000,70.65,1400,70.64,700,70.63,400,70.62,2000,70.61,700,70.6,900,70.59,1700,70.58,1600,70.57,500,70.68,500,70.69,1200,70.7,900,70.71,1200,70.72,400,,,,,,,,,,
2026-01-16 09:33:25,70.665,70.67,1,70.65,700,70.68,1600,70.68,70.65,70.65,700,70.64,700,70.63,400,70.62,2000,70.61,700,70.6,900,70.59,1700,70.58,1600,70.57,500,70.56,1500,70.68,1600,70.69,1200,70.7,900,70.71,1200,70.72,400,,,,,,,,,,
2026-01-16 09:33:26,70.665,70.67,1,70.65,700,70.68,1300,70.68,70.65,70.65,700,70.64,700,70.63,400,70.62,2000,70.61,700,70.6,900,70.59,1700,70.58,1600,70.57,500,70.56,1500,70.68,1300,70.69,1200,70.7,900,70.71,1200,70.72,400,,,,,,,,,,
2026-01-16 09:33:27,70.665,70.67,1,70.65,900,70.68,1200,70.68,70.65,70.65,900,70.64,700,70.63,400,70.62,2000,70.61,700,70.6,900,70.59,1700,70.58,1600,70.57,500,70.56,1500,70.68,1200,70.69,1200,70.7,900,70.71,1200,70.72,400,,,,,,,,,,
2026-01-16 09:33:28,70.665,70.67,1,70.65,1600,70.68,1200,70.68,70.65,70.65,1600,70.64,700,70.63,400,70.62,2000,70.61,700,70.6,900,70.59,1700,70.58,1600,70.57,500,70.56,1500,70.68,1200,70.69,1200,70.7,900,70.71,1200,70.72,400,,,,,,,,,,
2026-01-16 09:33:29,70.665,70.67,1,70.65,1300,70.68,1200,70.68,70.65,70.65,1300,70.64,700,70.63,400,70.62,2000,70.61,700,70.6,900,70.59,1700,70.58,1600,70.57,500,70.56,1500,70.68,1200,70.69,1200,70.7,900,70.71,1200,70.72,400,,,,,,,,,,
2026-01-16 09:33:30,70.665,70.67,1,70.65,1600,70.68,1300,70.68,70.65,70.65,1600,70.64,700,70.63,400,70.62,2000,70.61,700,70.6,900,70.59,1700,70.58,1600,70.57,500,70.56,1500,70.68,1300,70.69,1200,70.7,900,70.71,1200,70.72,400,,,,,,,,,,
2026-01-16 09:33:31,70.665,70.67,1,70.65,1600,70.68,1100,70.68,70.65,70.65,1600,70.64,700,70.63,400,70.62,2000,70.61,700,70.6,900,70.59,1700,70.58,1600,70.57,500,70.56,1500,70.68,1100,70.69,1200,70.7,900,70.71,1200,70.72,400,,,,,,,,,,
2026-01-16 09:33:32,70.665,70.67,1,70.65,1600,70.68,1100,70.68,70.65,70.65,1600,70.64,700,70.63,400,70.62,2000,70.61,700,70.6,900,70.59,1700,70.58,1600,70.57,500,70.56,1500,70.68,1100,70.69,1200,70.7,900,70.71,1200,70.72,400,,,,,,,,,,
2026-01-16 09:33:33,70.67,70.67,1,70.66,900,70.68,1100,70.68,70.66,70.66,900,70.65,1700,70.64,700,70.63,400,70.62,2000,70.61,700,70.6,900,70.59,1700,70.58,1600,70.57,500,70.68,1100,70.69,1200,70.7,900,70.71,1200,70.72,400,,,,,,,,,,
2026-01-16 09:33:34,70.675,70.66,1,70.66,800,70.69,1600,70.69,70.66,70.66,800,70.65,3200,70.64,700,70.63,400,70.62,2000,70.61,700,70.6,900,70.59,1700,70.58,1600,70.57,500,70.69,1600,70.7,900,70.71,1200,70.72,400,,,,,,,,,,,,
2026-01-16 09:33:35,70.685,70.69,1,70.67,1500,70.7,1600,70.7,70.67,70.67,1500,70.66,1300,70.65,3200,70.64,700,70.63,400,70.62,2000,70.61,700,70.6,900,70.59,1700,70.58,1600,70.7,1600,70.71,1200,70.72,400,,,,,,,,,,,,,,
2026-01-16 09:33:36,70.695,70.69,2,70.68,1100,70.71,1600,70.71,70.68,70.68,1100,70.67,1500,70.66,1300,70.65,3200,70.64,700,70.63,400,70.62,2000,70.61,700,70.6,900,70.59,1700,70.71,1600,70.72,400,,,,,,,,,,,,,,,,
2026-01-16 09:33:37,70.695,70.69,2,70.68,700,70.71,1600,70.71,70.68,70.68,700,70.67,1500,70.66,1300,70.65,3200,70.64,700,70.63,400,70.62,2000,70.61,700,70.6,900,70.59,1700,70.71,1600,70.72,400,,,,,,,,,,,,,,,,
2026-01-16 09:33:38,70.69,70.69,1,70.68,800,70.7,700,70.7,70.68,70.68,800,70.67,1500,70.66,1300,70.65,3200,70.64,700,70.63,400,70.62,2000,70.61,700,70.6,900,70.59,1700,70.7,700,70.71,1600,70.72,400,,,,,,,,,,,,,,
2026-01-16 09:33:39,70.695,70.69,1,70.68,1700,70.71,1700,70.71,70.68,70.68,1700,70.67,500,70.66,1300,70.65,3200,70.64,700,70.63,400,70.62,2000,70.61,700,70.6,900,70.59,1700,70.71,1700,70.72,400,,,,,,,,,,,,,,,,
2026-01-16 09:33:40,70.66,70.66,2,70.65,3400,70.67,1600,70.67,70.65,70.65,3400,70.64,700,70.63,400,70.62,2000,70.61,700,70.6,900,70.59,1700,70.58,1600,70.57,500,70.56,1500,70.67,1600,70.68,500,70.7,1200,70.71,1600,70.72,400,,,,,,,,,,
2026-01-16 09:33:41,70.67,70.66,2,70.66,1100,70.68,1000,70.68,70.66,70.66,1100,70.65,2800,70.64,700,70.63,400,70.62,2000,70.61,700,70.6,900,70.59,1700,70.58,1600,70.57,500,70.68,1000,70.7,1200,70.71,1600,70.72,400,,,,,,,,,,,,
2026-01-16 09:33:42,70.675,70.68,1,70.66,900,70.69,400,70.69,70.66,70.66,900,70.65,2800,70.64,700,70.63,400,70.62,2000,70.61,700,70.6,900,70.59,1700,70.58,1600,70.57,500,70.69,400,70.7,1200,70.71,1600,70.72,400,,,,,,,,,,,,
2026-01-16 09:33:43,70.67,70.66,1,70.66,200,70.68,800,70.68,70.66,70.66,200,70.65,2700,70.64,700,70.63,400,70.62,2000,70.61,700,70.6,900,70.59,1700,70.58,1600,70.57,500,70.68,800,70.69,400,70.7,1200,70.71,1600,70.72,400,,,,,,,,,,
2026-01-16 09:33:44,70.665,70.65,1,70.65,700,70.68,1000,70.68,70.65,70.65,700,70.64,1100,70.63,400,70.62,2000,70.61,700,70.6,900,70.59,1700,70.58,1600,70.57,500,70.56,1500,70.68,1000,70.69,400,70.7,1200,70.71,1600,70.72,400,,,,,,,,,,
2026-01-16 09:33:45,70.665,70.67,1,70.65,700,70.68,1000,70.68,70.65,70.65,700,70.64,1100,70.63,400,70.62,2000,70.61,700,70.6,900,70.59,1700,70.58,1600,70.57,500,70.56,1500,70.68,1000,70.69,400,70.7,1200,70.71,1600,70.72,400,,,,,,,,,,
2026-01-16 09:33:46,70.605,70.61,1,70.59,1200,70.62,300,70.62,70.59,70.59,1200,70.58,1600,70.57,500,70.56,1500,70.55,500,70.54,600,70.53,1200,70.52,1200,70.51,1000,70.5,2100,70.62,300,70.63,200,70.64,200,70.65,100,70.66,1800,70.67,700,70.68,1000,70.69,400,70.7,1200,70.71,1600
2026-01-16 09:33:47,70.605,70.61,1,70.59,800,70.62,1000,70.62,70.59,70.59,800,70.58,1600,70.57,500,70.56,1500,70.55,500,70.54,600,70.53,1200,70.52,1200,70.51,1000,70.5,2100,70.62,1000,70.63,200,70.64,200,70.65,100,70.66,1800,70.67,700,70.68,1000,70.69,400,70.7,1200,70.71,1600
2026-01-16 09:33:48,70.61,70.61,3,70.59,1500,70.63,800,70.63,70.59,70.59,1500,70.58,1600,70.57,500,70.56,1500,70.55,500,70.54,600,70.53,1200,70.52,1200,70.51,1000,70.5,2100,70.63,800,70.64,200,70.65,100,70.66,1800,70.67,700,70.68,1000,70.69,400,70.7,1200,70.71,1600,70.72,400
2026-01-16 09:33:49,70.61,70.61,1,70.59,1500,70.63,1200,70.63,70.59,70.59,1500,70.58,1600,70.57,500,70.56,1500,70.55,500,70.54,600,70.53,1200,70.52,1200,70.51,1000,70.5,2100,70.63,1200,70.64,200,70.65,100,70.66,1800,70.67,700,70.68,1000,70.69,400,70.7,1200,70.71,1600,70.72,400
2026-01-16 09:33:50,70.61,70.61,2,70.59,1500,70.63,1200,70.63,70.59,70.59,1500,70.58,1600,70.57,500,70.56,1500,70.55,500,70.54,600,70.53,1200,70.52,1200,70.51,1000,70.5,2100,70.63,1200,70.64,200,70.65,100,70.66,1800,70.67,700,70.68,1000,70.69,400,70.7,1200,70.71,1600,70.72,400
2026-01-16 09:33:51,70.61,70.55,1,70.59,1700,70.63,1200,70.63,70.59,70.59,1700,70.58,1600,70.57,500,70.56,1500,70.55,500,70.54,600,70.53,1200,70.52,1200,70.51,1000,70.5,2100,70.63,1200,70.64,200,70.65,100,70.66,1800,70.67,700,70.68,1000,70.69,400,70.7,1200,70.71,1600,70.72,400
2026-01-16 09:33:52,70.61,70.61,1,70.59,1600,70.63,1000,70.63,70.59,70.59,1600,70.58,1600,70.57,500,70.56,1500,70.55,500,70.54,600,70.53,1200,70.52,1200,70.51,1000,70.5,2100,70.63,1000,70.64,200,70.65,100,70.66,1800,70.67,700,70.68,1000,70.69,400,70.7,1200,70.71,1600,70.72,400
2026-01-16 09:33:53,70.61,70.61,1,70.59,1600,70.63,1000,70.63,70.59,70.59,1600,70.58,1600,70.57,500,70.56,1500,70.55,500,70.54,600,70.53,1200,70.52,1200,70.51,1000,70.5,2100,70.63,1000,70.64,200,70.65,100,70.66,1800,70.67,700,70.68,1000,70.69,400,70.7,1200,70.71,1600,70.72,400
2026-01-16 09:33:54,70.605,70.6,2,70.59,800,70.62,1100,70.62,70.59,70.59,800,70.58,1700,70.57,500,70.56,1500,70.55,500,70.54,600,70.53,1200,70.52,1200,70.51,1000,70.5,2100,70.62,1100,70.63,1100,70.64,200,70.65,100,70.66,1800,70.67,700,70.68,1000,70.69,400,70.7,1200,70.71,1600
2026-01-16 09:33:55,70.605,70.6,2,70.59,400,70.62,1500,70.62,70.59,70.59,400,70.58,1700,70.57,500,70.56,1500,70.55,500,70.54,600,70.53,1200,70.52,1200,70.51,1000,70.5,2100,70.62,1500,70.63,1100,70.64,200,70.65,100,70.66,1800,70.67,700,70.68,1000,70.69,400,70.7,1200,70.71,1600
2026-01-16 09:33:56,70.605,70.6,2,70.59,400,70.62,1200,70.62,70.59,70.59,400,70.58,1700,70.57,500,70.56,1500,70.55,500,70.54,600,70.53,1200,70.52,1200,70.51,1000,70.5,2100,70.62,1200,70.63,1100,70.64,200,70.65,100,70.66,1800,70.67,700,70.68,1000,70.69,400,70.7,1200,70.71,1600
2026-01-16 09:33:57,70.61,70.6,2,70.59,1100,70.63,800,70.63,70.59,70.59,1100,70.58,1700,70.57,500,70.56,1500,70.55,500,70.54,600,70.53,1200,70.52,1200,70.51,1000,70.5,2100,70.63,800,70.64,200,70.65,100,70.66,1800,70.67,700,70.68,1000,70.69,400,70.7,1200,70.71,1600,70.72,400
2026-01-16 09:33:58,70.61,70.6,2,70.59,1100,70.63,1000,70.63,70.59,70.59,1100,70.58,1700,70.57,500,70.56,1500,70.55,500,70.54,600,70.53,1200,70.52,1200,70.51,1000,70.5,2100,70.63,1000,70.64,200,70.65,100,70.66,1800,70.67,700,70.68,1000,70.69,400,70.7,1200,70.71,1600,70.72,400
2026-01-16 09:33:59,70.635,70.63,1,70.62,900,70.65,1100,70.65,70.62,70.62,900,70.61,700,70.6,500,70.59,1300,70.58,1700,70.57,500,70.56,1500,70.55,500,70.54,600,70.53,1200,70.65,1100,70.66,1800,70.67,700,70.68,1000,70.69,400,70.7,1200,70.71,1600,70.72,400,,,,
2026-01-16 09:34:00,70.635,70.63,1,70.62,800,70.65,1000,70.65,70.62,70.62,800,70.61,700,70.6,500,70.59,1300,70.58,1700,70.57,500,70.56,1500,70.55,500,70.54,600,70.53,1200,70.65,1000,70.66,1800,70.67,700,70.68,1000,70.69,400,70.7,1200,70.71,1600,70.72,400,,,,
2026-01-16 09:34:01,70.635,70.62,4,70.62,700,70.65,1000,70.65,70.62,70.62,700,70.61,700,70.6,500,70.59,1300,70.58,1700,70.57,500,70.56,1500,70.55,500,70.54,600,70.53,1200,70.65,1000,70.66,1800,70.67,700,70.68,1000,70.69,400,70.7,1200,70.71,1600,70.72,400,,,,
2026-01-16 09:34:02,70.64,70.64,1,70.63,700,70.65,700,70.65,70.63,70.63,700,70.62,1500,70.61,700,70.6,500,70.59,1300,70.58,1700,70.57,500,70.56,1500,70.55,500,70.54,600,70.65,700,70.66,1800,70.67,700,70.68,1000,70.69,400,70.7,1200,70.71,1600,70.72,400,,,,
2026-01-16 09:34:03,70.635,70.64,1,70.62,1400,70.65,700,70.65,70.62,70.62,1400,70.61,700,70.6,500,70.59,1300,70.58,1700,70.57,500,70.56,1500,70.55,500,70.54,600,70.53,1200,70.65,700,70.66,1800,70.67,700,70.68,1000,70.69,400,70.7,1200,70.71,1600,70.72,400,,,,
2026-01-16 09:34:04,70.64,70.64,1,70.63,300,70.65,800,70.65,70.63,70.63,300,70.62,1600,70.61,700,70.6,500,70.59,1300,70.58,1700,70.57,500,70.56,1500,70.55,500,70.54,600,70.65,800,70.66,1800,70.67,700,70.68,1000,70.69,400,70.7,1200,70.71,1600,70.72,400,,,,
2026-01-16 09:34:05,70.63,70.63,1,70.62,200,70.64,1200,70.64,70.62,70.62,200,70.61,800,70.6,500,70.59,1300,70.58,1700,70.57,500,70.56,1500,70.55,500,70.54,600,70.53,1200,70.64,1200,70.65,900,70.66,1800,70.67,700,70.68,1000,70.69,400,70.7,1200,70.71,1600,70.72,400,,
2026-01-16 09:34:06,70.63,70.63,1,70.62,200,70.64,1300,70.64,70.62,70.62,200,70.61,800,70.6,500,70.59,1300,70.58,1700,70.57,500,70.56,1500,70.55,500,70.54,600,70.53,1200,70.64,1300,70.65,900,70.66,1800,70.67,700,70.68,1000,70.69,400,70.7,1200,70.71,1600,70.72,400,,
2026-01-16 09:34:07,70.6,70.61,1,70.59,1000,70.61,1000,70.61,70.59,70.59,1000,70.58,1700,70.57,500,70.56,1500,70.55,500,70.54,600,70.53,1200,70.52,1200,70.51,1000,70.5,2100,70.61,1000,70.62,600,70.63,1100,70.64,1100,70.65,900,70.66,1800,70.67,700,70.68,1000,70.69,400,70.7,1200
2026-01-16 09:34:08,70.6,70.6,1,70.59,1000,70.61,1100,70.61,70.59,70.59,1000,70.58,1700,70.57,500,70.56,1500,70.55,500,70.54,600,70.53,1200,70.52,1200,70.51,1000,70.5,2100,70.61,1100,70.62,600,70.63,1100,70.64,1100,70.65,900,70.66,1800,70.67,700,70.68,1000,70.69,400,70.7,1200
2026-01-16 09:34:09,70.625,70.61,1,70.61,1000,70.64,900,70.64,70.61,70.61,1000,70.6,1000,70.59,1100,70.58,1100,70.57,1400,70.56,1500,70.55,500,70.54,600,70.53,1200,70.52,1200,70.64,900,70.65,900,70.66,1800,70.67,700,70.68,1000,70.69,400,70.7,1200,70.71,1600,70.72,400,,
2026-01-16 09:34:10,70.625,70.61,1,70.61,1100,70.64,800,70.64,70.61,70.61,1100,70.6,1000,70.59,1100,70.58,1100,70.57,1400,70.56,1500,70.55,500,70.54,600,70.53,1200,70.52,1200,70.64,800,70.65,900,70.66,1800,70.67,700,70.68,1000,70.69,400,70.7,1200,70.71,1600,70.72,400,,
2026-01-16 09:34:11,70.63,70.61,1,70.61,1200,70.65,800,70.65,70.61,70.61,1200,70.6,1000,70.59,1100,70.58,1100,70.57,1400,70.56,1500,70.55,500,70.54,600,70.53,1200,70.52,1200,70.65,800,70.66,1800,70.67,700,70.68,1000,70.69,400,70.7,1200,70.71,1600,70.72,400,,,,
2026-01-16 09:34:12,70.63,70.62,5,70.61,1200,70.65,800,70.65,70.61,70.61,1200,70.6,1000,70.59,1100,70.58,1100,70.57,1400,70.56,1500,70.55,500,70.54,600,70.53,1200,70.52,1200,70.65,800,70.66,1800,70.67,700,70.68,1000,70.69,400,70.7,1200,70.71,1600,70.72,400,,,,
2026-01-16 09:34:13,70.63,70.63,1,70.61,2100,70.65,1100,70.65,70.61,70.61,2100,70.6,1000,70.59,1100,70.58,1100,70.57,1400,70.56,1500,70.55,500,70.54,600,70.53,1200,70.52,1200,70.65,1100,70.66,1800,70.67,700,70.68,1000,70.69,400,70.7,1200,70.71,1600,70.72,400,,,,
2026-01-16 09:34:14,70.635,70.63,1,70.62,700,70.65,1100,70.65,70.62,70.62,700,70.61,2100,70.6,1000,70.59,1100,70.58,1100,70.57,1400,70.56,1500,70.55,500,70.54,600,70.53,1200,70.65,1100,70.66,1800,70.67,700,70.68,1000,70.69,400,70.7,1200,70.71,1600,70.72,400,,,,
2026-01-16 09:34:15,70.63,70.63,1,70.61,2000,70.65,1100,70.65,70.61,70.61,2000,70.6,1000,70.59,1100,70.58,1100,70.57,1400,70.56,1500,70.55,500,70.54,600,70.53,1200,70.52,1200,70.65,1100,70.66,1800,70.67,700,70.68,1000,70.69,400,70.7,1200,70.71,1600,70.72,400,,,,
2026-01-16 09:34:16,70.635,70.63,1,70.62,400,70.65,1100,70.65,70.62,70.62,400,70.61,2000,70.6,1000,70.59,1100,70.58,1100,70.57,1400,70.56,1500,70.55,500,70.54,600,70.53,1200,70.65,1100,70.66,1800,70.67,700,70.68,1000,70.69,400,70.7,1200,70.71,1600,70.72,400,,,,
2026-01-16 09:34:17,70.635,70.63,1,70.62,400,70.65,1000,70.65,70.62,70.62,400,70.61,2000,70.6,1000,70.59,1100,70.58,1100,70.57,1400,70.56,1500,70.55,500,70.54,600,70.53,1200,70.65,1000,70.66,1800,70.67,700,70.68,1000,70.69,400,70.7,1200,70.71,1600,70.72,400,,,,
2026-01-16 09:34:18,70.62,70.62,2,70.61,1600,70.63,1000,70.63,70.61,70.61,1600,70.6,1000,70.59,1100,70.58,1100,70.57,1400,70.56,1500,70.55,500,70.54,600,70.53,1200,70.52,1200,70.63,1000,70.64,1000,70.65,800,70.66,1800,70.67,700,70.68,1000,70.69,400,70.7,1200,70.71,1600,70.72,400
2026-01-16 09:34:19,70.655,70.65,1,70.64,900,70.67,1200,70.67,70.64,70.64,900,70.63,800,70.62,1000,70.61,1700,70.6,1000,70.59,1100,70.58,1100,70.57,1400,70.56,1500,70.55,500,70.67,1200,70.68,1000,70.69,400,70.7,1200,70.71,1600,70.72,400,,,,,,,,
2026-01-16 09:34:20,70.655,70.66,1,70.64,600,70.67,1300,70.67,70.64,70.64,600,70.63,800,70.62,1000,70.61,1700,70.6,1000,70.59,1100,70.58,1100,70.57,1400,70.56,1500,70.55,500,70.67,1300,70.68,1000,70.69,400,70.7,1200,70.71,1600,70.72,400,,,,,,,,
2026-01-16 09:34:21,70.655,70.66,1,70.64,900,70.67,1600,70.67,70.64,70.64,900,70.63,800,70.62,1000,70.61,1700,70.6,1000,70.59,1100,70.58,1100,70.57,1400,70.56,1500,70.55,500,70.67,1600,70.68,1000,70.69,400,70.7,1200,70.71,1600,70.72,400,,,,,,,,
2026-01-16 09:34:22,70.655,70.66,1,70.64,500,70.67,1600,70.67,70.64,70.64,500,70.63,800,70.62,1000,70.61,1700,70.6,1000,70.59,1100,70.58,1100,70.57,1400,70.56,1500,70.55,500,70.67,1600,70.68,1000,70.69,400,70.7,1200,70.71,1600,70.72,400,,,,,,,,
2026-01-16 09:34:23,70.625,70.66,1,70.61,2300,70.64,800,70.64,70.61,70.61,2300,70.6,1000,70.59,1100,70.58,1100,70.57,1400,70.56,1500,70.55,500,70.54,600,70.53,1200,70.52,1200,70.64,800,70.65,1100,70.66,600,70.67,1600,70.68,1000,70.69,400,70.7,1200,70.71,1600,70.72,400,,
2026-01-16 09:34:24,70.625,70.66,1,70.61,2300,70.64,800,70.64,70.61,70.61,2300,70.6,1000,70.59,1100,70.58,1100,70.57,1400,70.56,1500,70.55,500,70.54,600,70.53,1200,70.52,1200,70.64,800,70.65,1100,70.66,600,70.67,1600,70.68,1000,70.69,400,70.7,1200,70.71,1600,70.72,400,,
2026-01-16 09:34:25,70.625,70.63,1,70.61,2300,70.64,800,70.64,70.61,70.61,2300,70.6,1000,70.59,1100,70.58,1100,70.57,1400,70.56,1500,70.55,500,70.54,600,70.53,1200,70.52,1200,70.64,800,70.65,1100,70.66,600,70.67,1600,70.68,1000,70.69,400,70.7,1200,70.71,1600,70.72,400,,
2026-01-16 09:34:26,70.65,70.64,1,70.64,1400,70.66,1200,70.66,70.64,70.64,1400,70.63,800,70.62,400,70.61,2400,70.6,1000,70.59,1100,70.58,1100,70.57,1400,70.56,1500,70.55,500,70.66,1200,70.67,1600,70.68,1000,70.69,400,70.7,1200,70.71,1600,70.72,400,,,,,,
2026-01-16 09:34:27,70.64,70.64,1,70.63,800,70.65,1200,70.65,70.63,70.63,800,70.62,400,70.61,2400,70.6,1000,70.59,1100,70.58,1100,70.57,1400,70.56,1500,70.55,500,70.54,600,70.65,1200,70.66,1300,70.67,1600,70.68,1000,70.69,400,70.7,1200,70.71,1600,70.72,400,,,,
2026-01-16 09:34:28,70.625,70.63,2,70.61,1700,70.64,700,70.64,70.61,70.61,1700,70.6,1000,70.59,1100,70.58,1100,70.57,1400,70.56,1500,70.55,500,70.54,600,70.53,1200,70.52,1200,70.64,700,70.65,300,70.66,1200,70.67,1600,70.68,1000,70.69,400,70.7,1200,70.71,1600,70.72,400,,
2026-01-16 09:34:29,70.625,70.63,2,70.61,1700,70.64,800,70.64,70.61,70.61,1700,70.6,1000,70.59,1100,70.58,1100,70.57,1400,70.56,1500,70.55,500,70.54,600,70.53,1200,70.52,1200,70.64,800,70.65,300,70.66,1200,70.67,1600,70.68,1000,70.69,400,70.7,1200,70.71,1600,70.72,400,,
2026-01-16 09:34:30,70.625,70.63,2,70.61,2100,70.64,800,70.64,70.61,70.61,2100,70.6,1000,70.59,1100,70.58,1100,70.57,1400,70.56,1500,70.55,500,70.54,600,70.53,1200,70.52,1200,70.64,800,70.65,300,70.66,1200,70.67,1600,70.68,1000,70.69,400,70.7,1200,70.71,1600,70.72,400,,
2026-01-16 09:34:31,70.625,70.61,2,70.61,1700,70.64,1200,70.64,70.61,70.61,1700,70.6,1000,70.59,1100,70.58,1100,70.57,1400,70.56,1500,70.55,500,70.54,600,70.53,1200,70.52,1200,70.64,1200,70.65,300,70.66,1200,70.67,1600,70.68,1000,70.69,400,70.7,1200,70.71,1600,70.72,400,,
2026-01-16 09:34:32,70.625,70.61,2,70.61,1700,70.64,1200,70.64,70.61,70.61,1700,70.6,1000,70.59,1100,70.58,1100,70.57,1400,70.56,1500,70.55,500,70.54,600,70.53,1200,70.52,1200,70.64,1200,70.65,300,70.66,1200,70.67,1600,70.68,1000,70.69,400,70.7,1200,70.71,1600,70.72,400,,
2026-01-16 09:34:33,70.625,70.63,1,70.61,2000,70.64,1200,70.64,70.61,70.61,2000,70.6,1000,70.59,1100,70.58,1100,70.57,1400,70.56,1500,70.55,500,70.54,600,70.53,1200,70.52,1200,70.64,1200,70.65,300,70.66,1200,70.67,1600,70.68,1000,70.69,400,70.7,1200,70.71,1600,70.72,400,,
2026-01-16 09:34:34,70.625,70.63,2,70.61,1700,70.64,800,70.64,70.61,70.61,1700,70.6,1000,70.59,1100,70.58,1100,70.57,1400,70.56,1500,70.55,500,70.54,600,70.53,1200,70.52,1200,70.64,800,70.65,300,70.66,1200,70.67,1600,70.68,1000,70.69,400,70.7,1200,70.71,1600,70.72,400,,
2026-01-16 09:34:35,70.635,70.64,1,70.62,2100,70.65,1500,70.65,70.62,70.62,2100,70.61,2000,70.6,1000,70.59,1100,70.58,1100,70.57,1400,70.56,1500,70.55,500,70.54,600,70.53,1200,70.65,1500,70.66,1200,70.67,1600,70.68,1000,70.69,400,70.7,1200,70.71,1600,70.72,400,,,,
2026-01-16 09:34:36,70.65,70.65,1,70.64,900,70.66,1400,70.66,70.64,70.64,900,70.63,600,70.62,2200,70.61,2000,70.6,1000,70.59,1100,70.58,1100,70.57,1400,70.56,1500,70.55,500,70.66,1400,70.67,1600,70.68,1000,70.69,400,70.7,1200,70.71,1600,70.72,400,,,,,,
2026-01-16 09:34:37,70.645,70.64,1,70.63,1000,70.66,1400,70.66,70.63,70.63,1000,70.62,2200,70.61,2000,70.6,1000,70.59,1100,70.58,1100,70.57,1400,70.56,1500,70.55,500,70.54,600,70.66,1400,70.67,1600,70.68,1000,70.69,400,70.7,1200,70.71,1600,70.72,400,,,,,,
2026-01-16 09:34:38,70.645,70.64,1,70.63,1000,70.66,1400,70.66,70.63,70.63,1000,70.62,2200,70.61,2000,70.6,1000,70.59,1100,70.58,1100,70.57,1400,70.56,1500,70.55,500,70.54,600,70.66,1400,70.67,1600,70.68,1000,70.69,400,70.7,1200,70.71,1600,70.72,400,,,,,,
2026-01-16 09:34:39,70.645,70.64,1,70.63,1000,70.66,1400,70.66,70.63,70.63,1000,70.62,2200,70.61,2000,70.6,1000,70.59,1100,70.58,1100,70.57,1400,70.56,1500,70.55,500,70.54,600,70.66,1400,70.67,1600,70.68,1000,70.69,400,70.7,1200,70.71,1600,70.72,400,,,,,,
2026-01-16 09:34:40,70.645,70.64,1,70.63,1300,70.66,1400,70.66,70.63,70.63,1300,70.62,2200,70.61,2000,70.6,1000,70.59,1100,70.58,1100,70.57,1400,70.56,1500,70.55,500,70.54,600,70.66,1400,70.67,1600,70.68,1000,70.69,400,70.7,1200,70.71,1600,70.72,400,,,,,,
2026-01-16 09:34:41,70.645,70.64,1,70.63,1300,70.66,1400,70.66,70.63,70.63,1300,70.62,2200,70.61,2000,70.6,1000,70.59,1100,70.58,1100,70.57,1400,70.56,1500,70.55,500,70.54,600,70.66,1400,70.67,1600,70.68,1000,70.69,400,70.7,1200,70.71,1600,70.72,400,,,,,,
2026-01-16 09:34:42,70.645,70.64,1,70.63,1300,70.66,1400,70.66,70.63,70.63,1300,70.62,2200,70.61,2000,70.6,1000,70.59,1100,70.58,1100,70.57,1400,70.56,1500,70.55,500,70.54,600,70.66,1400,70.67,1600,70.68,1000,70.69,400,70.7,1200,70.71,1600,70.72,400,,,,,,
2026-01-16 09:34:43,70.645,70.64,1,70.63,1300,70.66,1400,70.66,70.63,70.63,1300,70.62,2200,70.61,2000,70.6,1000,70.59,1100,70.58,1100,70.57,1400,70.56,1500,70.55,500,70.54,600,70.66,1400,70.67,1600,70.68,1000,70.69,400,70.7,1200,70.71,1600,70.72,400,,,,,,
2026-01-16 09:34:44,70.645,70.64,1,70.63,1300,70.66,1600,70.66,70.63,70.63,1300,70.62,2200,70.61,2000,70.6,1000,70.59,1100,70.58,1100,70.57,1400,70.56,1500,70.55,500,70.54,600,70.66,1600,70.67,1600,70.68,1000,70.69,400,70.7,1200,70.71,1600,70.72,400,,,,,,
2026-01-16 09:34:45,70.645,70.64,1,70.63,1400,70.66,1500,70.66,70.63,70.63,1400,70.62,2200,70.61,2000,70.6,1000,70.59,1100,70.58,1100,70.57,1400,70.56,1500,70.55,500,70.54,600,70.66,1500,70.67,1600,70.68,1000,70.69,400,70.7,1200,70.71,1600,70.72,400,,,,,,
2026-01-16 09:34:46,70.6,70.6,1,70.58,1200,70.62,1700,70.62,70.58,70.58,1200,70.57,1400,70.56,1500,70.55,500,70.54,600,70.53,1200,70.52,1200,70.51,1000,70.5,2100,70.49,2100,70.62,1700,70.63,300,70.64,600,70.65,800,70.66,1700,70.67,1600,70.68,1000,70.69,400,70.7,1200,70.71,1600
2026-01-16 09:34:47,70.6,70.6,1,70.58,1100,70.62,1700,70.62,70.58,70.58,1100,70.57,1400,70.56,1500,70.55,500,70.54,600,70.53,1200,70.52,1200,70.51,1000,70.5,2100,70.49,2100,70.62,1700,70.63,300,70.64,600,70.65,800,70.66,1700,70.67,1600,70.68,1000,70.69,400,70.7,1200,70.71,1600
2026-01-16 09:34:48,70.6,70.6,1,70.58,1100,70.62,1700,70.62,70.58,70.58,1100,70.57,1400,70.56,1500,70.55,500,70.54,600,70.53,1200,70.52,1200,70.51,1000,70.5,2100,70.49,2100,70.62,1700,70.63,300,70.64,600,70.65,800,70.66,1700,70.67,1600,70.68,1000,70.69,400,70.7,1200,70.71,1600
2026-01-16 09:34:49,70.6,70.6,1,70.58,1100,70.62,1600,70.62,70.58,70.58,1100,70.57,1400,70.56,1500,70.55,500,70.54,600,70.53,1200,70.52,1200,70.51,1000,70.5,2100,70.49,2100,70.62,1600,70.63,300,70.64,600,70.65,800,70.66,1700,70.67,1600,70.68,1000,70.69,400,70.7,1200,70.71,1600
2026-01-16 09:34:50,70.6,70.6,1,70.58,1100,70.62,1600,70.62,70.58,70.58,1100,70.57,1400,70.56,1500,70.55,500,70.54,600,70.53,1200,70.52,1200,70.51,1000,70.5,2100,70.49,2100,70.62,1600,70.63,300,70.64,600,70.65,800,70.66,1700,70.67,1600,70.68,1000,70.69,400,70.7,1200,70.71,1600
2026-01-16 09:34:51,70.59,70.6,1,70.57,1600,70.61,1100,70.61,70.57,70.57,1600,70.56,1500,70.55,500,70.54,600,70.53,1200,70.52,1200,70.51,1000,70.5,2100,70.49,2100,70.48,800,70.61,1100,70.62,1500,70.63,300,70.64,600,70.65,800,70.66,1700,70.67,1600,70.68,1000,70.69,400,70.7,1200
2026-01-16 09:34:52,70.59,70.6,1,70.57,1400,70.61,1200,70.61,70.57,70.57,1400,70.56,1500,70.55,500,70.54,600,70.53,1200,70.52,1200,70.51,1000,70.5,2100,70.49,2100,70.48,800,70.61,1200,70.62,1500,70.63,300,70.64,600,70.65,800,70.66,1700,70.67,1600,70.68,1000,70.69,400,70.7,1200
2026-01-16 09:34:53,70.59,70.59,1,70.57,1400,70.61,1100,70.61,70.57,70.57,1400,70.56,1500,70.55,500,70.54,600,70.53,1200,70.52,1200,70.51,1000,70.5,2100,70.49,2100,70.48,800,70.61,1100,70.62,1500,70.63,300,70.64,600,70.65,800,70.66,1700,70.67,1600,70.68,1000,70.69,400,70.7,1200
2026-01-16 09:34:54,70.59,70.59,1,70.57,1400,70.61,900,70.61,70.57,70.57,1400,70.56,1500,70.55,500,70.54,600,70.53,1200,70.52,1200,70.51,1000,70.5,2100,70.49,2100,70.48,800,70.61,900,70.62,1500,70.63,300,70.64,600,70.65,800,70.66,1700,70.67,1600,70.68,1000,70.69,400,70.7,1200
2026-01-16 09:34:55,70.59,70.59,1,70.57,1400,70.61,900,70.61,70.57,70.57,1400,70.56,1500,70.55,500,70.54,600,70.53,1200,70.52,1200,70.51,1000,70.5,2100,70.49,2100,70.48,800,70.61,900,70.62,1500,70.63,300,70.64,600,70.65,800,70.66,1700,70.67,1600,70.68,1000,70.69,400,70.7,1200
2026-01-16 09:34:56,70.585,70.59,1,70.57,1300,70.6,200,70.6,70.57,70.57,1300,70.56,1500,70.55,500,70.54,600,70.53,1200,70.52,1200,70.51,1000,70.5,2100,70.49,2100,70.48,800,70.6,200,70.61,900,70.62,1500,70.63,300,70.64,600,70.65,800,70.66,1700,70.67,1600,70.68,1000,70.69,400
2026-01-16 09:34:57,70.59,70.6,27,70.57,1800,70.61,1400,70.61,70.57,70.57,1800,70.56,1500,70.55,500,70.54,600,70.53,1200,70.52,1200,70.51,1000,70.5,2100,70.49,2100,70.48,800,70.61,1400,70.62,1500,70.63,300,70.64,600,70.65,800,70.66,1700,70.67,1600,70.68,1000,70.69,400,70.7,1200
2026-01-16 09:34:58,70.59,70.6,27,70.57,2000,70.61,1800,70.61,70.57,70.57,2000,70.56,1500,70.55,500,70.54,600,70.53,1200,70.52,1200,70.51,1000,70.5,2100,70.49,2100,70.48,800,70.61,1800,70.62,1500,70.63,300,70.64,600,70.65,800,70.66,1700,70.67,1600,70.68,1000,70.69,400,70.7,1200
2026-01-16 09:34:59,70.59,70.6,27,70.57,1900,70.61,1900,70.61,70.57,70.57,1900,70.56,1500,70.55,500,70.54,600,70.53,1200,70.52,1200,70.51,1000,70.5,2100,70.49,2100,70.48,800,70.61,1900,70.62,1500,70.63,300,70.64,600,70.65,800,70.66,1700,70.67,1600,70.68,1000,70.69,400,70.7,1200
2026-01-16 09:35:00,70.59,70.6,27,70.57,1900,70.61,1900,70.61,70.57,70.57,1900,70.56,1500,70.55,500,70.54,600,70.53,1200,70.52,1200,70.51,1000,70.5,2100,70.49,2100,70.48,800,70.61,1900,70.62,1500,70.63,300,70.64,600,70.65,800,70.66,1700,70.67,1600,70.68,1000,70.69,400,70.7,1200
2026-01-16 09:35:01,70.54,70.54,1,70.53,1100,70.55,700,70.55,70.53,70.53,1100,70.52,1200,70.51,1000,70.5,2100,70.49,2100,70.48,800,70.47,700,70.46,800,70.45,500,70.44,1800,70.55,700,70.56,200,70.57,1600,70.58,1000,70.59,900,70.6,1100,70.61,1900,70.62,1500,70.63,300,70.64,600
2026-01-16 09:35:02,70.545,70.54,1,70.53,1200,70.56,1000,70.56,70.53,70.53,1200,70.52,1200,70.51,1000,70.5,2100,70.49,2100,70.48,800,70.47,700,70.46,800,70.45,500,70.44,1800,70.56,1000,70.57,1600,70.58,1000,70.59,900,70.6,1100,70.61,1900,70.62,1500,70.63,300,70.64,600,70.65,800
2026-01-16 09:35:03,70.545,70.54,1,70.53,1100,70.56,1000,70.56,70.53,70.53,1100,70.52,1200,70.51,1000,70.5,2100,70.49,2100,70.48,800,70.47,700,70.46,800,70.45,500,70.44,1800,70.56,1000,70.57,1600,70.58,1000,70.59,900,70.6,1100,70.61,1900,70.62,1500,70.63,300,70.64,600,70.65,800
2026-01-16 09:35:04,70.56,70.56,1,70.55,1300,70.57,1400,70.57,70.55,70.55,1300,70.54,1500,70.53,1000,70.52,1200,70.51,1000,70.5,2100,70.49,2100,70.48,800,70.47,700,70.46,800,70.57,1400,70.58,1000,70.59,900,70.6,1100,70.61,1900,70.62,1500,70.63,300,70.64,600,70.65,800,70.66,1700
2026-01-16 09:35:05,70.555,70.56,2,70.54,1600,70.57,1800,70.57,70.54,70.54,1600,70.53,1000,70.52,1200,70.51,1000,70.5,2100,70.49,2100,70.48,800,70.47,700,70.46,800,70.45,500,70.57,1800,70.58,1000,70.59,900,70.6,1100,70.61,1900,70.62,1500,70.63,300,70.64,600,70.65,800,70.66,1700
2026-01-16 09:35:06,70.555,70.54,4,70.54,1000,70.57,1800,70.57,70.54,70.54,1000,70.53,1000,70.52,1200,70.51,1000,70.5,2100,70.49,2100,70.48,800,70.47,700,70.46,800,70.45,500,70.57,1800,70.58,1000,70.59,900,70.6,1100,70.61,1900,70.62,1500,70.63,300,70.64,600,70.65,800,70.66,1700
2026-01-16 09:35:07,70.555,70.56,1,70.54,1000,70.57,1800,70.57,70.54,70.54,1000,70.53,1000,70.52,1200,70.51,1000,70.5,2100,70.49,2100,70.48,800,70.47,700,70.46,800,70.45,500,70.57,1800,70.58,1000,70.59,900,70.6,1100,70.61,1900,70.62,1500,70.63,300,70.64,600,70.65,800,70.66,1700
2026-01-16 09:35:08,70.575,70.57,1,70.56,900,70.59,1300,70.59,70.56,70.56,900,70.55,1500,70.54,1000,70.53,1000,70.52,1200,70.51,1000,70.5,2100,70.49,2100,70.48,800,70.47,700,70.59,1300,70.6,1100,70.61,1900,70.62,1500,70.63,300,70.64,600,70.65,800,70.66,1700,70.67,1600,70.68,1000
2026-01-16 09:35:09,70.575,70.57,1,70.56,1000,70.59,1200,70.59,70.56,70.56,1000,70.55,1500,70.54,1000,70.53,1000,70.52,1200,70.51,1000,70.5,2100,70.49,2100,70.48,800,70.47,700,70.59,1200,70.6,1100,70.61,1900,70.62,1500,70.63,300,70.64,600,70.65,800,70.66,1700,70.67,1600,70.68,1000
2026-01-16 09:35:10,70.575,70.57,1,70.56,1000,70.59,1200,70.59,70.56,70.56,1000,70.55,1500,70.54,1000,70.53,1000,70.52,1200,70.51,1000,70.5,2100,70.49,2100,70.48,800,70.47,700,70.59,1200,70.6,1100,70.61,1900,70.62,1500,70.63,300,70.64,600,70.65,800,70.66,1700,70.67,1600,70.68,1000
2026-01-16 09:35:11,70.605,70.59,2,70.59,1000,70.62,1600,70.62,70.59,70.59,1000,70.58,1400,70.57,700,70.56,1000,70.55,1500,70.54,1000,70.53,1000,70.52,1200,70.51,1000,70.5,2100,70.62,1600,70.63,300,70.64,600,70.65,800,70.66,1700,70.67,1600,70.68,1000,70.69,400,70.7,1200,70.71,1600
2026-01-16 09:35:12,70.595,70.6,6,70.58,1300,70.61,900,70.61,70.58,70.58,1300,70.57,700,70.56,1000,70.55,1500,70.54,1000,70.53,1000,70.52,1200,70.51,1000,70.5,2100,70.49,2100,70.61,900,70.62,1300,70.63,300,70.64,600,70.65,800,70.66,1700,70.67,1600,70.68,1000,70.69,400,70.7,1200
2026-01-16 09:35:13,70.595,70.6,2,70.58,1400,70.61,900,70.61,70.58,70.58,1400,70.57,700,70.56,1000,70.55,1500,70.54,1000,70.53,1000,70.52,1200,70.51,1000,70.5,2100,70.49,2100,70.61,900,70.62,1300,70.63,300,70.64,600,70.65,800,70.66,1700,70.67,1600,70.68,1000,70.69,400,70.7,1200
2026-01-16 09:35:14,70.6,70.6,2,70.58,1400,70.62,1700,70.62,70.58,70.58,1400,70.57,700,70.56,1000,70.55,1500,70.54,1000,70.53,1000,70.52,1200,70.51,1000,70.5,2100,70.49,2100,70.62,1700,70.63,300,70.64,600,70.65,800,70.66,1700,70.67,1600,70.68,1000,70.69,400,70.7,1200,70.71,1600
2026-01-16 09:35:15,70.595,70.6,1,70.58,1400,70.61,1100,70.61,70.58,70.58,1400,70.57,700,70.56,1000,70.55,1500,70.54,1000,70.53,1000,70.52,1200,70.51,1000,70.5,2100,70.49,2100,70.61,1100,70.62,1900,70.63,300,70.64,600,70.65,800,70.66,1700,70.67,1600,70.68,1000,70.69,400,70.7,1200
2026-01-16 09:35:16,70.595,70.6,1,70.58,1600,70.61,1100,70.61,70.58,70.58,1600,70.57,700,70.56,1000,70.55,1500,70.54,1000,70.53,1000,70.52,1200,70.51,1000,70.5,2100,70.49,2100,70.61,1100,70.62,1900,70.63,300,70.64,600,70.65,800,70.66,1700,70.67,1600,70.68,1000,70.69,400,70.7,1200
2026-01-16 09:35:17,70.595,70.6,1,70.58,1400,70.61,1100,70.61,70.58,70.58,1400,70.57,700,70.56,1000,70.55,1500,70.54,1000,70.53,1000,70.52,1200,70.51,1000,70.5,2100,70.49,2100,70.61,1100,70.62,1900,70.63,300,70.64,600,70.65,800,70.66,1700,70.67,1600,70.68,1000,70.69,400,70.7,1200
2026-01-16 09:35:18,70.595,70.6,1,70.58,1400,70.61,1100,70.61,70.58,70.58,1400,70.57,700,70.56,1000,70.55,1500,70.54,1000,70.53,1000,70.52,1200,70.51,1000,70.5,2100,70.49,2100,70.61,1100,70.62,1900,70.63,300,70.64,600,70.65,800,70.66,1700,70.67,1600,70.68,1000,70.69,400,70.7,1200
2026-01-16 09:35:19,70.61,70.61,1,70.6,1100,70.62,1300,70.62,70.6,70.6,1100,70.59,400,70.58,1400,70.57,700,70.56,1000,70.55,1500,70.54,1000,70.53,1000,70.52,1200,70.51,1000,70.62,1300,70.63,300,70.64,600,70.65,800,70.66,1700,70.67,1600,70.68,1000,70.69,400,70.7,1200,70.71,1600
2026-01-16 09:35:20,70.62,70.62,1,70.61,800,70.63,1000,70.63,70.61,70.61,800,70.6,1300,70.59,400,70.58,1400,70.57,700,70.56,1000,70.55,1500,70.54,1000,70.53,1000,70.52,1200,70.63,1000,70.64,600,70.65,800,70.66,1700,70.67,1600,70.68,1000,70.69,400,70.7,1200,70.71,1600,70.72,400
2026-01-16 09:35:21,70.62,70.62,1,70.61,800,70.63,1000,70.63,70.61,70.61,800,70.6,1300,70.59,400,70.58,1400,70.57,700,70.56,1000,70.55,1500,70.54,1000,70.53,1000,70.52,1200,70.63,1000,70.64,600,70.65,800,70.66,1700,70.67,1600,70.68,1000,70.69,400,70.7,1200,70.71,1600,70.72,400
2026-01-16 09:35:22,70.62,70.62,1,70.61,1000,70.63,1000,70.63,70.61,70.61,1000,70.6,1300,70.59,400,70.58,1400,70.57,700,70.56,1000,70.55,1500,70.54,1000,70.53,1000,70.52,1200,70.63,1000,70.64,600,70.65,800,70.66,1700,70.67,1600,70.68,1000,70.69,400,70.7,1200,70.71,1600,70.72,400
2026-01-16 09:35:23,70.62,70.62,1,70.61,1100,70.63,1000,70.63,70.61,70.61,1100,70.6,1300,70.59,400,70.58,1400,70.57,700,70.56,1000,70.55,1500,70.54,1000,70.53,1000,70.52,1200,70.63,1000,70.64,600,70.65,800,70.66,1700,70.67,1600,70.68,1000,70.69,400,70.7,1200,70.71,1600,70.72,400
2026-01-16 09:35:24,70.62,70.62,1,70.61,1100,70.63,1000,70.63,70.61,70.61,1100,70.6,1300,70.59,400,70.58,1400,70.57,700,70.56,1000,70.55,1500,70.54,1000,70.53,1000,70.52,1200,70.63,1000,70.64,600,70.65,800,70.66,1700,70.67,1600,70.68,1000,70.69,400,70.7,1200,70.71,1600,70.72,400
2026-01-16 09:35:25,70.62,70.62,1,70.61,1100,70.63,1100,70.63,70.61,70.61,1100,70.6,1300,70.59,400,70.58,1400,70.57,700,70.56,1000,70.55,1500,70.54,1000,70.53,1000,70.52,1200,70.63,1100,70.64,600,70.65,800,70.66,1700,70.67,1600,70.68,1000,70.69,400,70.7,1200,70.71,1600,70.72,400
2026-01-16 09:35:26,70.615,70.63,4,70.61,1000,70.62,400,70.62,70.61,70.61,1000,70.6,1300,70.59,400,70.58,1400,70.57,700,70.56,1000,70.55,1500,70.54,1000,70.53,1000,70.52,1200,70.62,400,70.63,1300,70.64,600,70.65,800,70.66,1700,70.67,1600,70.68,1000,70.69,400,70.7,1200,70.71,1600
2026-01-16 09:35:27,70.59,70.59,1,70.58,900,70.6,1400,70.6,70.58,70.58,900,70.57,700,70.56,1000,70.55,1500,70.54,1000,70.53,1000,70.52,1200,70.51,1000,70.5,2100,70.49,2100,70.6,1400,70.61,1500,70.62,1400,70.63,1300,70.64,600,70.65,800,70.66,1700,70.67,1600,70.68,1000,70.69,400
2026-01-16 09:35:28,70.585,70.59,1,70.57,1000,70.6,1000,70.6,70.57,70.57,1000,70.56,1000,70.55,1500,70.54,1000,70.53,1000,70.52,1200,70.51,1000,70.5,2100,70.49,2100,70.48,800,70.6,1000,70.61,1500,70.62,1400,70.63,1300,70.64,600,70.65,800,70.66,1700,70.67,1600,70.68,1000,70.69,400
2026-01-16 09:35:29,70.585,70.58,2,70.57,800,70.6,1000,70.6,70.57,70.57,800,70.56,1000,70.55,1500,70.54,1000,70.53,1000,70.52,1200,70.51,1000,70.5,2100,70.49,2100,70.48,800,70.6,1000,70.61,1500,70.62,1400,70.63,1300,70.64,600,70.65,800,70.66,1700,70.67,1600,70.68,1000,70.69,400
2026-01-16 09:35:30,70.605,70.61,1,70.59,1500,70.62,1800,70.62,70.59,70.59,1500,70.58,1900,70.57,1300,70.56,1000,70.55,1500,70.54,1000,70.53,1000,70.52,1200,70.51,1000,70.5,2100,70.62,1800,70.63,1300,70.64,600,70.65,800,70.66,1700,70.67,1600,70.68,1000,70.69,400,70.7,1200,70.71,1600
2026-01-16 09:35:31,70.585,70.59,1,70.58,500,70.59,400,70.59,70.58,70.58,500,70.57,1300,70.56,1000,70.55,1500,70.54,1000,70.53,1000,70.52,1200,70.51,1000,70.5,2100,70.49,2100,70.59,400,70.6,500,70.61,1100,70.62,1800,70.63,1300,70.64,600,70.65,800,70.66,1700,70.67,1600,70.68,1000
2026-01-16 09:35:32,70.58,70.59,1,70.57,1200,70.59,300,70.59,70.57,70.57,1200,70.56,1000,70.55,1500,70.54,1000,70.53,1000,70.52,1200,70.51,1000,70.5,2100,70.49,2100,70.48,800,70.59,300,70.6,500,70.61,1100,70.62,1800,70.63,1300,70.64,600,70.65,800,70.66,1700,70.67,1600,70.68,1000
2026-01-16 09:35:33,70.595,70.6,1,70.58,1100,70.61,900,70.61,70.58,70.58,1100,70.57,1200,70.56,1000,70.55,1500,70.54,1000,70.53,1000,70.52,1200,70.51,1000,70.5,2100,70.49,2100,70.61,900,70.62,1800,70.63,1300,70.64,600,70.65,800,70.66,1700,70.67,1600,70.68,1000,70.69,400,70.7,1200
2026-01-16 09:35:34,70.615,70.6,1,70.6,700,70.63,1400,70.63,70.6,70.6,700,70.58,1100,70.57,1200,70.56,1000,70.55,1500,70.54,1000,70.53,1000,70.52,1200,70.51,1000,70.5,2100,70.63,1400,70.64,600,70.65,800,70.66,1700,70.67,1600,70.68,1000,70.69,400,70.7,1200,70.71,1600,70.72,400
2026-01-16 09:35:35,70.615,70.6,1,70.6,1400,70.63,1400,70.63,70.6,70.6,1400,70.58,1100,70.57,1200,70.56,1000,70.55,1500,70.54,1000,70.53,1000,70.52,1200,70.51,1000,70.5,2100,70.63,1400,70.64,600,70.65,800,70.66,1700,70.67,1600,70.68,1000,70.69,400,70.7,1200,70.71,1600,70.72,400
2026-01-16 09:35:36,70.625,70.63,1,70.61,1600,70.64,1600,70.64,70.61,70.61,1600,70.6,1200,70.58,1100,70.57,1200,70.56,1000,70.55,1500,70.54,1000,70.53,1000,70.52,1200,70.51,1000,70.64,1600,70.65,800,70.66,1700,70.67,1600,70.68,1000,70.69,400,70.7,1200,70.71,1600,70.72,400,,
2026-01-16 09:35:37,70.625,70.63,1,70.61,1600,70.64,1400,70.64,70.61,70.61,1600,70.6,1200,70.58,1100,70.57,1200,70.56,1000,70.55,1500,70.54,1000,70.53,1000,70.52,1200,70.51,1000,70.64,1400,70.65,800,70.66,1700,70.67,1600,70.68,1000,70.69,400,70.7,1200,70.71,1600,70.72,400,,
2026-01-16 09:35:38,70.625,70.63,1,70.61,1500,70.64,1800,70.64,70.61,70.61,1500,70.6,1200,70.58,1100,70.57,1200,70.56,1000,70.55,1500,70.54,1000,70.53,1000,70.52,1200,70.51,1000,70.64,1800,70.65,800,70.66,1700,70.67,1600,70.68,1000,70.69,400,70.7,1200,70.71,1600,70.72,400,,
2026-01-16 09:35:39,70.625,70.63,1,70.61,1600,70.64,1700,70.64,70.61,70.61,1600,70.6,1200,70.58,1100,70.57,1200,70.56,1000,70.55,1500,70.54,1000,70.53,1000,70.52,1200,70.51,1000,70.64,1700,70.65,800,70.66,1700,70.67,1600,70.68,1000,70.69,400,70.7,1200,70.71,1600,70.72,400,,
2026-01-16 09:35:40,70.625,70.63,1,70.61,2100,70.64,1300,70.64,70.61,70.61,2100,70.6,1200,70.58,1100,70.57,1200,70.56,1000,70.55,1500,70.54,1000,70.53,1000,70.52,1200,70.51,1000,70.64,1300,70.65,800,70.66,1700,70.67,1600,70.68,1000,70.69,400,70.7,1200,70.71,1600,70.72,400,,
2026-01-16 09:35:41,70.625,70.63,1,70.61,2200,70.64,1300,70.64,70.61,70.61,2200,70.6,1200,70.58,1100,70.57,1200,70.56,1000,70.55,1500,70.54,1000,70.53,1000,70.52,1200,70.51,1000,70.64,1300,70.65,800,70.66,1700,70.67,1600,70.68,1000,70.69,400,70.7,1200,70.71,1600,70.72,400,,
2026-01-16 09:35:42,70.645,70.65,1,70.63,1000,70.66,2000,70.66,70.63,70.63,1000,70.62,800,70.61,2200,70.6,1200,70.58,1100,70.57,1200,70.56,1000,70.55,1500,70.54,1000,70.53,1000,70.66,2000,70.67,1600,70.68,1000,70.69,400,70.7,1200,70.71,1600,70.72,400,,,,,,
2026-01-16 09:35:43,70.655,70.66,1,70.64,1300,70.67,2200,70.67,70.64,70.64,1300,70.63,1000,70.62,800,70.61,2200,70.6,1200,70.58,1100,70.57,1200,70.56,1000,70.55,1500,70.54,1000,70.67,2200,70.68,1000,70.69,400,70.7,1200,70.71,1600,70.72,400,,,,,,,,
2026-01-16 09:35:44,70.645,70.65,1,70.63,1200,70.66,1400,70.66,70.63,70.63,1200,70.62,800,70.61,2200,70.6,1200,70.58,1100,70.57,1200,70.56,1000,70.55,1500,70.54,1000,70.53,1000,70.66,1400,70.67,2200,70.68,1000,70.69,400,70.7,1200,70.71,1600,70.72,400,,,,,,
2026-01-16 09:35:45,70.645,70.65,1,70.63,1300,70.66,1400,70.66,70.63,70.63,1300,70.62,800,70.61,2200,70.6,1200,70.58,1100,70.57,1200,70.56,1000,70.55,1500,70.54,1000,70.53,1000,70.66,1400,70.67,2200,70.68,1000,70.69,400,70.7,1200,70.71,1600,70.72,400,,,,,,
2026-01-16 09:35:46,70.645,70.65,1,70.63,1300,70.66,1800,70.66,70.63,70.63,1300,70.62,800,70.61,2200,70.6,1200,70.58,1100,70.57,1200,70.56,1000,70.55,1500,70.54,1000,70.53,1000,70.66,1800,70.67,2200,70.68,1000,70.69,400,70.7,1200,70.71,1600,70.72,400,,,,,,
2026-01-16 09:35:47,70.645,70.64,6,70.63,1600,70.66,1800,70.66,70.63,70.63,1600,70.62,800,70.61,2200,70.6,1200,70.58,1100,70.57,1200,70.56,1000,70.55,1500,70.54,1000,70.53,1000,70.66,1800,70.67,2200,70.68,1000,70.69,400,70.7,1200,70.71,1600,70.72,400,,,,,,
2026-01-16 09:35:48,70.64,70.65,1,70.63,1600,70.65,1100,70.65,70.63,70.63,1600,70.62,800,70.61,2200,70.6,1200,70.58,1100,70.57,1200,70.56,1000,70.55,1500,70.54,1000,70.53,1000,70.65,1100,70.66,1800,70.67,2200,70.68,1000,70.69,400,70.7,1200,70.71,1600,70.72,400,,,,
2026-01-16 09:35:49,70.64,70.64,42,70.63,1600,70.65,1100,70.65,70.63,70.63,1600,70.62,800,70.61,2200,70.6,1200,70.58,1100,70.57,1200,70.56,1000,70.55,1500,70.54,1000,70.53,1000,70.65,1100,70.66,1800,70.67,2200,70.68,1000,70.69,400,70.7,1200,70.71,1600,70.72,400,,,,
2026-01-16 09:35:50,70.63,70.63,1,70.62,1600,70.64,1500,70.64,70.62,70.62,1600,70.61,2200,70.6,1200,70.58,1100,70.57,1200,70.56,1000,70.55,1500,70.54,1000,70.53,1000,70.52,1200,70.64,1500,70.65,1300,70.66,1800,70.67,2200,70.68,1000,70.69,400,70.7,1200,70.71,1600,70.72,400,,
2026-01-16 09:35:51,70.63,70.63,1,70.62,1600,70.64,1300,70.64,70.62,70.62,1600,70.61,2200,70.6,1200,70.58,1100,70.57,1200,70.56,1000,70.55,1500,70.54,1000,70.53,1000,70.52,1200,70.64,1300,70.65,1300,70.66,1800,70.67,2200,70.68,1000,70.69,400,70.7,1200,70.71,1600,70.72,400,,
2026-01-16 09:35:52,70.615,70.62,1,70.61,1500,70.62,900,70.62,70.61,70.61,1500,70.6,1200,70.58,1100,70.57,1200,70.56,1000,70.55,1500,70.54,1000,70.53,1000,70.52,1200,70.51,1000,70.62,900,70.63,2000,70.64,1700,70.65,1300,70.66,1800,70.67,2200,70.68,1000,70.69,400,70.7,1200,70.71,1600
2026-01-16 09:35:53,70.61,70.61,1,70.6,700,70.62,1800,70.62,70.6,70.6,700,70.58,1100,70.57,1200,70.56,1000,70.55,1500,70.54,1000,70.53,1000,70.52,1200,70.51,1000,70.5,2100,70.62,1800,70.63,2000,70.64,1700,70.65,1300,70.66,1800,70.67,2200,70.68,1000,70.69,400,70.7,1200,70.71,1600
2026-01-16 09:35:54,70.61,70.61,1,70.6,800,70.62,1800,70.62,70.6,70.6,800,70.58,1100,70.57,1200,70.56,1000,70.55,1500,70.54,1000,70.53,1000,70.52,1200,70.51,1000,70.5,2100,70.62,1800,70.63,2000,70.64,1700,70.65,1300,70.66,1800,70.67,2200,70.68,1000,70.69,400,70.7,1200,70.71,1600
2026-01-16 09:35:55,70.61,70.61,1,70.6,800,70.62,1800,70.62,70.6,70.6,800,70.58,1100,70.57,1200,70.56,1000,70.55,1500,70.54,1000,70.53,1000,70.52,1200,70.51,1000,70.5,2100,70.62,1800,70.63,2000,70.64,1700,70.65,1300,70.66,1800,70.67,2200,70.68,1000,70.69,400,70.7,1200,70.71,1600
2026-01-16 09:35:56,70.61,70.61,1,70.6,900,70.62,1500,70.62,70.6,70.6,900,70.58,1100,70.57,1200,70.56,1000,70.55,1500,70.54,1000,70.53,1000,70.52,1200,70.51,1000,70.5,2100,70.62,1500,70.63,2000,70.64,1700,70.65,1300,70.66,1800,70.67,2200,70.68,1000,70.69,400,70.7,1200,70.71,1600
2026-01-16 09:35:57,70.595,70.6,1,70.58,700,70.61,1100,70.61,70.58,70.58,700,70.57,1200,70.56,1000,70.55,1500,70.54,1000,70.53,1000,70.52,1200,70.51,1000,70.5,2100,70.49,2100,70.61,1100,70.62,1500,70.63,2000,70.64,1700,70.65,1300,70.66,1800,70.67,2200,70.68,1000,70.69,400,70.7,1200
2026-01-16 09:35:58,70.595,70.6,1,70.58,1200,70.61,900,70.61,70.58,70.58,1200,70.57,1200,70.56,1000,70.55,1500,70.54,1000,70.53,1000,70.52,1200,70.51,1000,70.5,2100,70.49,2100,70.61,900,70.62,1500,70.63,2000,70.64,1700,70.65,1300,70.66,1800,70.67,2200,70.68,1000,70.69,400,70.7,1200
2026-01-16 09:35:59,70.595,70.6,1,70.58,1200,70.61,700,70.61,70.58,70.58,1200,70.57,1200,70.56,1000,70.55,1500,70.54,1000,70.53,1000,70.52,1200,70.51,1000,70.5,2100,70.49,2100,70.61,700,70.62,1500,70.63,2000,70.64,1700,70.65,1300,70.66,1800,70.67,2200,70.68,1000,70.69,400,70.7,1200
2026-01-16 09:36:00,70.595,70.6,1,70.58,1200,70.61,700,70.61,70.58,70.58,1200,70.57,1200,70.56,1000,70.55,1500,70.54,1000,70.53,1000,70.52,1200,70.51,1000,70.5,2100,70.49,2100,70.61,700,70.62,1500,70.63,2000,70.64,1700,70.65,1300,70.66,1800,70.67,2200,70.68,1000,70.69,400,70.7,1200
2026-01-16 09:36:01,70.595,70.6,1,70.58,1200,70.61,800,70.61,70.58,70.58,1200,70.57,1200,70.56,1000,70.55,1500,70.54,1000,70.53,1000,70.52,1200,70.51,1000,70.5,2100,70.49,2100,70.61,800,70.62,1500,70.63,2000,70.64,1700,70.65,1300,70.66,1800,70.67,2200,70.68,1000,70.69,400,70.7,1200
2026-01-16 09:36:02,70.595,70.6,2,70.58,1300,70.61,1100,70.61,70.58,70.58,1300,70.57,1200,70.56,1000,70.55,1500,70.54,1000,70.53,1000,70.52,1200,70.51,1000,70.5,2100,70.49,2100,70.61,1100,70.62,1500,70.63,2000,70.64,1700,70.65,1300,70.66,1800,70.67,2200,70.68,1000,70.69,400,70.7,1200
2026-01-16 09:36:03,70.61,70.6,2,70.6,1000,70.62,1600,70.62,70.6,70.6,1000,70.59,600,70.58,1300,70.57,1200,70.56,1000,70.55,1500,70.54,1000,70.53,1000,70.52,1200,70.51,1000,70.62,1600,70.63,2000,70.64,1700,70.65,1300,70.66,1800,70.67,2200,70.68,1000,70.69,400,70.7,1200,70.71,1600
2026-01-16 09:36:04,70.605,70.6,2,70.59,1600,70.62,1300,70.62,70.59,70.59,1600,70.58,1300,70.57,1200,70.56,1000,70.55,1500,70.54,1000,70.53,1000,70.52,1200,70.51,1000,70.5,2100,70.62,1300,70.63,2000,70.64,1700,70.65,1300,70.66,1800,70.67,2200,70.68,1000,70.69,400,70.7,1200,70.71,1600
2026-01-16 09:36:05,70.62,70.62,1,70.61,800,70.63,1700,70.63,70.61,70.61,800,70.6,100,70.59,1600,70.58,1300,70.57,1200,70.56,1000,70.55,1500,70.54,1000,70.53,1000,70.52,1200,70.63,1700,70.64,1700,70.65,1300,70.66,1800,70.67,2200,70.68,1000,70.69,400,70.7,1200,70.71,1600,70.72,400
2026-01-16 09:36:06,70.62,70.62,1,70.61,700,70.63,2100,70.63,70.61,70.61,700,70.6,100,70.59,1600,70.58,1300,70.57,1200,70.56,1000,70.55,1500,70.54,1000,70.53,1000,70.52,1200,70.63,2100,70.64,1700,70.65,1300,70.66,1800,70.67,2200,70.68,1000,70.69,400,70.7,1200,70.71,1600,70.72,400
2026-01-16 09:36:07,70.605,70.61,1,70.59,1400,70.62,1200,70.62,70.59,70.59,1400,70.58,1300,70.57,1200,70.56,1000,70.55,1500,70.54,1000,70.53,1000,70.52,1200,70.51,1000,70.5,2100,70.62,1200,70.63,2100,70.64,1700,70.65,1300,70.66,1800,70.67,2200,70.68,1000,70.69,400,70.7,1200,70.71,1600
2026-01-16 09:36:08,70.605,70.61,1,70.59,1400,70.62,1100,70.62,70.59,70.59,1400,70.58,1300,70.57,1200,70.56,1000,70.55,1500,70.54,1000,70.53,1000,70.52,1200,70.51,1000,70.5,2100,70.62,1100,70.63,2100,70.64,1700,70.65,1300,70.66,1800,70.67,2200,70.68,1000,70.69,400,70.7,1200,70.71,1600
2026-01-16 09:36:09,70.605,70.61,1,70.59,1400,70.62,1100,70.62,70.59,70.59,1400,70.58,1300,70.57,1200,70.56,1000,70.55,1500,70.54,1000,70.53,1000,70.52,1200,70.51,1000,70.5,2100,70.62,1100,70.63,2100,70.64,1700,70.65,1300,70.66,1800,70.67,2200,70.68,1000,70.69,400,70.7,1200,70.71,1600
2026-01-16 09:36:10,70.605,70.61,1,70.59,1400,70.62,1100,70.62,70.59,70.59,1400,70.58,1300,70.57,1200,70.56,1000,70.55,1500,70.54,1000,70.53,1000,70.52,1200,70.51,1000,70.5,2100,70.62,1100,70.63,2100,70.64,1700,70.65,1300,70.66,1800,70.67,2200,70.68,1000,70.69,400,70.7,1200,70.71,1600
2026-01-16 09:36:11,70.6,70.61,1,70.59,1300,70.61,1300,70.61,70.59,70.59,1300,70.58,1300,70.57,1200,70.56,1000,70.55,1500,70.54,1000,70.53,1000,70.52,1200,70.51,1000,70.5,2100,70.61,1300,70.62,1100,70.63,2100,70.64,1700,70.65,1300,70.66,1800,70.67,2200,70.68,1000,70.69,400,70.7,1200
2026-01-16 09:36:12,70.59,70.59,1,70.58,1200,70.6,1000,70.6,70.58,70.58,1200,70.57,1200,70.56,1000,70.55,1500,70.54,1000,70.53,1000,70.52,1200,70.51,1000,70.5,2100,70.49,2100,70.6,1000,70.61,1300,70.62,1100,70.63,2100,70.64,1700,70.65,1300,70.66,1800,70.67,2200,70.68,1000,70.69,400
2026-01-16 09:36:13,70.595,70.59,1,70.59,700,70.6,1700,70.6,70.59,70.59,700,70.58,1100,70.57,1000,70.56,1000,70.55,1500,70.54,1000,70.53,1000,70.52,1200,70.51,1000,70.5,2100,70.6,1700,70.61,1300,70.62,1100,70.63,2100,70.64,1700,70.65,1300,70.66,1800,70.67,2200,70.68,1000,70.69,400
2026-01-16 09:36:14,70.59,70.59,1,70.58,900,70.6,1600,70.6,70.58,70.58,900,70.57,1000,70.56,1000,70.55,1500,70.54,1000,70.53,1000,70.52,1200,70.51,1000,70.5,2100,70.49,2100,70.6,1600,70.61,1300,70.62,1100,70.63,2100,70.64,1700,70.65,1300,70.66,1800,70.67,2200,70.68,1000,70.69,400
2026-01-16 09:36:15,70.59,70.59,1,70.58,900,70.6,1400,70.6,70.58,70.58,900,70.57,1000,70.56,1000,70.55,1500,70.54,1000,70.53,1000,70.52,1200,70.51,1000,70.5,2100,70.49,2100,70.6,1400,70.61,1300,70.62,1100,70.63,2100,70.64,1700,70.65,1300,70.66,1800,70.67,2200,70.68,1000,70.69,400
2026-01-16 09:36:16,70.595,70.59,1,70.58,900,70.61,1000,70.61,70.58,70.58,900,70.57,1000,70.56,1000,70.55,1500,70.54,1000,70.53,1000,70.52,1200,70.51,1000,70.5,2100,70.49,2100,70.61,1000,70.62,1100,70.63,2100,70.64,1700,70.65,1300,70.66,1800,70.67,2200,70.68,1000,70.69,400,70.7,1200
2026-01-16 09:36:17,70.595,70.59,1,70.58,900,70.61,1000,70.61,70.58,70.58,900,70.57,1000,70.56,1000,70.55,1500,70.54,1000,70.53,1000,70.52,1200,70.51,1000,70.5,2100,70.49,2100,70.61,1000,70.62,1100,70.63,2100,70.64,1700,70.65,1300,70.66,1800,70.67,2200,70.68,1000,70.69,400,70.7,1200
2026-01-16 09:36:18,70.6,70.6,4,70.59,500,70.61,1000,70.61,70.59,70.59,500,70.58,900,70.57,1000,70.56,1000,70.55,1500,70.54,1000,70.53,1000,70.52,1200,70.51,1000,70.5,2100,70.61,1000,70.62,1100,70.63,2100,70.64,1700,70.65,1300,70.66,1800,70.67,2200,70.68,1000,70.69,400,70.7,1200
2026-01-16 09:36:19,70.59,70.59,1,70.58,800,70.6,700,70.6,70.58,70.58,800,70.57,1000,70.56,1000,70.55,1500,70.54,1000,70.53,1000,70.52,1200,70.51,1000,70.5,2100,70.49,2100,70.6,700,70.61,1000,70.62,1100,70.63,2100,70.64,1700,70.65,1300,70.66,1800,70.67,2200,70.68,1000,70.69,400
2026-01-16 09:36:20,70.59,70.6,2,70.58,1000,70.6,800,70.6,70.58,70.58,1000,70.57,1000,70.56,1000,70.55,1500,70.54,1000,70.53,1000,70.52,1200,70.51,1000,70.5,2100,70.49,2100,70.6,800,70.61,1000,70.62,1100,70.63,2100,70.64,1700,70.65,1300,70.66,1800,70.67,2200,70.68,1000,70.69,400
2026-01-16 09:36:21,70.59,70.6,2,70.58,800,70.6,900,70.6,70.58,70.58,800,70.57,1000,70.56,1000,70.55,1500,70.54,1000,70.53,1000,70.52,1200,70.51,1000,70.5,2100,70.49,2100,70.6,900,70.61,1000,70.62,1100,70.63,2100,70.64,1700,70.65,1300,70.66,1800,70.67,2200,70.68,1000,70.69,400
2026-01-16 09:36:22,70.59,70.6,2,70.58,800,70.6,1200,70.6,70.58,70.58,800,70.57,1000,70.56,1000,70.55,1500,70.54,1000,70.53,1000,70.52,1200,70.51,1000,70.5,2100,70.49,2100,70.6,1200,70.61,1000,70.62,1100,70.63,2100,70.64,1700,70.65,1300,70.66,1800,70.67,2200,70.68,1000,70.69,400
2026-01-16 09:36:23,70.59,70.6,2,70.58,800,70.6,1200,70.6,70.58,70.58,800,70.57,1000,70.56,1000,70.55,1500,70.54,1000,70.53,1000,70.52,1200,70.51,1000,70.5,2100,70.49,2100,70.6,1200,70.61,1000,70.62,1100,70.63,2100,70.64,1700,70.65,1300,70.66,1800,70.67,2200,70.68,1000,70.69,400
2026-01-16 09:36:25,70.605,70.6,2,70.59,1700,70.62,1100,70.62,70.59,70.59,1700,70.58,1000,70.57,1000,70.56,1000,70.55,1500,70.54,1000,70.53,1000,70.52,1200,70.51,1000,70.5,2100,70.62,1100,70.63,2100,70.64,1700,70.65,1300,70.66,1800,70.67,2200,70.68,1000,70.69,400,70.7,1200,70.71,1600
2026-01-16 09:36:26,70.605,70.6,2,70.59,1800,70.62,1100,70.62,70.59,70.59,1800,70.58,1000,70.57,1000,70.56,1000,70.55,1500,70.54,1000,70.53,1000,70.52,1200,70.51,1000,70.5,2100,70.62,1100,70.63,2100,70.64,1700,70.65,1300,70.66,1800,70.67,2200,70.68,1000,70.69,400,70.7,1200,70.71,1600
2026-01-16 09:36:27,70.605,70.6,2,70.59,1800,70.62,1400,70.62,70.59,70.59,1800,70.58,1000,70.57,1000,70.56,1000,70.55,1500,70.54,1000,70.53,1000,70.52,1200,70.51,1000,70.5,2100,70.62,1400,70.63,2100,70.64,1700,70.65,1300,70.66,1800,70.67,2200,70.68,1000,70.69,400,70.7,1200,70.71,1600
2026-01-16 09:36:28,70.605,70.6,2,70.59,1800,70.62,1400,70.62,70.59,70.59,1800,70.58,1000,70.57,1000,70.56,1000,70.55,1500,70.54,1000,70.53,1000,70.52,1200,70.51,1000,70.5,2100,70.62,1400,70.63,2100,70.64,1700,70.65,1300,70.66,1800,70.67,2200,70.68,1000,70.69,400,70.7,1200,70.71,1600
2026-01-16 09:36:29,70.605,70.6,2,70.59,1800,70.62,1400,70.62,70.59,70.59,1800,70.58,1000,70.57,1000,70.56,1000,70.55,1500,70.54,1000,70.53,1000,70.52,1200,70.51,1000,70.5,2100,70.62,1400,70.63,2100,70.64,1700,70.65,1300,70.66,1800,70.67,2200,70.68,1000,70.69,400,70.7,1200,70.71,1600
2026-01-16 09:36:30,70.605,70.62,1,70.59,3400,70.62,1400,70.62,70.59,70.59,3400,70.58,1000,70.57,1000,70.56,1000,70.55,1500,70.54,1000,70.53,1000,70.52,1200,70.51,1000,70.5,2100,70.62,1400,70.63,2100,70.64,1700,70.65,1300,70.66,1800,70.67,2200,70.68,1000,70.69,400,70.7,1200,70.71,1600
2026-01-16 09:36:31,70.605,70.61,1,70.59,3200,70.62,1400,70.62,70.59,70.59,3200,70.58,1000,70.57,1000,70.56,1000,70.55,1500,70.54,1000,70.53,1000,70.52,1200,70.51,1000,70.5,2100,70.62,1400,70.63,2100,70.64,1700,70.65,1300,70.66,1800,70.67,2200,70.68,1000,70.69,400,70.7,1200,70.71,1600
2026-01-16 09:36:32,70.605,70.61,1,70.59,3200,70.62,1400,70.62,70.59,70.59,3200,70.58,1000,70.57,1000,70.56,1000,70.55,1500,70.54,1000,70.53,1000,70.52,1200,70.51,1000,70.5,2100,70.62,1400,70.63,2100,70.64,1700,70.65,1300,70.66,1800,70.67,2200,70.68,1000,70.69,400,70.7,1200,70.71,1600
2026-01-16 09:36:33,70.605,70.61,1,70.59,3200,70.62,1400,70.62,70.59,70.59,3200,70.58,1000,70.57,1000,70.56,1000,70.55,1500,70.54,1000,70.53,1000,70.52,1200,70.51,1000,70.5,2100,70.62,1400,70.63,2100,70.64,1700,70.65,1300,70.66,1800,70.67,2200,70.68,1000,70.69,400,70.7,1200,70.71,1600
2026-01-16 09:36:34,70.605,70.61,1,70.59,3200,70.62,1600,70.62,70.59,70.59,3200,70.58,1000,70.57,1000,70.56,1000,70.55,1500,70.54,1000,70.53,1000,70.52,1200,70.51,1000,70.5,2100,70.62,1600,70.63,2100,70.64,1700,70.65,1300,70.66,1800,70.67,2200,70.68,1000,70.69,400,70.7,1200,70.71,1600
2026-01-16 09:36:35,70.605,70.61,1,70.59,3200,70.62,1600,70.62,70.59,70.59,3200,70.58,1000,70.57,1000,70.56,1000,70.55,1500,70.54,1000,70.53,1000,70.52,1200,70.51,1000,70.5,2100,70.62,1600,70.63,2100,70.64,1700,70.65,1300,70.66,1800,70.67,2200,70.68,1000,70.69,400,70.7,1200,70.71,1600
2026-01-16 09:36:36,70.6,70.61,1,70.59,2900,70.61,800,70.61,70.59,70.59,2900,70.58,1000,70.57,1000,70.56,1000,70.55,1500,70.54,1000,70.53,1000,70.52,1200,70.51,1000,70.5,2100,70.61,800,70.62,1600,70.63,2100,70.64,1700,70.65,1300,70.66,1800,70.67,2200,70.68,1000,70.69,400,70.7,1200
2026-01-16 09:36:37,70.63,70.63,2,70.62,1700,70.64,1800,70.64,70.62,70.62,1700,70.61,1700,70.6,1200,70.59,2900,70.58,1000,70.57,1000,70.56,1000,70.55,1500,70.54,1000,70.53,1000,70.64,1800,70.65,1300,70.66,1800,70.67,2200,70.68,1000,70.69,400,70.7,1200,70.71,1600,70.72,400,,
2026-01-16 09:36:38,70.63,70.63,1,70.62,1600,70.64,1300,70.64,70.62,70.62,1600,70.61,1700,70.6,1200,70.59,2900,70.58,1000,70.57,1000,70.56,1000,70.55,1500,70.54,1000,70.53,1000,70.64,1300,70.65,1300,70.66,1800,70.67,2200,70.68,1000,70.69,400,70.7,1200,70.71,1600,70.72,400,,
2026-01-16 09:36:39,70.63,70.63,1,70.62,2700,70.64,1400,70.64,70.62,70.62,2700,70.61,1700,70.6,1200,70.59,2900,70.58,1000,70.57,1000,70.56,1000,70.55,1500,70.54,1000,70.53,1000,70.64,1400,70.65,1300,70.66,1800,70.67,2200,70.68,1000,70.69,400,70.7,1200,70.71,1600,70.72,400,,
2026-01-16 09:36:40,70.63,70.63,1,70.62,2700,70.64,1400,70.64,70.62,70.62,2700,70.61,1700,70.6,1200,70.59,2900,70.58,1000,70.57,1000,70.56,1000,70.55,1500,70.54,1000,70.53,1000,70.64,1400,70.65,1300,70.66,1800,70.67,2200,70.68,1000,70.69,400,70.7,1200,70.71,1600,70.72,400,,
2026-01-16 09:36:41,70.63,70.63,1,70.62,2600,70.64,1300,70.64,70.62,70.62,2600,70.61,1700,70.6,1200,70.59,2900,70.58,1000,70.57,1000,70.56,1000,70.55,1500,70.54,1000,70.53,1000,70.64,1300,70.65,1300,70.66,1800,70.67,2200,70.68,1000,70.69,400,70.7,1200,70.71,1600,70.72,400,,
2026-01-16 09:36:42,70.63,70.63,1,70.62,2600,70.64,1300,70.64,70.62,70.62,2600,70.61,1700,70.6,1200,70.59,2900,70.58,1000,70.57,1000,70.56,1000,70.55,1500,70.54,1000,70.53,1000,70.64,1300,70.65,1300,70.66,1800,70.67,2200,70.68,1000,70.69,400,70.7,1200,70.71,1600,70.72,400,,
2026-01-16 09:36:43,70.63,70.63,1,70.62,2700,70.64,1300,70.64,70.62,70.62,2700,70.61,1700,70.6,1200,70.59,2900,70.58,1000,70.57,1000,70.56,1000,70.55,1500,70.54,1000,70.53,1000,70.64,1300,70.65,1300,70.66,1800,70.67,2200,70.68,1000,70.69,400,70.7,1200,70.71,1600,70.72,400,,
2026-01-16 09:36:44,70.63,70.63,1,70.62,2900,70.64,1400,70.64,70.62,70.62,2900,70.61,1700,70.6,1200,70.59,2900,70.58,1000,70.57,1000,70.56,1000,70.55,1500,70.54,1000,70.53,1000,70.64,1400,70.65,1300,70.66,1800,70.67,2200,70.68,1000,70.69,400,70.7,1200,70.71,1600,70.72,400,,
2026-01-16 09:36:45,70.63,70.63,5,70.62,2900,70.64,900,70.64,70.62,70.62,2900,70.61,1700,70.6,1200,70.59,2900,70.58,1000,70.57,1000,70.56,1000,70.55,1500,70.54,1000,70.53,1000,70.64,900,70.65,1300,70.66,1800,70.67,2200,70.68,1000,70.69,400,70.7,1200,70.71,1600,70.72,400,,
2026-01-16 09:36:46,70.63,70.63,5,70.62,2800,70.64,900,70.64,70.62,70.62,2800,70.61,1700,70.6,1200,70.59,2900,70.58,1000,70.57,1000,70.56,1000,70.55,1500,70.54,1000,70.53,1000,70.64,900,70.65,1300,70.66,1800,70.67,2200,70.68,1000,70.69,400,70.7,1200,70.71,1600,70.72,400,,
2026-01-16 09:36:47,70.63,70.64,2,70.62,2900,70.64,800,70.64,70.62,70.62,2900,70.61,1700,70.6,1200,70.59,2900,70.58,1000,70.57,1000,70.56,1000,70.55,1500,70.54,1000,70.53,1000,70.64,800,70.65,1300,70.66,1800,70.67,2200,70.68,1000,70.69,400,70.7,1200,70.71,1600,70.72,400,,
2026-01-16 09:36:48,70.63,70.63,1,70.62,2900,70.64,800,70.64,70.62,70.62,2900,70.61,1700,70.6,1200,70.59,2900,70.58,1000,70.57,1000,70.56,1000,70.55,1500,70.54,1000,70.53,1000,70.64,800,70.65,1300,70.66,1800,70.67,2200,70.68,1000,70.69,400,70.7,1200,70.71,1600,70.72,400,,
2026-01-16 09:36:49,70.63,70.63,1,70.62,2800,70.64,1400,70.64,70.62,70.62,2800,70.61,1700,70.6,1200,70.59,2900,70.58,1000,70.57,1000,70.56,1000,70.55,1500,70.54,1000,70.53,1000,70.64,1400,70.65,1300,70.66,1800,70.67,2200,70.68,1000,70.69,400,70.7,1200,70.71,1600,70.72,400,,
2026-01-16 09:36:50,70.625,70.63,1,70.62,2800,70.63,200,70.63,70.62,70.62,2800,70.61,1700,70.6,1200,70.59,2900,70.58,1000,70.57,1000,70.56,1000,70.55,1500,70.54,1000,70.53,1000,70.63,200,70.64,1600,70.65,1300,70.66,1800,70.67,2200,70.68,1000,70.69,400,70.7,1200,70.71,1600,70.72,400
2026-01-16 09:36:51,70.625,70.63,3,70.62,2900,70.63,200,70.63,70.62,70.62,2900,70.61,1700,70.6,1200,70.59,2900,70.58,1000,70.57,1000,70.56,1000,70.55,1500,70.54,1000,70.53,1000,70.63,200,70.64,1600,70.65,1300,70.66,1800,70.67,2200,70.68,1000,70.69,400,70.7,1200,70.71,1600,70.72,400
2026-01-16 09:36:52,70.625,70.63,3,70.62,2900,70.63,400,70.63,70.62,70.62,2900,70.61,1700,70.6,1200,70.59,2900,70.58,1000,70.57,1000,70.56,1000,70.55,1500,70.54,1000,70.53,1000,70.63,400,70.64,1600,70.65,1300,70.66,1800,70.67,2200,70.68,1000,70.69,400,70.7,1200,70.71,1600,70.72,400
2026-01-16 09:36:53,70.57,70.57,1,70.56,1000,70.58,1600,70.58,70.56,70.56,1000,70.55,1500,70.54,1000,70.53,1000,70.52,1200,70.51,1000,70.5,2100,70.49,2100,70.48,800,70.47,700,70.58,1600,70.59,1000,70.6,1600,70.61,600,70.62,800,70.63,1200,70.64,1600,70.65,1300,70.66,1800,70.67,2200
2026-01-16 09:36:54,70.565,70.56,1,70.55,2000,70.58,1600,70.58,70.55,70.55,2000,70.54,1500,70.53,1000,70.52,1200,70.51,1000,70.5,2100,70.49,2100,70.48,800,70.47,700,70.46,800,70.58,1600,70.59,1000,70.6,1600,70.61,600,70.62,800,70.63,1200,70.64,1600,70.65,1300,70.66,1800,70.67,2200
2026-01-16 09:36:55,70.585,70.6,1,70.57,1800,70.6,1200,70.6,70.57,70.57,1800,70.56,100,70.55,2000,70.54,1500,70.53,1000,70.52,1200,70.51,1000,70.5,2100,70.49,2100,70.48,800,70.6,1200,70.61,600,70.62,800,70.63,1200,70.64,1600,70.65,1300,70.66,1800,70.67,2200,70.68,1000,70.69,400
2026-01-16 09:36:56,70.595,70.6,1,70.58,1100,70.61,1000,70.61,70.58,70.58,1100,70.57,2100,70.56,100,70.55,2000,70.54,1500,70.53,1000,70.52,1200,70.51,1000,70.5,2100,70.49,2100,70.61,1000,70.62,800,70.63,1200,70.64,1600,70.65,1300,70.66,1800,70.67,2200,70.68,1000,70.69,400,70.7,1200
2026-01-16 09:36:57,70.595,70.6,1,70.58,1100,70.61,1100,70.61,70.58,70.58,1100,70.57,2100,70.56,100,70.55,2000,70.54,1500,70.53,1000,70.52,1200,70.51,1000,70.5,2100,70.49,2100,70.61,1100,70.62,800,70.63,1200,70.64,1600,70.65,1300,70.66,1800,70.67,2200,70.68,1000,70.69,400,70.7,1200
2026-01-16 09:36:58,70.595,70.59,1,70.58,700,70.61,1300,70.61,70.58,70.58,700,70.57,2100,70.56,100,70.55,2000,70.54,1500,70.53,1000,70.52,1200,70.51,1000,70.5,2100,70.49,2100,70.61,1300,70.62,800,70.63,1200,70.64,1600,70.65,1300,70.66,1800,70.67,2200,70.68,1000,70.69,400,70.7,1200
2026-01-16 09:36:59,70.595,70.59,1,70.58,1000,70.61,1300,70.61,70.58,70.58,1000,70.57,2100,70.56,100,70.55,2000,70.54,1500,70.53,1000,70.52,1200,70.51,1000,70.5,2100,70.49,2100,70.61,1300,70.62,800,70.63,1200,70.64,1600,70.65,1300,70.66,1800,70.67,2200,70.68,1000,70.69,400,70.7,1200
2026-01-16 09:37:00,70.595,70.59,1,70.58,1200,70.61,1400,70.61,70.58,70.58,1200,70.57,2100,70.56,100,70.55,2000,70.54,1500,70.53,1000,70.52,1200,70.51,1000,70.5,2100,70.49,2100,70.61,1400,70.62,800,70.63,1200,70.64,1600,70.65,1300,70.66,1800,70.67,2200,70.68,1000,70.69,400,70.7,1200
2026-01-16 09:37:01,70.57,70.57,1,70.56,1600,70.58,1200,70.58,70.56,70.56,1600,70.55,2000,70.54,1500,70.53,1000,70.52,1200,70.51,1000,70.5,2100,70.49,2100,70.48,800,70.47,700,70.58,1200,70.59,700,70.6,100,70.61,1400,70.62,800,70.63,1200,70.64,1600,70.65,1300,70.66,1800,70.67,2200
2026-01-16 09:37:02,70.57,70.57,1,70.56,1300,70.58,1200,70.58,70.56,70.56,1300,70.55,2000,70.54,1500,70.53,1000,70.52,1200,70.51,1000,70.5,2100,70.49,2100,70.48,800,70.47,700,70.58,1200,70.59,700,70.6,100,70.61,1400,70.62,800,70.63,1200,70.64,1600,70.65,1300,70.66,1800,70.67,2200
2026-01-16 09:37:03,70.57,70.57,2,70.56,1300,70.58,1200,70.58,70.56,70.56,1300,70.55,2000,70.54,1500,70.53,1000,70.52,1200,70.51,1000,70.5,2100,70.49,2100,70.48,800,70.47,700,70.58,1200,70.59,700,70.6,100,70.61,1400,70.62,800,70.63,1200,70.64,1600,70.65,1300,70.66,1800,70.67,2200
