sim_time,mid_price,last_price,last_size,best_bid_price,best_bid_size,best_ask_price,best_ask_size,close_price_buy,close_price_sell,bid1_price,bid1_size,bid2_price,bid2_size,bid3_price,bid3_size,bid4_price,bid4_size,bid5_price,bid5_size,bid6_price,bid6_size,bid7_price,bid7_size,bid8_price,bid8_size,bid9_price,bid9_size,bid10_price,bid10_size,ask1_price,ask1_size,ask2_price,ask2_size,ask3_price,ask3_size,ask4_price,ask4_size,ask5_price,ask5_size,ask6_price,ask6_size,ask7_price,ask7_size,ask8_price,ask8_size,ask9_price,ask9_size,ask10_price,ask10_size
2026-01-16 09:30:36,307.66,307.1,124,307.39,120,307.93,280,307.93,307.39,307.39,120,307.29,40,307.27,240,307.25,40,307.24,40,307.23,40,307.22,40,307.19,80,307.18,80,307.17,40,307.93,280,307.99,160,308.0,640,,,,,,,,,,,,,,
2026-01-16 09:30:37,307.66,307.1,124,307.39,120,307.93,280,307.93,307.39,307.39,120,307.29,40,307.27,240,307.25,40,307.24,40,307.23,40,307.22,40,307.19,80,307.18,80,307.17,40,307.93,280,307.99,160,308.0,640,,,,,,,,,,,,,,
2026-01-16 09:30:38,307.66,307.1,124,307.39,120,307.93,280,307.93,307.39,307.39,120,307.29,40,307.27,240,307.25,40,307.24,40,307.23,40,307.22,40,307.19,80,307.18,80,307.17,40,307.93,280,307.99,160,308.0,640,,,,,,,,,,,,,,
2026-01-16 09:30:38,307.66,307.1,124,307.39,120,307.93,280,307.93,307.39,307.39,120,307.29,40,307.27,240,307.25,40,307.24,40,307.23,40,307.22,40,307.19,80,307.18,80,307.17,40,307.93,280,307.99,160,308.0,640,,,,,,,,,,,,,,
2026-01-16 09:30:39,307.66,307.66,1,307.39,120,307.93,280,307.93,307.39,307.39,120,307.29,40,307.27,240,307.25,40,307.24,40,307.23,40,307.22,40,307.19,80,307.18,80,307.17,40,307.93,280,307.99,160,308.0,640,,,,,,,,,,,,,,
2026-01-16 09:30:39,307.66,307.66,1,307.39,120,307.93,280,307.93,307.39,307.39,120,307.29,40,307.27,240,307.25,40,307.24,40,307.23,40,307.22,40,307.19,80,307.18,80,307.17,40,307.93,280,307.99,160,308.0,640,,,,,,,,,,,,,,
2026-01-16 09:30:41,307.66,307.66,1,307.39,120,307.93,280,307.93,307.39,307.39,120,307.29,40,307.27,240,307.25,40,307.24,40,307.23,40,307.22,40,307.19,80,307.18,80,307.17,40,307.93,280,307.99,160,308.0,640,,,,,,,,,,,,,,
2026-01-16 09:30:43,307.66,307.66,1,307.39,120,307.93,280,307.93,307.39,307.39,120,307.29,40,307.27,240,307.25,40,307.24,40,307.23,40,307.22,40,307.19,80,307.18,80,307.17,40,307.93,280,307.99,160,308.0,640,,,,,,,,,,,,,,
2026-01-16 09:30:44,307.66,307.66,1,307.39,120,307.93,280,307.93,307.39,307.39,120,307.29,40,307.27,240,307.25,40,307.24,40,307.23,40,307.22,40,307.19,80,307.18,80,307.17,40,307.93,280,307.99,160,308.0,640,,,,,,,,,,,,,,
2026-01-16 09:30:45,307.66,307.66,1,307.39,120,307.93,280,307.93,307.39,307.39,120,307.29,40,307.27,240,307.25,40,307.24,40,307.23,40,307.22,40,307.19,80,307.18,80,307.17,40,307.93,280,307.99,160,308.0,640,,,,,,,,,,,,,,
2026-01-16 09:30:46,307.665,307.66,1,307.4,40,307.93,280,307.93,307.4,307.4,40,307.39,120,307.29,40,307.27,240,307.25,40,307.24,40,307.23,40,307.22,40,307.19,80,307.18,80,307.93,280,307.99,160,308.0,640,,,,,,,,,,,,,,
2026-01-16 09:30:47,307.665,307.66,1,307.4,40,307.93,280,307.93,307.4,307.4,40,307.39,120,307.29,40,307.27,240,307.25,40,307.24,40,307.23,40,307.22,40,307.19,80,307.18,80,307.93,280,307.99,160,308.0,640,,,,,,,,,,,,,,
2026-01-16 09:30:48,307.66,307.66,1,307.4,160,307.92,160,307.92,307.4,307.4,160,307.39,120,307.29,40,307.27,240,307.25,40,307.24,40,307.23,40,307.22,40,307.19,80,307.18,80,307.92,160,307.93,280,307.99,160,308.0,640,,,,,,,,,,,,
2026-01-16 09:30:49,307.66,307.66,1,307.4,160,307.92,160,307.92,307.4,307.4,160,307.39,120,307.29,40,307.27,240,307.25,40,307.24,40,307.23,40,307.22,40,307.19,80,307.18,80,307.92,160,307.93,280,307.99,160,308.0,640,,,,,,,,,,,,
2026-01-16 09:30:50,307.66,307.66,1,307.4,160,307.92,160,307.92,307.4,307.4,160,307.39,120,307.29,40,307.27,240,307.25,40,307.24,40,307.23,40,307.22,40,307.19,80,307.18,80,307.92,160,307.93,280,307.99,160,308.0,640,,,,,,,,,,,,
2026-01-16 09:30:51,307.66,307.66,1,307.4,80,307.92,120,307.92,307.4,307.4,80,307.39,120,307.29,40,307.27,240,307.25,40,307.24,40,307.23,40,307.22,40,307.19,80,307.18,80,307.92,120,307.93,280,307.99,160,308.0,640,,,,,,,,,,,,
2026-01-16 09:30:52,307.66,307.66,1,307.4,80,307.92,120,307.92,307.4,307.4,80,307.39,120,307.29,40,307.27,240,307.25,40,307.24,40,307.23,40,307.22,40,307.19,80,307.18,80,307.92,120,307.93,280,307.99,160,308.0,640,,,,,,,,,,,,
2026-01-16 09:30:53,307.66,307.66,1,307.4,80,307.92,120,307.92,307.4,307.4,80,307.39,120,307.29,40,307.27,240,307.25,40,307.24,40,307.23,40,307.22,40,307.19,80,307.18,80,307.92,120,307.93,280,307.99,160,308.0,640,,,,,,,,,,,,
2026-01-16 09:30:54,307.66,307.66,1,307.4,80,307.92,120,307.92,307.4,307.4,80,307.39,120,307.29,40,307.27,240,307.25,40,307.24,40,307.23,40,307.22,40,307.19,80,307.18,80,307.92,120,307.93,280,307.99,160,308.0,640,,,,,,,,,,,,
2026-01-16 09:30:55,307.66,307.66,1,307.4,80,307.92,120,307.92,307.4,307.4,80,307.39,120,307.29,40,307.27,240,307.25,40,307.24,40,307.23,40,307.22,40,307.19,80,307.18,80,307.92,120,307.93,280,307.99,160,308.0,640,,,,,,,,,,,,
2026-01-16 09:30:56,307.66,307.66,1,307.4,80,307.92,120,307.92,307.4,307.4,80,307.39,120,307.29,40,307.27,240,307.25,40,307.24,40,307.23,40,307.22,40,307.19,80,307.18,80,307.92,120,307.93,280,307.99,160,308.0,640,,,,,,,,,,,,
2026-01-16 09:30:57,307.66,307.66,1,307.4,80,307.92,120,307.92,307.4,307.4,80,307.39,120,307.29,40,307.27,240,307.25,40,307.24,40,307.23,40,307.22,40,307.19,80,307.18,80,307.92,120,307.93,280,307.99,160,308.0,640,,,,,,,,,,,,
2026-01-16 09:30:58,307.66,307.66,1,307.4,80,307.92,120,307.92,307.4,307.4,80,307.39,120,307.29,40,307.27,240,307.25,40,307.24,40,307.23,40,307.22,40,307.19,80,307.18,80,307.92,120,307.93,280,307.99,160,308.0,640,,,,,,,,,,,,
2026-01-16 09:30:59,307.66,307.66,1,307.4,80,307.92,120,307.92,307.4,307.4,80,307.39,120,307.29,40,307.27,240,307.25,40,307.24,40,307.23,40,307.22,40,307.19,80,307.18,80,307.92,120,307.93,280,307.99,160,308.0,640,,,,,,,,,,,,
2026-01-16 09:31:00,307.66,307.66,1,307.4,80,307.92,120,307.92,307.4,307.4,80,307.39,120,307.29,40,307.27,240,307.25,40,307.24,40,307.23,40,307.22,40,307.19,80,307.18,80,307.92,120,307.93,280,307.99,160,308.0,640,,,,,,,,,,,,
2026-01-16 09:31:01,307.66,307.66,1,307.4,80,307.92,120,307.92,307.4,307.4,80,307.39,120,307.29,40,307.27,240,307.25,40,307.24,40,307.23,40,307.22,40,307.19,80,307.18,80,307.92,120,307.93,280,307.99,160,308.0,640,,,,,,,,,,,,
2026-01-16 09:31:02,307.66,307.66,1,307.4,80,307.92,120,307.92,307.4,307.4,80,307.39,120,307.29,40,307.27,240,307.25,40,307.24,40,307.23,40,307.22,40,307.19,80,307.18,80,307.92,120,307.93,280,307.99,160,308.0,640,,,,,,,,,,,,
2026-01-16 09:31:03,307.66,307.66,1,307.4,80,307.92,120,307.92,307.4,307.4,80,307.39,120,307.29,40,307.27,240,307.25,40,307.24,40,307.23,40,307.22,40,307.19,80,307.18,80,307.92,120,307.93,280,307.99,160,308.0,640,,,,,,,,,,,,
2026-01-16 09:31:04,307.66,307.66,1,307.4,80,307.92,120,307.92,307.4,307.4,80,307.39,120,307.29,40,307.27,240,307.25,40,307.24,40,307.23,40,307.22,40,307.19,80,307.18,80,307.92,120,307.93,280,307.99,160,308.0,640,,,,,,,,,,,,
2026-01-16 09:31:05,307.66,307.66,1,307.4,80,307.92,120,307.92,307.4,307.4,80,307.39,120,307.29,40,307.27,240,307.25,40,307.24,40,307.23,40,307.22,40,307.19,80,307.18,80,307.92,120,307.93,280,307.99,160,308.0,640,,,,,,,,,,,,
2026-01-16 09:31:06,307.66,307.66,1,307.4,80,307.92,200,307.92,307.4,307.4,80,307.39,120,307.29,40,307.27,240,307.25,40,307.24,40,307.23,40,307.22,40,307.19,80,307.18,80,307.92,200,307.93,280,307.99,160,308.0,640,,,,,,,,,,,,
2026-01-16 09:31:07,307.66,307.66,1,307.4,160,307.92,200,307.92,307.4,307.4,160,307.39,120,307.29,40,307.27,240,307.25,40,307.24,40,307.23,40,307.22,40,307.19,80,307.18,80,307.92,200,307.93,280,307.99,160,308.0,640,,,,,,,,,,,,
2026-01-16 09:31:08,307.66,307.66,1,307.4,160,307.92,200,307.92,307.4,307.4,160,307.39,120,307.29,40,307.27,240,307.25,40,307.24,40,307.23,40,307.22,40,307.19,80,307.18,80,307.92,200,307.93,280,307.99,160,308.0,640,,,,,,,,,,,,
2026-01-16 09:31:09,307.66,307.66,1,307.4,160,307.92,200,307.92,307.4,307.4,160,307.39,120,307.29,40,307.27,240,307.25,40,307.24,40,307.23,40,307.22,40,307.19,80,307.18,80,307.92,200,307.93,280,307.99,160,308.0,640,,,,,,,,,,,,
2026-01-16 09:31:10,307.66,307.66,1,307.4,160,307.92,200,307.92,307.4,307.4,160,307.39,120,307.29,40,307.27,240,307.25,40,307.24,40,307.23,40,307.22,40,307.19,80,307.18,80,307.92,200,307.93,280,307.99,160,308.0,640,,,,,,,,,,,,
2026-01-16 09:31:11,307.66,307.66,1,307.4,160,307.92,200,307.92,307.4,307.4,160,307.39,120,307.29,40,307.27,240,307.25,40,307.24,40,307.23,40,307.22,40,307.19,80,307.18,80,307.92,200,307.93,280,307.99,160,308.0,640,,,,,,,,,,,,
2026-01-16 09:31:12,307.66,307.66,1,307.4,160,307.92,200,307.92,307.4,307.4,160,307.39,120,307.29,40,307.27,240,307.25,40,307.24,40,307.23,40,307.22,40,307.19,80,307.18,80,307.92,200,307.93,280,307.99,160,308.0,640,,,,,,,,,,,,
2026-01-16 09:31:13,307.66,307.66,1,307.4,160,307.92,200,307.92,307.4,307.4,160,307.39,120,307.29,40,307.27,240,307.25,40,307.24,40,307.23,40,307.22,40,307.19,80,307.18,80,307.92,200,307.93,280,307.99,160,308.0,640,,,,,,,,,,,,
2026-01-16 09:31:14,307.66,307.66,1,307.4,160,307.92,200,307.92,307.4,307.4,160,307.39,120,307.29,40,307.27,240,307.25,40,307.24,40,307.23,40,307.22,40,307.19,80,307.18,80,307.92,200,307.93,280,307.99,160,308.0,640,,,,,,,,,,,,
2026-01-16 09:31:15,307.615,307.66,1,307.4,160,307.83,200,307.83,307.4,307.4,160,307.39,120,307.29,40,307.27,240,307.25,40,307.24,40,307.23,40,307.22,40,307.19,80,307.18,80,307.83,200,307.92,240,307.93,280,307.99,160,308.0,640,,,,,,,,,,
2026-01-16 09:31:16,307.615,307.66,1,307.4,160,307.83,200,307.83,307.4,307.4,160,307.39,120,307.29,40,307.27,240,307.25,40,307.24,40,307.23,40,307.22,40,307.19,80,307.18,80,307.83,200,307.92,240,307.93,280,307.99,160,308.0,640,,,,,,,,,,
2026-01-16 09:31:17,307.615,307.66,1,307.4,160,307.83,200,307.83,307.4,307.4,160,307.39,120,307.29,40,307.27,240,307.25,40,307.24,40,307.23,40,307.22,40,307.19,80,307.18,80,307.83,200,307.92,240,307.93,280,307.99,160,308.0,640,,,,,,,,,,
2026-01-16 09:31:18,307.615,307.66,1,307.4,160,307.83,200,307.83,307.4,307.4,160,307.39,120,307.29,40,307.27,240,307.25,40,307.24,40,307.23,40,307.22,40,307.19,80,307.18,80,307.83,200,307.92,240,307.93,280,307.99,160,308.0,640,,,,,,,,,,
2026-01-16 09:31:19,307.615,307.66,1,307.4,160,307.83,200,307.83,307.4,307.4,160,307.39,120,307.29,40,307.27,240,307.25,40,307.24,40,307.23,40,307.22,40,307.19,80,307.18,80,307.83,200,307.92,240,307.93,280,307.99,160,308.0,640,,,,,,,,,,
2026-01-16 09:31:20,307.615,307.66,1,307.4,160,307.83,200,307.83,307.4,307.4,160,307.39,120,307.29,40,307.27,240,307.25,40,307.24,40,307.23,40,307.22,40,307.19,80,307.18,80,307.83,200,307.92,240,307.93,280,307.99,160,308.0,640,,,,,,,,,,
2026-01-16 09:31:21,307.615,307.66,1,307.4,160,307.83,200,307.83,307.4,307.4,160,307.39,120,307.29,40,307.27,240,307.25,40,307.24,40,307.23,40,307.22,40,307.19,80,307.18,80,307.83,200,307.92,240,307.93,280,307.99,160,308.0,640,,,,,,,,,,
2026-01-16 09:31:22,307.615,307.66,1,307.4,160,307.83,200,307.83,307.4,307.4,160,307.39,120,307.29,40,307.27,240,307.25,40,307.24,40,307.23,40,307.22,40,307.19,80,307.18,80,307.83,200,307.92,240,307.93,280,307.99,160,308.0,640,,,,,,,,,,
2026-01-16 09:31:23,307.615,307.66,1,307.4,160,307.83,200,307.83,307.4,307.4,160,307.39,120,307.29,40,307.27,240,307.25,40,307.24,40,307.23,40,307.22,40,307.19,80,307.18,80,307.83,200,307.92,240,307.93,280,307.99,160,308.0,640,,,,,,,,,,
2026-01-16 09:31:24,307.615,307.66,1,307.4,160,307.83,200,307.83,307.4,307.4,160,307.39,120,307.29,40,307.27,240,307.25,40,307.24,40,307.23,40,307.22,40,307.19,80,307.18,80,307.83,200,307.92,240,307.93,280,307.99,160,308.0,640,,,,,,,,,,
2026-01-16 09:31:25,307.615,307.66,1,307.4,160,307.83,200,307.83,307.4,307.4,160,307.39,120,307.29,40,307.27,240,307.25,40,307.24,40,307.23,40,307.22,40,307.19,80,307.18,80,307.83,200,307.92,240,307.93,280,307.99,160,308.0,640,,,,,,,,,,
2026-01-16 09:31:26,307.615,307.66,1,307.4,160,307.83,200,307.83,307.4,307.4,160,307.39,120,307.29,40,307.27,240,307.25,40,307.24,40,307.23,40,307.22,40,307.19,80,307.18,80,307.83,200,307.92,240,307.93,280,307.99,160,308.0,640,,,,,,,,,,
2026-01-16 09:31:27,307.615,307.66,1,307.4,160,307.83,200,307.83,307.4,307.4,160,307.39,120,307.29,40,307.27,240,307.25,40,307.24,40,307.23,40,307.22,40,307.19,80,307.18,80,307.83,200,307.92,240,307.93,280,307.99,160,308.0,640,,,,,,,,,,
2026-01-16 09:31:28,307.615,307.66,1,307.4,160,307.83,200,307.83,307.4,307.4,160,307.39,120,307.29,40,307.27,240,307.25,40,307.24,40,307.23,40,307.22,40,307.19,80,307.18,80,307.83,200,307.92,240,307.93,280,307.99,160,308.0,640,,,,,,,,,,
2026-01-16 09:31:29,307.615,307.66,1,307.4,160,307.83,200,307.83,307.4,307.4,160,307.39,120,307.29,40,307.27,240,307.25,40,307.24,40,307.23,40,307.22,40,307.19,80,307.18,80,307.83,200,307.92,240,307.93,280,307.99,160,308.0,640,,,,,,,,,,
2026-01-16 09:31:30,307.615,307.66,1,307.4,160,307.83,200,307.83,307.4,307.4,160,307.39,120,307.29,40,307.27,240,307.25,40,307.24,40,307.23,40,307.22,40,307.19,80,307.18,80,307.83,200,307.92,240,307.93,280,307.99,160,308.0,640,,,,,,,,,,
2026-01-16 09:31:31,307.62,307.66,1,307.41,40,307.83,200,307.83,307.41,307.41,40,307.4,160,307.39,120,307.29,40,307.27,240,307.25,40,307.24,40,307.23,40,307.22,40,307.19,80,307.83,200,307.92,240,307.93,280,307.99,160,308.0,640,,,,,,,,,,
2026-01-16 09:31:32,307.62,307.66,1,307.41,40,307.83,200,307.83,307.41,307.41,40,307.4,160,307.39,120,307.29,40,307.27,240,307.25,40,307.24,40,307.23,40,307.22,40,307.19,80,307.83,200,307.92,240,307.93,280,307.99,160,308.0,640,,,,,,,,,,
2026-01-16 09:31:33,307.62,307.66,1,307.41,200,307.83,200,307.83,307.41,307.41,200,307.4,160,307.39,120,307.29,40,307.27,240,307.25,40,307.24,40,307.23,40,307.22,40,307.19,80,307.83,200,307.92,240,307.93,280,307.99,160,308.0,640,,,,,,,,,,
2026-01-16 09:31:34,307.62,307.66,1,307.41,200,307.83,200,307.83,307.41,307.41,200,307.4,160,307.39,120,307.29,40,307.27,240,307.25,40,307.24,40,307.23,40,307.22,40,307.19,80,307.83,200,307.92,240,307.93,280,307.99,160,308.0,640,,,,,,,,,,
2026-01-16 09:31:35,307.62,307.66,1,307.41,200,307.83,200,307.83,307.41,307.41,200,307.4,160,307.39,120,307.29,40,307.27,240,307.25,40,307.24,40,307.23,40,307.22,40,307.19,80,307.83,200,307.92,240,307.93,280,307.99,160,308.0,640,,,,,,,,,,
2026-01-16 09:31:36,307.62,307.66,1,307.41,200,307.83,200,307.83,307.41,307.41,200,307.4,160,307.39,120,307.29,40,307.27,240,307.25,40,307.24,40,307.23,40,307.22,40,307.19,80,307.83,200,307.92,240,307.93,280,307.99,160,308.0,640,,,,,,,,,,
2026-01-16 09:31:37,307.62,307.66,1,307.41,200,307.83,200,307.83,307.41,307.41,200,307.4,160,307.39,120,307.29,40,307.27,240,307.25,40,307.24,40,307.23,40,307.22,40,307.19,80,307.83,200,307.92,240,307.93,280,307.99,160,308.0,640,,,,,,,,,,
2026-01-16 09:31:38,307.62,307.66,1,307.41,200,307.83,200,307.83,307.41,307.41,200,307.4,160,307.39,120,307.29,40,307.27,240,307.25,40,307.24,40,307.23,40,307.22,40,307.19,80,307.83,200,307.92,240,307.93,280,307.99,160,308.0,640,,,,,,,,,,
2026-01-16 09:31:39,307.62,307.66,1,307.41,200,307.83,200,307.83,307.41,307.41,200,307.4,160,307.39,120,307.29,40,307.27,240,307.25,40,307.24,40,307.23,40,307.22,40,307.19,80,307.83,200,307.92,240,307.93,280,307.99,160,308.0,640,,,,,,,,,,
2026-01-16 09:31:40,307.62,307.66,1,307.41,200,307.83,200,307.83,307.41,307.41,200,307.4,160,307.39,120,307.29,40,307.27,240,307.25,40,307.24,40,307.23,40,307.22,40,307.19,80,307.83,200,307.92,240,307.93,280,307.99,160,308.0,640,,,,,,,,,,
2026-01-16 09:31:41,307.62,307.66,1,307.41,200,307.83,200,307.83,307.41,307.41,200,307.4,160,307.39,120,307.29,40,307.27,240,307.25,40,307.24,40,307.23,40,307.22,40,307.19,80,307.83,200,307.92,240,307.93,280,307.99,160,308.0,640,,,,,,,,,,
2026-01-16 09:31:42,307.715,307.91,3,307.46,40,307.97,120,307.97,307.46,307.46,40,307.41,320,307.4,160,307.39,120,307.29,40,307.27,240,307.25,40,307.24,40,307.23,40,307.22,40,307.97,120,308.0,1360,,,,,,,,,,,,,,,,
2026-01-16 09:31:43,307.69,307.91,3,307.41,280,307.97,120,307.97,307.41,307.41,280,307.4,160,307.39,120,307.29,40,307.27,240,307.25,40,307.24,40,307.23,40,307.22,40,307.19,80,307.97,120,308.0,1360,,,,,,,,,,,,,,,,
2026-01-16 09:31:44,307.71,307.91,3,307.42,40,308.0,1360,308.0,307.42,307.42,40,307.41,360,307.4,160,307.39,120,307.29,40,307.27,240,307.25,40,307.24,40,307.23,40,307.22,40,308.0,1360,,,,,,,,,,,,,,,,,,
2026-01-16 09:31:45,307.71,307.91,3,307.42,40,308.0,1360,308.0,307.42,307.42,40,307.41,360,307.4,160,307.39,120,307.29,40,307.27,240,307.25,40,307.24,40,307.23,40,307.22,40,308.0,1360,,,,,,,,,,,,,,,,,,
2026-01-16 09:31:46,307.69,307.91,3,307.41,320,307.97,40,307.97,307.41,307.41,320,307.4,160,307.39,120,307.29,40,307.27,240,307.25,40,307.24,40,307.23,40,307.22,40,307.19,80,307.97,40,308.0,1360,,,,,,,,,,,,,,,,
2026-01-16 09:31:47,307.69,307.91,3,307.41,320,307.97,40,307.97,307.41,307.41,320,307.4,160,307.39,120,307.29,40,307.27,240,307.25,40,307.24,40,307.23,40,307.22,40,307.19,80,307.97,40,308.0,1360,,,,,,,,,,,,,,,,
2026-01-16 09:31:48,307.69,307.91,3,307.41,320,307.97,80,307.97,307.41,307.41,320,307.4,160,307.39,120,307.29,40,307.27,240,307.25,40,307.24,40,307.23,40,307.22,40,307.19,80,307.97,80,308.0,1360,,,,,,,,,,,,,,,,
2026-01-16 09:31:49,307.69,307.91,3,307.41,320,307.97,80,307.97,307.41,307.41,320,307.4,160,307.39,120,307.29,40,307.27,240,307.25,40,307.24,40,307.23,40,307.22,40,307.19,80,307.97,80,308.0,1360,,,,,,,,,,,,,,,,
2026-01-16 09:31:50,307.69,307.91,3,307.41,320,307.97,80,307.97,307.41,307.41,320,307.4,160,307.39,120,307.29,40,307.27,240,307.25,40,307.24,40,307.23,40,307.22,40,307.19,80,307.97,80,308.0,1360,,,,,,,,,,,,,,,,
2026-01-16 09:31:51,307.69,307.91,3,307.41,320,307.97,80,307.97,307.41,307.41,320,307.4,160,307.39,120,307.29,40,307.27,240,307.25,40,307.24,40,307.23,40,307.22,40,307.19,80,307.97,80,308.0,1360,,,,,,,,,,,,,,,,
2026-01-16 09:31:52,307.695,307.91,3,307.42,40,307.97,80,307.97,307.42,307.42,40,307.41,320,307.4,160,307.39,120,307.29,40,307.27,240,307.25,40,307.24,40,307.23,40,307.22,40,307.97,80,308.0,1360,,,,,,,,,,,,,,,,
2026-01-16 09:31:53,307.695,307.91,3,307.42,40,307.97,80,307.97,307.42,307.42,40,307.41,320,307.4,160,307.39,120,307.29,40,307.27,240,307.25,40,307.24,40,307.23,40,307.22,40,307.97,80,308.0,1360,,,,,,,,,,,,,,,,
2026-01-16 09:31:54,307.695,307.91,3,307.42,80,307.97,160,307.97,307.42,307.42,80,307.41,320,307.4,160,307.39,120,307.29,40,307.27,240,307.25,40,307.24,40,307.23,40,307.22,40,307.97,160,308.0,1360,,,,,,,,,,,,,,,,
2026-01-16 09:31:55,307.695,307.7,1,307.42,120,307.97,160,307.97,307.42,307.42,120,307.41,320,307.4,160,307.39,120,307.29,40,307.27,240,307.25,40,307.24,40,307.23,40,307.22,40,307.97,160,308.0,1360,,,,,,,,,,,,,,,,
2026-01-16 09:31:56,307.695,307.7,1,307.42,120,307.97,160,307.97,307.42,307.42,120,307.41,320,307.4,160,307.39,120,307.29,40,307.27,240,307.25,40,307.24,40,307.23,40,307.22,40,307.97,160,308.0,1360,,,,,,,,,,,,,,,,
2026-01-16 09:31:57,307.695,307.7,1,307.42,120,307.97,160,307.97,307.42,307.42,120,307.41,320,307.4,160,307.39,120,307.29,40,307.27,240,307.25,40,307.24,40,307.23,40,307.22,40,307.97,160,308.0,1360,,,,,,,,,,,,,,,,
2026-01-16 09:31:58,307.695,307.7,1,307.42,120,307.97,160,307.97,307.42,307.42,120,307.41,320,307.4,160,307.39,120,307.29,40,307.27,240,307.25,40,307.24,40,307.23,40,307.22,40,307.97,160,308.0,1360,,,,,,,,,,,,,,,,
2026-01-16 09:31:59,307.7,307.7,1,307.43,40,307.97,160,307.97,307.43,307.43,40,307.42,120,307.41,320,307.4,160,307.39,120,307.29,40,307.27,240,307.25,40,307.24,40,307.23,40,307.97,160,308.0,1360,,,,,,,,,,,,,,,,
2026-01-16 09:32:00,307.7,307.7,1,307.43,40,307.97,160,307.97,307.43,307.43,40,307.42,120,307.41,320,307.4,160,307.39,120,307.29,40,307.27,240,307.25,40,307.24,40,307.23,40,307.97,160,308.0,1360,,,,,,,,,,,,,,,,
2026-01-16 09:32:01,307.7,307.7,1,307.43,120,307.97,160,307.97,307.43,307.43,120,307.42,120,307.41,320,307.4,160,307.39,120,307.29,40,307.27,240,307.25,40,307.24,40,307.23,40,307.97,160,308.0,1360,,,,,,,,,,,,,,,,
2026-01-16 09:32:02,307.7,307.7,1,307.43,120,307.97,160,307.97,307.43,307.43,120,307.42,120,307.41,320,307.4,160,307.39,120,307.29,40,307.27,240,307.25,40,307.24,40,307.23,40,307.97,160,308.0,1360,,,,,,,,,,,,,,,,
2026-01-16 09:32:03,307.7,307.7,1,307.43,120,307.97,160,307.97,307.43,307.43,120,307.42,120,307.41,320,307.4,160,307.39,120,307.29,40,307.27,240,307.25,40,307.24,40,307.23,40,307.97,160,308.0,1360,,,,,,,,,,,,,,,,
2026-01-16 09:32:04,307.7,307.7,1,307.43,120,307.97,200,307.97,307.43,307.43,120,307.42,120,307.41,320,307.4,160,307.39,120,307.29,40,307.27,240,307.25,40,307.24,40,307.23,40,307.97,200,308.0,1360,,,,,,,,,,,,,,,,
2026-01-16 09:32:05,307.7,307.7,1,307.43,160,307.97,200,307.97,307.43,307.43,160,307.42,120,307.41,320,307.4,160,307.39,120,307.29,40,307.27,240,307.25,40,307.24,40,307.23,40,307.97,200,308.0,1360,,,,,,,,,,,,,,,,
2026-01-16 09:32:06,307.7,307.7,1,307.43,160,307.97,200,307.97,307.43,307.43,160,307.42,120,307.41,320,307.4,160,307.39,120,307.29,40,307.27,240,307.25,40,307.24,40,307.23,40,307.97,200,308.0,1360,,,,,,,,,,,,,,,,
2026-01-16 09:32:07,307.7,307.7,1,307.43,160,307.97,200,307.97,307.43,307.43,160,307.42,120,307.41,320,307.4,160,307.39,120,307.29,40,307.27,240,307.25,40,307.24,40,307.23,40,307.97,200,308.0,1360,,,,,,,,,,,,,,,,
2026-01-16 09:32:08,307.7,307.7,1,307.43,160,307.97,200,307.97,307.43,307.43,160,307.42,120,307.41,320,307.4,160,307.39,120,307.29,40,307.27,240,307.25,40,307.24,40,307.23,40,307.97,200,308.0,1360,,,,,,,,,,,,,,,,
2026-01-16 09:32:09,307.7,307.7,1,307.43,160,307.97,200,307.97,307.43,307.43,160,307.42,120,307.41,320,307.4,160,307.39,120,307.29,40,307.27,240,307.25,40,307.24,40,307.23,40,307.97,200,308.0,1360,,,,,,,,,,,,,,,,
2026-01-16 09:32:10,307.7,307.7,1,307.43,120,307.97,200,307.97,307.43,307.43,120,307.42,120,307.41,320,307.4,160,307.39,120,307.29,40,307.27,240,307.25,40,307.24,40,307.23,40,307.97,200,308.0,1360,,,,,,,,,,,,,,,,
2026-01-16 09:32:11,307.7,307.7,1,307.43,120,307.97,200,307.97,307.43,307.43,120,307.42,120,307.41,320,307.4,160,307.39,120,307.29,40,307.27,240,307.25,40,307.24,40,307.23,40,307.97,200,308.0,1360,,,,,,,,,,,,,,,,
2026-01-16 09:32:12,307.7,307.7,1,307.43,120,307.97,200,307.97,307.43,307.43,120,307.42,120,307.41,320,307.4,160,307.39,120,307.29,40,307.27,240,307.25,40,307.24,40,307.23,40,307.97,200,308.0,1360,,,,,,,,,,,,,,,,
2026-01-16 09:32:13,307.7,307.7,1,307.43,120,307.97,200,307.97,307.43,307.43,120,307.42,120,307.41,320,307.4,160,307.39,120,307.29,40,307.27,240,307.25,40,307.24,40,307.23,40,307.97,200,308.0,1360,,,,,,,,,,,,,,,,
2026-01-16 09:32:14,307.835,307.7,1,307.7,40,307.97,280,307.97,307.7,307.7,40,307.43,160,307.42,120,307.41,320,307.4,160,307.39,120,307.29,40,307.27,240,307.25,40,307.24,40,307.97,280,308.0,1360,,,,,,,,,,,,,,,,
2026-01-16 09:32:15,307.7,307.83,1,307.43,200,307.97,240,307.97,307.43,307.43,200,307.42,120,307.41,320,307.4,160,307.39,120,307.29,40,307.27,240,307.25,40,307.24,40,307.23,40,307.97,240,308.0,1360,,,,,,,,,,,,,,,,
2026-01-16 09:32:16,307.715,307.83,1,307.46,40,307.97,240,307.97,307.46,307.46,40,307.44,40,307.43,200,307.42,120,307.41,320,307.4,160,307.39,120,307.29,40,307.27,240,307.25,40,307.97,240,308.0,1360,,,,,,,,,,,,,,,,
2026-01-16 09:32:17,307.715,307.73,1,307.46,160,307.97,240,307.97,307.46,307.46,160,307.44,40,307.43,200,307.42,120,307.41,320,307.4,160,307.39,120,307.29,40,307.27,240,307.25,40,307.97,240,308.0,1360,,,,,,,,,,,,,,,,
2026-01-16 09:32:18,307.715,307.73,1,307.46,240,307.97,240,307.97,307.46,307.46,240,307.44,40,307.43,200,307.42,120,307.41,320,307.4,160,307.39,120,307.29,40,307.27,240,307.25,40,307.97,240,308.0,1360,,,,,,,,,,,,,,,,
2026-01-16 09:32:19,307.715,307.73,1,307.46,240,307.97,240,307.97,307.46,307.46,240,307.44,40,307.43,200,307.42,120,307.41,320,307.4,160,307.39,120,307.29,40,307.27,240,307.25,40,307.97,240,308.0,1360,,,,,,,,,,,,,,,,
2026-01-16 09:32:20,307.715,307.73,1,307.46,240,307.97,240,307.97,307.46,307.46,240,307.44,40,307.43,200,307.42,120,307.41,320,307.4,160,307.39,120,307.29,40,307.27,240,307.25,40,307.97,240,308.0,1360,,,,,,,,,,,,,,,,
2026-01-16 09:32:21,307.715,307.73,1,307.46,240,307.97,200,307.97,307.46,307.46,240,307.44,40,307.43,200,307.42,120,307.41,320,307.4,160,307.39,120,307.29,40,307.27,240,307.25,40,307.97,200,308.0,1360,,,,,,,,,,,,,,,,
2026-01-16 09:32:22,307.64,307.73,1,307.46,240,307.82,40,307.82,307.46,307.46,240,307.44,40,307.43,200,307.42,120,307.41,320,307.4,160,307.39,120,307.29,40,307.27,240,307.25,40,307.82,40,307.91,40,307.97,160,308.0,1360,,,,,,,,,,,,
2026-01-16 09:32:24,307.66,307.73,1,307.5,40,307.82,40,307.82,307.5,307.5,40,307.46,240,307.44,40,307.43,200,307.42,120,307.41,320,307.4,160,307.39,120,307.29,40,307.27,240,307.82,40,307.91,40,307.97,160,308.0,1360,,,,,,,,,,,,
2026-01-16 09:32:25,307.66,307.73,1,307.5,40,307.82,40,307.82,307.5,307.5,40,307.46,240,307.44,40,307.43,200,307.42,120,307.41,320,307.4,160,307.39,120,307.29,40,307.27,240,307.82,40,307.91,40,307.97,160,308.0,1360,,,,,,,,,,,,
2026-01-16 09:32:26,307.66,307.73,1,307.5,40,307.82,40,307.82,307.5,307.5,40,307.46,240,307.44,40,307.43,200,307.42,120,307.41,320,307.4,160,307.39,120,307.29,40,307.27,240,307.82,40,307.91,40,307.97,160,308.0,1360,,,,,,,,,,,,
2026-01-16 09:32:26,307.66,307.73,1,307.5,80,307.82,40,307.82,307.5,307.5,80,307.46,240,307.44,40,307.43,200,307.42,120,307.41,320,307.4,160,307.39,120,307.29,40,307.27,240,307.82,40,307.91,40,307.97,160,308.0,1360,,,,,,,,,,,,
2026-01-16 09:32:28,307.66,307.73,1,307.5,80,307.82,40,307.82,307.5,307.5,80,307.46,240,307.44,40,307.43,200,307.42,120,307.41,320,307.4,160,307.39,120,307.29,40,307.27,240,307.82,40,307.91,40,307.97,160,308.0,1360,,,,,,,,,,,,
2026-01-16 09:32:29,307.66,307.73,1,307.5,80,307.82,40,307.82,307.5,307.5,80,307.46,240,307.44,40,307.43,200,307.42,120,307.41,320,307.4,160,307.39,120,307.29,40,307.27,240,307.82,40,307.91,40,307.97,160,308.0,1360,,,,,,,,,,,,
2026-01-16 09:32:30,307.615,307.73,1,307.5,120,307.73,200,307.73,307.5,307.5,120,307.46,240,307.44,40,307.43,200,307.42,120,307.41,320,307.4,160,307.39,120,307.29,40,307.27,240,307.73,200,307.75,240,307.82,120,307.91,40,307.97,160,308.0,1360,,,,,,,,
2026-01-16 09:32:31,307.615,307.71,1,307.5,120,307.73,160,307.73,307.5,307.5,120,307.46,240,307.44,40,307.43,200,307.42,120,307.41,320,307.4,160,307.39,120,307.29,40,307.27,240,307.73,160,307.75,240,307.82,120,307.91,40,307.97,160,308.0,1360,,,,,,,,
2026-01-16 09:32:31,307.615,307.71,1,307.5,160,307.73,160,307.73,307.5,307.5,160,307.46,240,307.44,40,307.43,200,307.42,120,307.41,320,307.4,160,307.39,120,307.29,40,307.27,240,307.73,160,307.75,240,307.82,120,307.91,40,307.97,160,308.0,1360,,,,,,,,
2026-01-16 09:32:33,307.615,307.71,1,307.5,160,307.73,160,307.73,307.5,307.5,160,307.46,240,307.44,40,307.43,200,307.42,120,307.41,320,307.4,160,307.39,120,307.29,40,307.27,240,307.73,160,307.75,240,307.82,120,307.91,40,307.97,160,308.0,1360,,,,,,,,
2026-01-16 09:32:33,307.615,307.71,1,307.5,160,307.73,160,307.73,307.5,307.5,160,307.46,240,307.44,40,307.43,200,307.42,120,307.41,320,307.4,160,307.39,120,307.29,40,307.27,240,307.73,160,307.75,240,307.82,120,307.91,40,307.97,160,308.0,1360,,,,,,,,
2026-01-16 09:32:35,307.615,307.71,1,307.5,240,307.73,160,307.73,307.5,307.5,240,307.46,240,307.44,40,307.43,200,307.42,120,307.41,320,307.4,160,307.39,120,307.29,40,307.27,240,307.73,160,307.75,240,307.82,120,307.91,40,307.97,160,308.0,1360,,,,,,,,
2026-01-16 09:32:36,307.615,307.71,1,307.5,240,307.73,120,307.73,307.5,307.5,240,307.46,240,307.44,40,307.43,200,307.42,120,307.41,320,307.4,160,307.39,120,307.29,40,307.27,240,307.73,120,307.75,240,307.82,120,307.91,40,307.97,160,308.0,1360,,,,,,,,
2026-01-16 09:32:36,307.615,307.71,1,307.5,240,307.73,120,307.73,307.5,307.5,240,307.46,240,307.44,40,307.43,200,307.42,120,307.41,320,307.4,160,307.39,120,307.29,40,307.27,240,307.73,120,307.75,240,307.82,120,307.91,40,307.97,160,308.0,1360,,,,,,,,
2026-01-16 09:32:37,307.62,307.71,1,307.51,80,307.73,120,307.73,307.51,307.51,80,307.5,200,307.46,240,307.44,40,307.43,200,307.42,120,307.41,320,307.4,160,307.39,120,307.29,40,307.73,120,307.75,240,307.82,120,307.91,40,307.97,160,308.0,1360,,,,,,,,
2026-01-16 09:32:39,307.62,307.71,1,307.51,80,307.73,120,307.73,307.51,307.51,80,307.5,200,307.46,240,307.44,40,307.43,200,307.42,120,307.41,320,307.4,160,307.39,120,307.29,40,307.73,120,307.75,240,307.82,120,307.91,40,307.97,160,308.0,1360,,,,,,,,
2026-01-16 09:32:40,307.62,307.71,1,307.51,80,307.73,120,307.73,307.51,307.51,80,307.5,200,307.46,240,307.44,40,307.43,200,307.42,120,307.41,320,307.4,160,307.39,120,307.29,40,307.73,120,307.75,240,307.82,120,307.91,40,307.97,160,308.0,1360,,,,,,,,
2026-01-16 09:32:41,307.62,307.71,1,307.51,120,307.73,120,307.73,307.51,307.51,120,307.5,200,307.46,240,307.44,40,307.43,200,307.42,120,307.41,320,307.4,160,307.39,120,307.29,40,307.73,120,307.75,240,307.82,120,307.91,40,307.97,160,308.0,1360,,,,,,,,
2026-01-16 09:32:42,307.62,307.71,1,307.51,120,307.73,120,307.73,307.51,307.51,120,307.5,200,307.46,240,307.44,40,307.43,200,307.42,120,307.41,320,307.4,160,307.39,120,307.29,40,307.73,120,307.75,240,307.82,120,307.91,40,307.97,160,308.0,1360,,,,,,,,
2026-01-16 09:32:43,307.62,307.71,1,307.51,120,307.73,120,307.73,307.51,307.51,120,307.5,200,307.46,240,307.44,40,307.43,200,307.42,120,307.41,320,307.4,160,307.39,120,307.29,40,307.73,120,307.75,240,307.82,120,307.91,40,307.97,160,308.0,1360,,,,,,,,
2026-01-16 09:32:44,307.665,307.71,1,307.51,120,307.82,120,307.82,307.51,307.51,120,307.5,200,307.46,240,307.44,40,307.43,200,307.42,120,307.41,320,307.4,160,307.39,120,307.29,40,307.82,120,307.91,40,307.97,160,308.0,1360,,,,,,,,,,,,
2026-01-16 09:32:45,307.665,307.71,1,307.51,120,307.82,120,307.82,307.51,307.51,120,307.5,200,307.46,240,307.44,40,307.43,200,307.42,120,307.41,320,307.4,160,307.39,120,307.29,40,307.82,120,307.91,40,307.97,160,308.0,1360,,,,,,,,,,,,
2026-01-16 09:32:46,307.81,307.71,1,307.64,520,307.98,120,307.98,307.64,307.64,520,307.51,280,307.5,200,307.46,240,307.44,40,307.43,200,307.42,120,307.41,320,307.4,160,307.39,120,307.98,120,308.0,1360,,,,,,,,,,,,,,,,
2026-01-16 09:32:47,307.81,307.71,1,307.64,560,307.98,120,307.98,307.64,307.64,560,307.51,280,307.5,200,307.46,240,307.44,40,307.43,200,307.42,120,307.41,320,307.4,160,307.39,120,307.98,120,308.0,1360,,,,,,,,,,,,,,,,
2026-01-16 09:32:48,307.81,307.71,1,307.64,560,307.98,120,307.98,307.64,307.64,560,307.51,280,307.5,200,307.46,240,307.44,40,307.43,200,307.42,120,307.41,320,307.4,160,307.39,120,307.98,120,308.0,1360,,,,,,,,,,,,,,,,
2026-01-16 09:32:48,307.81,307.71,1,307.64,560,307.98,120,307.98,307.64,307.64,560,307.51,280,307.5,200,307.46,240,307.44,40,307.43,200,307.42,120,307.41,320,307.4,160,307.39,120,307.98,120,308.0,1360,,,,,,,,,,,,,,,,
2026-01-16 09:32:50,307.81,307.71,1,307.64,560,307.98,120,307.98,307.64,307.64,560,307.51,280,307.5,200,307.46,240,307.44,40,307.43,200,307.42,120,307.41,320,307.4,160,307.39,120,307.98,120,308.0,1360,,,,,,,,,,,,,,,,
2026-01-16 09:32:51,307.81,307.71,1,307.64,560,307.98,120,307.98,307.64,307.64,560,307.51,280,307.5,200,307.46,240,307.44,40,307.43,200,307.42,120,307.41,320,307.4,160,307.39,120,307.98,120,308.0,1360,,,,,,,,,,,,,,,,
2026-01-16 09:32:52,307.81,307.71,1,307.64,560,307.98,80,307.98,307.64,307.64,560,307.51,280,307.5,200,307.46,240,307.44,40,307.43,200,307.42,120,307.41,320,307.4,160,307.39,120,307.98,80,308.0,1360,,,,,,,,,,,,,,,,
2026-01-16 09:32:52,307.955,308.0,5,307.81,240,308.1,80,308.1,307.81,307.81,240,307.64,560,307.51,280,307.5,200,307.46,240,307.44,40,307.43,200,307.42,120,307.41,320,307.4,160,308.1,80,,,,,,,,,,,,,,,,,,
2026-01-16 09:32:54,307.955,308.0,5,307.81,280,308.1,120,308.1,307.81,307.81,280,307.64,560,307.51,280,307.5,200,307.46,240,307.44,40,307.43,200,307.42,120,307.41,320,307.4,160,308.1,120,,,,,,,,,,,,,,,,,,
2026-01-16 09:32:55,307.955,308.0,5,307.81,440,308.1,120,308.1,307.81,307.81,440,307.64,560,307.51,280,307.5,200,307.46,240,307.44,40,307.43,200,307.42,120,307.41,320,307.4,160,308.1,120,,,,,,,,,,,,,,,,,,
2026-01-16 09:32:56,307.98,308.0,5,307.81,440,308.15,80,308.15,307.81,307.81,440,307.64,560,307.51,280,307.5,200,307.46,240,307.44,40,307.43,200,307.42,120,307.41,320,307.4,160,308.15,80,,,,,,,,,,,,,,,,,,
2026-01-16 09:32:57,307.98,308.0,5,307.81,440,308.15,80,308.15,307.81,307.81,440,307.64,560,307.51,280,307.5,200,307.46,240,307.44,40,307.43,200,307.42,120,307.41,320,307.4,160,308.15,80,,,,,,,,,,,,,,,,,,
2026-01-16 09:32:58,307.98,308.0,5,307.81,440,308.15,80,308.15,307.81,307.81,440,307.64,560,307.51,280,307.5,200,307.46,240,307.44,40,307.43,200,307.42,120,307.41,320,307.4,160,308.15,80,,,,,,,,,,,,,,,,,,
2026-01-16 09:32:59,307.98,308.0,5,307.81,440,308.15,80,308.15,307.81,307.81,440,307.64,560,307.51,280,307.5,200,307.46,240,307.44,40,307.43,200,307.42,120,307.41,320,307.4,160,308.15,80,,,,,,,,,,,,,,,,,,
2026-01-16 09:33:00,307.98,308.0,5,307.81,440,308.15,80,308.15,307.81,307.81,440,307.64,560,307.51,280,307.5,200,307.46,240,307.44,40,307.43,200,307.42,120,307.41,320,307.4,160,308.15,80,,,,,,,,,,,,,,,,,,
2026-01-16 09:33:01,307.985,308.0,5,307.82,240,308.15,120,308.15,307.82,307.82,240,307.81,440,307.64,560,307.51,280,307.5,200,307.46,240,307.44,40,307.43,200,307.42,120,307.41,320,308.15,120,,,,,,,,,,,,,,,,,,
2026-01-16 09:33:02,307.985,308.0,5,307.82,240,308.15,120,308.15,307.82,307.82,240,307.81,440,307.64,560,307.51,280,307.5,200,307.46,240,307.44,40,307.43,200,307.42,120,307.41,320,308.15,120,,,,,,,,,,,,,,,,,,
2026-01-16 09:33:03,307.985,308.0,5,307.82,200,308.15,120,308.15,307.82,307.82,200,307.81,440,307.64,560,307.51,280,307.5,200,307.46,240,307.44,40,307.43,200,307.42,120,307.41,320,308.15,120,,,,,,,,,,,,,,,,,,
2026-01-16 09:33:04,307.985,307.99,1,307.82,160,308.15,120,308.15,307.82,307.82,160,307.81,440,307.64,560,307.51,280,307.5,200,307.46,240,307.44,40,307.43,200,307.42,120,307.41,320,308.15,120,,,,,,,,,,,,,,,,,,
2026-01-16 09:33:05,307.985,307.93,2,307.82,160,308.15,120,308.15,307.82,307.82,160,307.81,440,307.64,560,307.51,280,307.5,200,307.46,240,307.44,40,307.43,200,307.42,120,307.41,320,308.15,120,,,,,,,,,,,,,,,,,,
2026-01-16 09:33:06,307.985,307.93,2,307.82,160,308.15,120,308.15,307.82,307.82,160,307.81,440,307.64,560,307.51,280,307.5,200,307.46,240,307.44,40,307.43,200,307.42,120,307.41,320,308.15,120,,,,,,,,,,,,,,,,,,
2026-01-16 09:33:07,307.985,307.93,2,307.82,160,308.15,120,308.15,307.82,307.82,160,307.81,440,307.64,560,307.51,280,307.5,200,307.46,240,307.44,40,307.43,200,307.42,120,307.41,320,308.15,120,,,,,,,,,,,,,,,,,,
2026-01-16 09:33:08,308.005,307.93,2,307.86,80,308.15,120,308.15,307.86,307.86,80,307.82,120,307.81,440,307.64,560,307.51,280,307.5,200,307.46,240,307.44,40,307.43,200,307.42,120,308.15,120,,,,,,,,,,,,,,,,,,
2026-01-16 09:33:09,308.075,307.93,2,308.0,80,308.15,120,308.15,308.0,308.0,80,307.86,40,307.82,120,307.81,440,307.64,560,307.51,280,307.5,200,307.46,240,307.44,40,307.43,200,308.15,120,,,,,,,,,,,,,,,,,,
2026-01-16 09:33:10,308.075,307.93,2,308.0,80,308.15,120,308.15,308.0,308.0,80,307.86,40,307.82,120,307.81,440,307.64,560,307.51,280,307.5,200,307.46,240,307.44,40,307.43,200,308.15,120,,,,,,,,,,,,,,,,,,
2026-01-16 09:33:11,308.115,308.14,1,308.0,80,308.23,240,308.23,308.0,308.0,80,307.86,40,307.82,120,307.81,440,307.64,560,307.51,280,307.5,200,307.46,240,307.44,40,307.43,200,308.23,240,,,,,,,,,,,,,,,,,,
2026-01-16 09:33:12,308.115,308.14,1,308.0,160,308.23,240,308.23,308.0,308.0,160,307.86,40,307.82,120,307.81,440,307.64,560,307.51,280,307.5,200,307.46,240,307.44,40,307.43,200,308.23,240,,,,,,,,,,,,,,,,,,
2026-01-16 09:33:13,308.115,308.14,1,308.0,160,308.23,240,308.23,308.0,308.0,160,307.86,40,307.82,120,307.81,440,307.64,560,307.51,280,307.5,200,307.46,240,307.44,40,307.43,200,308.23,240,,,,,,,,,,,,,,,,,,
2026-01-16 09:33:14,308.115,308.14,1,308.0,160,308.23,240,308.23,308.0,308.0,160,307.86,40,307.82,120,307.81,440,307.64,560,307.51,280,307.5,200,307.46,240,307.44,40,307.43,200,308.23,240,,,,,,,,,,,,,,,,,,
2026-01-16 09:33:15,308.115,308.14,1,308.0,160,308.23,240,308.23,308.0,308.0,160,307.86,40,307.82,120,307.81,440,307.64,560,307.51,280,307.5,200,307.46,240,307.44,40,307.43,200,308.23,240,,,,,,,,,,,,,,,,,,
2026-01-16 09:33:16,308.115,308.14,1,308.0,160,308.23,240,308.23,308.0,308.0,160,307.86,40,307.82,120,307.81,440,307.64,560,307.51,280,307.5,200,307.46,240,307.44,40,307.43,200,308.23,240,,,,,,,,,,,,,,,,,,
2026-01-16 09:33:17,308.115,308.14,1,308.0,160,308.23,240,308.23,308.0,308.0,160,307.86,40,307.82,120,307.81,440,307.64,560,307.51,280,307.5,200,307.46,240,307.44,40,307.43,200,308.23,240,,,,,,,,,,,,,,,,,,
2026-01-16 09:33:18,308.115,308.14,1,308.0,160,308.23,240,308.23,308.0,308.0,160,307.86,40,307.82,120,307.81,440,307.64,560,307.51,280,307.5,200,307.46,240,307.44,40,307.43,200,308.23,240,,,,,,,,,,,,,,,,,,
2026-01-16 09:33:19,308.115,308.14,1,308.0,160,308.23,240,308.23,308.0,308.0,160,307.86,40,307.82,120,307.81,440,307.64,560,307.51,280,307.5,200,307.46,240,307.44,40,307.43,200,308.23,240,,,,,,,,,,,,,,,,,,
2026-01-16 09:33:20,308.115,308.14,1,308.0,160,308.23,240,308.23,308.0,308.0,160,307.86,40,307.82,120,307.81,440,307.64,560,307.51,280,307.5,200,307.46,240,307.44,40,307.43,200,308.23,240,,,,,,,,,,,,,,,,,,
2026-01-16 09:33:21,308.115,308.14,1,308.0,160,308.23,240,308.23,308.0,308.0,160,307.86,40,307.82,120,307.81,440,307.64,560,307.51,280,307.5,200,307.46,240,307.44,40,307.43,200,308.23,240,,,,,,,,,,,,,,,,,,
2026-01-16 09:33:22,308.115,308.14,1,308.0,160,308.23,240,308.23,308.0,308.0,160,307.86,40,307.82,120,307.81,440,307.64,560,307.51,280,307.5,200,307.46,240,307.44,40,307.43,200,308.23,240,,,,,,,,,,,,,,,,,,
2026-01-16 09:33:23,308.25,308.23,1,308.14,40,308.36,80,308.36,308.14,308.14,40,308.11,200,308.0,160,307.86,40,307.82,120,307.81,440,307.64,560,307.51,280,307.5,200,307.46,240,308.36,80,,,,,,,,,,,,,,,,,,
2026-01-16 09:33:24,308.25,307.9,1,308.14,40,308.36,80,308.36,308.14,308.14,40,308.11,200,308.0,160,307.86,40,307.82,120,307.81,440,307.64,560,307.51,280,307.5,200,307.46,240,308.36,80,,,,,,,,,,,,,,,,,,
2026-01-16 09:33:25,308.25,307.9,1,308.14,120,308.36,80,308.36,308.14,308.14,120,308.11,200,308.0,160,307.86,40,307.82,120,307.81,440,307.64,560,307.51,280,307.5,200,307.46,240,308.36,80,,,,,,,,,,,,,,,,,,
2026-01-16 09:33:26,308.25,307.9,1,308.14,120,308.36,80,308.36,308.14,308.14,120,308.11,200,308.0,160,307.86,40,307.82,120,307.81,440,307.64,560,307.51,280,307.5,200,307.46,240,308.36,80,,,,,,,,,,,,,,,,,,
2026-01-16 09:33:27,308.25,307.9,1,308.14,160,308.36,80,308.36,308.14,308.14,160,308.11,200,308.0,160,307.86,40,307.82,120,307.81,440,307.64,560,307.51,280,307.5,200,307.46,240,308.36,80,,,,,,,,,,,,,,,,,,
2026-01-16 09:33:28,308.25,307.9,1,308.14,160,308.36,80,308.36,308.14,308.14,160,308.11,200,308.0,160,307.86,40,307.82,120,307.81,440,307.64,560,307.51,280,307.5,200,307.46,240,308.36,80,,,,,,,,,,,,,,,,,,
2026-01-16 09:33:29,308.25,307.9,1,308.14,160,308.36,80,308.36,308.14,308.14,160,308.11,200,308.0,160,307.86,40,307.82,120,307.81,440,307.64,560,307.51,280,307.5,200,307.46,240,308.36,80,,,,,,,,,,,,,,,,,,
2026-01-16 09:33:30,308.305,307.9,1,308.14,160,308.47,120,308.47,308.14,308.14,160,308.11,200,308.0,160,307.86,40,307.82,120,307.81,440,307.64,560,307.51,280,307.5,200,307.46,240,308.47,120,308.5,360,,,,,,,,,,,,,,,,
2026-01-16 09:33:31,308.305,307.9,1,308.14,160,308.47,120,308.47,308.14,308.14,160,308.11,200,308.0,160,307.86,40,307.82,120,307.81,440,307.64,560,307.51,280,307.5,200,307.46,240,308.47,120,308.5,360,,,,,,,,,,,,,,,,
2026-01-16 09:33:32,308.305,307.9,1,308.14,160,308.47,120,308.47,308.14,308.14,160,308.11,200,308.0,160,307.86,40,307.82,120,307.81,440,307.64,560,307.51,280,307.5,200,307.46,240,308.47,120,308.5,360,,,,,,,,,,,,,,,,
2026-01-16 09:33:33,308.305,307.9,1,308.14,160,308.47,120,308.47,308.14,308.14,160,308.11,200,308.0,160,307.86,40,307.82,120,307.81,440,307.64,560,307.51,280,307.5,200,307.46,240,308.47,120,308.5,360,,,,,,,,,,,,,,,,
2026-01-16 09:33:34,308.31,307.9,1,308.15,80,308.47,120,308.47,308.15,308.15,80,308.14,160,308.11,200,308.0,160,307.86,40,307.82,120,307.81,440,307.64,560,307.51,280,307.5,200,308.47,120,308.5,360,,,,,,,,,,,,,,,,
2026-01-16 09:33:35,308.31,307.9,1,308.15,80,308.47,120,308.47,308.15,308.15,80,308.14,160,308.11,200,308.0,160,307.86,40,307.82,120,307.81,440,307.64,560,307.51,280,307.5,200,308.47,120,308.5,360,,,,,,,,,,,,,,,,
2026-01-16 09:33:36,308.2,308.21,1,308.09,240,308.31,160,308.31,308.09,308.09,240,308.0,160,307.86,40,307.82,120,307.81,440,307.64,560,307.51,280,307.5,200,307.46,240,307.44,40,308.31,160,308.41,40,308.47,160,308.5,360,,,,,,,,,,,,
2026-01-16 09:33:37,308.2,308.21,1,308.09,240,308.31,160,308.31,308.09,308.09,240,308.0,160,307.86,40,307.82,120,307.81,440,307.64,560,307.51,280,307.5,200,307.46,240,307.44,40,308.31,160,308.41,40,308.47,160,308.5,360,,,,,,,,,,,,
2026-01-16 09:33:38,308.205,308.21,1,308.1,200,308.31,160,308.31,308.1,308.1,200,308.09,240,308.0,160,307.86,40,307.82,120,307.81,440,307.64,560,307.51,280,307.5,200,307.46,240,308.31,160,308.41,40,308.47,160,308.5,360,,,,,,,,,,,,
2026-01-16 09:33:39,308.205,308.21,1,308.1,200,308.31,280,308.31,308.1,308.1,200,308.09,240,308.0,160,307.86,40,307.82,120,307.81,440,307.64,560,307.51,280,307.5,200,307.46,240,308.31,280,308.41,40,308.47,160,308.5,360,,,,,,,,,,,,
2026-01-16 09:33:40,308.205,308.21,1,308.1,240,308.31,280,308.31,308.1,308.1,240,308.09,240,308.0,160,307.86,40,307.82,120,307.81,440,307.64,560,307.51,280,307.5,200,307.46,240,308.31,280,308.41,40,308.47,160,308.5,360,,,,,,,,,,,,
2026-01-16 09:33:41,308.205,308.21,1,308.1,240,308.31,280,308.31,308.1,308.1,240,308.09,240,308.0,160,307.86,40,307.82,120,307.81,440,307.64,560,307.51,280,307.5,200,307.46,240,308.31,280,308.41,40,308.47,160,308.5,360,,,,,,,,,,,,
2026-01-16 09:33:42,308.205,308.21,1,308.1,240,308.31,280,308.31,308.1,308.1,240,308.09,240,308.0,160,307.86,40,307.82,120,307.81,440,307.64,560,307.51,280,307.5,200,307.46,240,308.31,280,308.41,40,308.47,160,308.5,360,,,,,,,,,,,,
2026-01-16 09:33:43,308.205,307.95,1,308.1,240,308.31,280,308.31,308.1,308.1,240,308.09,240,308.0,160,307.86,40,307.82,120,307.81,440,307.64,560,307.51,280,307.5,200,307.46,240,308.31,280,308.41,40,308.47,160,308.5,360,,,,,,,,,,,,
2026-01-16 09:33:44,308.205,307.95,1,308.1,240,308.31,280,308.31,308.1,308.1,240,308.09,240,308.0,160,307.86,40,307.82,120,307.81,440,307.64,560,307.51,280,307.5,200,307.46,240,308.31,280,308.41,40,308.47,160,308.5,360,,,,,,,,,,,,
2026-01-16 09:33:45,308.205,307.95,1,308.1,240,308.31,280,308.31,308.1,308.1,240,308.09,240,308.0,160,307.86,40,307.82,120,307.81,440,307.64,560,307.51,280,307.5,200,307.46,240,308.31,280,308.41,40,308.47,160,308.5,360,,,,,,,,,,,,
2026-01-16 09:33:46,308.205,307.95,1,308.1,240,308.31,280,308.31,308.1,308.1,240,308.09,240,308.0,160,307.86,40,307.82,120,307.81,440,307.64,560,307.51,280,307.5,200,307.46,240,308.31,280,308.41,40,308.47,160,308.5,360,,,,,,,,,,,,
2026-01-16 09:33:47,308.205,307.95,1,308.1,240,308.31,280,308.31,308.1,308.1,240,308.09,240,308.0,160,307.86,40,307.82,120,307.81,440,307.64,560,307.51,280,307.5,200,307.46,240,308.31,280,308.41,40,308.47,160,308.5,360,,,,,,,,,,,,
2026-01-16 09:33:48,308.205,307.95,1,308.1,240,308.31,280,308.31,308.1,308.1,240,308.09,240,308.0,160,307.86,40,307.82,120,307.81,440,307.64,560,307.51,280,307.5,200,307.46,240,308.31,280,308.41,40,308.47,160,308.5,360,,,,,,,,,,,,
2026-01-16 09:33:49,308.205,307.95,1,308.1,240,308.31,280,308.31,308.1,308.1,240,308.09,240,308.0,160,307.86,40,307.82,120,307.81,440,307.64,560,307.51,280,307.5,200,307.46,240,308.31,280,308.41,40,308.47,160,308.5,360,,,,,,,,,,,,
2026-01-16 09:33:50,308.205,307.95,1,308.1,240,308.31,280,308.31,308.1,308.1,240,308.09,240,308.0,160,307.86,40,307.82,120,307.81,440,307.64,560,307.51,280,307.5,200,307.46,240,308.31,280,308.41,40,308.47,160,308.5,360,,,,,,,,,,,,
2026-01-16 09:33:51,308.205,307.95,1,308.1,240,308.31,280,308.31,308.1,308.1,240,308.09,240,308.0,160,307.86,40,307.82,120,307.81,440,307.64,560,307.51,280,307.5,200,307.46,240,308.31,280,308.41,40,308.47,160,308.5,360,,,,,,,,,,,,
2026-01-16 09:33:52,308.205,307.95,1,308.1,240,308.31,280,308.31,308.1,308.1,240,308.09,240,308.0,160,307.86,40,307.82,120,307.81,440,307.64,560,307.51,280,307.5,200,307.46,240,308.31,280,308.41,40,308.47,160,308.5,360,,,,,,,,,,,,
2026-01-16 09:33:53,308.205,307.95,1,308.1,240,308.31,280,308.31,308.1,308.1,240,308.09,240,308.0,160,307.86,40,307.82,120,307.81,440,307.64,560,307.51,280,307.5,200,307.46,240,308.31,280,308.41,40,308.47,160,308.5,360,,,,,,,,,,,,
2026-01-16 09:33:54,308.205,307.95,1,308.1,240,308.31,280,308.31,308.1,308.1,240,308.09,240,308.0,160,307.86,40,307.82,120,307.81,440,307.64,560,307.51,280,307.5,200,307.46,240,308.31,280,308.41,40,308.47,160,308.5,360,,,,,,,,,,,,
2026-01-16 09:33:55,308.205,307.95,1,308.1,240,308.31,280,308.31,308.1,308.1,240,308.09,240,308.0,160,307.86,40,307.82,120,307.81,440,307.64,560,307.51,280,307.5,200,307.46,240,308.31,280,308.41,40,308.47,160,308.5,360,,,,,,,,,,,,
2026-01-16 09:33:56,308.205,307.95,1,308.1,240,308.31,280,308.31,308.1,308.1,240,308.09,240,308.0,160,307.86,40,307.82,120,307.81,440,307.64,560,307.51,280,307.5,200,307.46,240,308.31,280,308.41,40,308.47,160,308.5,360,,,,,,,,,,,,
2026-01-16 09:33:57,308.205,307.95,1,308.1,240,308.31,280,308.31,308.1,308.1,240,308.09,240,308.0,160,307.86,40,307.82,120,307.81,440,307.64,560,307.51,280,307.5,200,307.46,240,308.31,280,308.41,40,308.47,160,308.5,360,,,,,,,,,,,,
2026-01-16 09:33:58,308.205,307.95,1,308.1,240,308.31,280,308.31,308.1,308.1,240,308.09,240,308.0,160,307.86,40,307.82,120,307.81,440,307.64,560,307.51,280,307.5,200,307.46,240,308.31,280,308.41,40,308.47,160,308.5,360,,,,,,,,,,,,
2026-01-16 09:33:59,308.205,307.95,1,308.1,240,308.31,280,308.31,308.1,308.1,240,308.09,240,308.0,160,307.86,40,307.82,120,307.81,440,307.64,560,307.51,280,307.5,200,307.46,240,308.31,280,308.41,40,308.47,160,308.5,360,,,,,,,,,,,,
2026-01-16 09:34:00,308.205,307.95,1,308.1,240,308.31,280,308.31,308.1,308.1,240,308.09,240,308.0,160,307.86,40,307.82,120,307.81,440,307.64,560,307.51,280,307.5,200,307.46,240,308.31,280,308.41,40,308.47,160,308.5,360,,,,,,,,,,,,
2026-01-16 09:34:01,308.205,307.95,1,308.1,240,308.31,280,308.31,308.1,308.1,240,308.09,240,308.0,160,307.86,40,307.82,120,307.81,440,307.64,560,307.51,280,307.5,200,307.46,240,308.31,280,308.41,40,308.47,160,308.5,360,,,,,,,,,,,,
2026-01-16 09:34:02,308.205,307.95,1,308.1,240,308.31,280,308.31,308.1,308.1,240,308.09,240,308.0,160,307.86,40,307.82,120,307.81,440,307.64,560,307.51,280,307.5,200,307.46,240,308.31,280,308.41,40,308.47,160,308.5,360,,,,,,,,,,,,
2026-01-16 09:34:03,308.205,307.95,1,308.1,240,308.31,280,308.31,308.1,308.1,240,308.09,240,308.0,160,307.86,40,307.82,120,307.81,440,307.64,560,307.51,280,307.5,200,307.46,240,308.31,280,308.41,40,308.47,160,308.5,360,,,,,,,,,,,,
2026-01-16 09:34:04,308.205,307.95,1,308.1,240,308.31,280,308.31,308.1,308.1,240,308.09,240,308.0,160,307.86,40,307.82,120,307.81,440,307.64,560,307.51,280,307.5,200,307.46,240,308.31,280,308.41,40,308.47,160,308.5,360,,,,,,,,,,,,
2026-01-16 09:34:05,308.205,308.21,2,308.1,240,308.31,280,308.31,308.1,308.1,240,308.09,240,308.0,160,307.86,40,307.82,120,307.81,440,307.64,560,307.51,280,307.5,200,307.46,240,308.31,280,308.41,40,308.47,160,308.5,360,,,,,,,,,,,,
2026-01-16 09:34:06,308.205,308.21,2,308.1,240,308.31,280,308.31,308.1,308.1,240,308.09,240,308.0,160,307.86,40,307.82,120,307.81,440,307.64,560,307.51,280,307.5,200,307.46,240,308.31,280,308.41,40,308.47,160,308.5,360,,,,,,,,,,,,
2026-01-16 09:34:07,308.085,308.1,1,307.96,40,308.21,440,308.21,307.96,307.96,40,307.86,40,307.82,120,307.81,440,307.64,560,307.51,280,307.5,200,307.46,240,307.44,40,307.43,200,308.21,440,308.24,40,308.26,120,308.31,320,308.41,40,308.47,160,308.5,360,,,,,,
2026-01-16 09:34:08,307.94,307.93,2,307.68,40,308.2,200,308.2,307.68,307.68,40,307.67,40,307.66,80,307.65,40,307.64,560,307.51,280,307.5,200,307.46,240,307.44,40,307.43,200,308.2,200,308.21,440,308.24,40,308.26,120,308.31,320,308.41,40,308.47,160,308.5,360,,,,
2026-01-16 09:34:09,307.94,307.93,2,307.68,80,308.2,240,308.2,307.68,307.68,80,307.67,40,307.66,80,307.65,40,307.64,560,307.51,280,307.5,200,307.46,240,307.44,40,307.43,200,308.2,240,308.21,440,308.24,40,308.26,120,308.31,320,308.41,40,308.47,160,308.5,360,,,,
2026-01-16 09:34:10,307.945,307.93,2,307.69,80,308.2,240,308.2,307.69,307.69,80,307.68,80,307.67,40,307.66,80,307.65,40,307.64,560,307.51,280,307.5,200,307.46,240,307.44,40,308.2,240,308.21,440,308.24,40,308.26,120,308.31,320,308.41,40,308.47,160,308.5,360,,,,
2026-01-16 09:34:11,307.955,307.93,2,307.71,40,308.2,160,308.2,307.71,307.71,40,307.7,240,307.69,80,307.68,80,307.67,40,307.66,80,307.65,40,307.64,560,307.51,280,307.5,200,308.2,160,308.21,440,308.24,40,308.26,120,308.31,320,308.41,40,308.47,160,308.5,360,,,,
2026-01-16 09:34:12,308.225,307.95,1,308.07,40,308.38,80,308.38,308.07,308.07,40,307.95,40,307.94,40,307.81,160,307.71,80,307.7,240,307.69,80,307.68,80,307.67,40,307.66,80,308.38,80,308.41,40,308.47,160,308.5,360,,,,,,,,,,,,
2026-01-16 09:34:13,308.225,307.95,1,308.07,120,308.38,80,308.38,308.07,308.07,120,307.95,40,307.94,40,307.81,160,307.71,80,307.7,240,307.69,80,307.68,80,307.67,40,307.66,80,308.38,80,308.41,40,308.47,160,308.5,360,,,,,,,,,,,,
2026-01-16 09:34:14,308.225,307.95,1,308.07,120,308.38,80,308.38,308.07,308.07,120,307.95,40,307.94,40,307.81,160,307.71,80,307.7,240,307.69,80,307.68,80,307.67,40,307.66,80,308.38,80,308.41,40,308.47,160,308.5,360,,,,,,,,,,,,
2026-01-16 09:34:15,308.225,307.95,1,308.07,120,308.38,80,308.38,308.07,308.07,120,307.95,40,307.94,40,307.81,160,307.71,80,307.7,240,307.69,80,307.68,80,307.67,40,307.66,80,308.38,80,308.41,40,308.47,160,308.5,360,,,,,,,,,,,,
2026-01-16 09:34:16,308.285,307.95,1,308.19,40,308.38,80,308.38,308.19,308.19,40,308.07,280,307.95,40,307.94,40,307.81,160,307.71,80,307.7,240,307.69,80,307.68,80,307.67,40,308.38,80,308.41,40,308.47,160,308.5,360,,,,,,,,,,,,
2026-01-16 09:34:17,308.24,308.28,1,308.1,80,308.38,80,308.38,308.1,308.1,80,308.07,280,307.95,40,307.94,40,307.81,160,307.71,80,307.7,240,307.69,80,307.68,80,307.67,40,308.38,80,308.41,40,308.47,160,308.5,360,,,,,,,,,,,,
2026-01-16 09:34:18,308.24,308.28,1,308.1,80,308.38,80,308.38,308.1,308.1,80,308.07,280,307.95,40,307.94,40,307.81,160,307.71,80,307.7,240,307.69,80,307.68,80,307.67,40,308.38,80,308.41,40,308.47,160,308.5,360,,,,,,,,,,,,
2026-01-16 09:34:19,308.24,308.28,1,308.1,80,308.38,80,308.38,308.1,308.1,80,308.07,280,307.95,40,307.94,40,307.81,160,307.71,80,307.7,240,307.69,80,307.68,80,307.67,40,308.38,80,308.41,40,308.47,160,308.5,360,,,,,,,,,,,,
2026-01-16 09:34:20,308.24,308.28,1,308.1,80,308.38,80,308.38,308.1,308.1,80,308.07,280,307.95,40,307.94,40,307.81,160,307.71,80,307.7,240,307.69,80,307.68,80,307.67,40,308.38,80,308.41,40,308.47,160,308.5,360,,,,,,,,,,,,
2026-01-16 09:34:21,308.24,308.28,1,308.1,80,308.38,80,308.38,308.1,308.1,80,308.07,280,307.95,40,307.94,40,307.81,160,307.71,80,307.7,240,307.69,80,307.68,80,307.67,40,308.38,80,308.41,40,308.47,160,308.5,360,,,,,,,,,,,,
2026-01-16 09:34:22,308.24,308.28,1,308.1,80,308.38,80,308.38,308.1,308.1,80,308.07,280,307.95,40,307.94,40,307.81,160,307.71,80,307.7,240,307.69,80,307.68,80,307.67,40,308.38,80,308.41,40,308.47,160,308.5,360,,,,,,,,,,,,
2026-01-16 09:34:23,308.24,308.19,5,308.1,160,308.38,160,308.38,308.1,308.1,160,308.07,280,307.95,40,307.94,40,307.81,160,307.71,80,307.7,240,307.69,80,307.68,80,307.67,40,308.38,160,308.41,40,308.47,160,308.5,360,,,,,,,,,,,,
2026-01-16 09:34:24,308.24,308.19,5,308.1,160,308.38,160,308.38,308.1,308.1,160,308.07,280,307.95,40,307.94,40,307.81,160,307.71,80,307.7,240,307.69,80,307.68,80,307.67,40,308.38,160,308.41,40,308.47,160,308.5,360,,,,,,,,,,,,
2026-01-16 09:34:25,308.24,308.19,5,308.1,160,308.38,160,308.38,308.1,308.1,160,308.07,280,307.95,40,307.94,40,307.81,160,307.71,80,307.7,240,307.69,80,307.68,80,307.67,40,308.38,160,308.41,40,308.47,160,308.5,360,,,,,,,,,,,,
2026-01-16 09:34:26,308.345,308.19,5,308.23,160,308.46,80,308.46,308.23,308.23,160,308.19,40,308.1,160,308.07,280,307.95,40,307.94,40,307.81,160,307.71,80,307.7,240,307.69,80,308.46,80,308.47,80,308.5,360,,,,,,,,,,,,,,
2026-01-16 09:34:27,308.345,308.35,1,308.23,160,308.46,120,308.46,308.23,308.23,160,308.19,40,308.1,160,308.07,280,307.95,40,307.94,40,307.81,160,307.71,80,307.7,240,307.69,80,308.46,120,308.47,80,308.5,360,,,,,,,,,,,,,,
2026-01-16 09:34:28,308.345,308.35,1,308.23,160,308.46,120,308.46,308.23,308.23,160,308.19,40,308.1,160,308.07,280,307.95,40,307.94,40,307.81,160,307.71,80,307.7,240,307.69,80,308.46,120,308.47,80,308.5,360,,,,,,,,,,,,,,
2026-01-16 09:34:29,308.345,308.35,1,308.23,160,308.46,120,308.46,308.23,308.23,160,308.19,40,308.1,160,308.07,280,307.95,40,307.94,40,307.81,160,307.71,80,307.7,240,307.69,80,308.46,120,308.47,80,308.5,360,,,,,,,,,,,,,,
2026-01-16 09:34:30,308.345,308.05,4,308.23,160,308.46,120,308.46,308.23,308.23,160,308.19,40,308.1,160,308.07,280,307.95,40,307.94,40,307.81,160,307.71,80,307.7,240,307.69,80,308.46,120,308.47,80,308.5,360,,,,,,,,,,,,,,
2026-01-16 09:34:31,308.345,308.1,1,308.23,160,308.46,120,308.46,308.23,308.23,160,308.19,40,308.1,160,308.07,280,307.95,40,307.94,40,307.81,160,307.71,80,307.7,240,307.69,80,308.46,120,308.47,80,308.5,360,,,,,,,,,,,,,,
2026-01-16 09:34:32,308.345,308.1,1,308.23,160,308.46,120,308.46,308.23,308.23,160,308.19,40,308.1,160,308.07,280,307.95,40,307.94,40,307.81,160,307.71,80,307.7,240,307.69,80,308.46,120,308.47,80,308.5,360,,,,,,,,,,,,,,
2026-01-16 09:34:33,308.345,308.1,1,308.23,160,308.46,120,308.46,308.23,308.23,160,308.19,40,308.1,160,308.07,280,307.95,40,307.94,40,307.81,160,307.71,80,307.7,240,307.69,80,308.46,120,308.47,80,308.5,360,,,,,,,,,,,,,,
2026-01-16 09:34:34,308.345,308.1,1,308.23,160,308.46,120,308.46,308.23,308.23,160,308.19,40,308.1,160,308.07,280,307.95,40,307.94,40,307.81,160,307.71,80,307.7,240,307.69,80,308.46,120,308.47,80,308.5,360,,,,,,,,,,,,,,
2026-01-16 09:34:35,308.345,308.1,1,308.23,160,308.46,120,308.46,308.23,308.23,160,308.19,40,308.1,160,308.07,280,307.95,40,307.94,40,307.81,160,307.71,80,307.7,240,307.69,80,308.46,120,308.47,80,308.5,360,,,,,,,,,,,,,,
2026-01-16 09:34:36,308.405,308.1,1,308.34,40,308.47,160,308.47,308.34,308.34,40,308.23,200,308.19,40,308.1,160,308.07,280,307.95,40,307.94,40,307.81,160,307.71,80,307.7,240,308.47,160,308.5,360,,,,,,,,,,,,,,,,
2026-01-16 09:34:37,308.45,308.1,1,308.4,120,308.5,360,308.5,308.4,308.4,120,308.29,40,308.23,200,308.19,40,308.1,160,308.07,280,307.95,40,307.94,40,307.81,160,307.71,80,308.5,360,,,,,,,,,,,,,,,,,,
2026-01-16 09:34:38,308.52,308.5,1,308.42,40,308.62,240,308.62,308.42,308.42,40,308.4,280,308.29,40,308.23,200,308.19,40,308.1,160,308.07,280,307.95,40,307.94,40,307.81,160,308.62,240,,,,,,,,,,,,,,,,,,
2026-01-16 09:34:39,308.525,308.5,1,308.43,80,308.62,200,308.62,308.43,308.43,80,308.42,40,308.4,280,308.29,40,308.23,200,308.19,40,308.1,160,308.07,280,307.95,40,307.94,40,308.62,200,,,,,,,,,,,,,,,,,,
2026-01-16 09:34:40,308.525,308.5,1,308.43,200,308.62,200,308.62,308.43,308.43,200,308.42,40,308.4,280,308.29,40,308.23,200,308.19,40,308.1,160,308.07,280,307.95,40,307.94,40,308.62,200,,,,,,,,,,,,,,,,,,
2026-01-16 09:34:41,308.525,308.5,1,308.43,200,308.62,200,308.62,308.43,308.43,200,308.42,40,308.4,280,308.29,40,308.23,200,308.19,40,308.1,160,308.07,280,307.95,40,307.94,40,308.62,200,,,,,,,,,,,,,,,,,,
2026-01-16 09:34:42,308.525,308.5,1,308.43,200,308.62,440,308.62,308.43,308.43,200,308.42,40,308.4,280,308.29,40,308.23,200,308.19,40,308.1,160,308.07,280,307.95,40,307.94,40,308.62,440,,,,,,,,,,,,,,,,,,
2026-01-16 09:34:43,308.525,308.5,1,308.43,200,308.62,440,308.62,308.43,308.43,200,308.42,40,308.4,280,308.29,40,308.23,200,308.19,40,308.1,160,308.07,280,307.95,40,307.94,40,308.62,440,,,,,,,,,,,,,,,,,,
2026-01-16 09:34:44,308.525,308.5,1,308.43,200,308.62,440,308.62,308.43,308.43,200,308.42,40,308.4,280,308.29,40,308.23,200,308.19,40,308.1,160,308.07,280,307.95,40,307.94,40,308.62,440,,,,,,,,,,,,,,,,,,
2026-01-16 09:34:45,308.525,308.5,1,308.43,200,308.62,440,308.62,308.43,308.43,200,308.42,40,308.4,280,308.29,40,308.23,200,308.19,40,308.1,160,308.07,280,307.95,40,307.94,40,308.62,440,,,,,,,,,,,,,,,,,,
2026-01-16 09:34:46,308.455,308.5,1,308.38,80,308.53,120,308.53,308.38,308.38,80,308.29,40,308.23,200,308.19,40,308.1,160,308.07,280,307.95,40,307.94,40,307.81,160,307.71,80,308.53,120,308.6,40,308.62,440,,,,,,,,,,,,,,
2026-01-16 09:34:47,308.455,308.5,1,308.38,80,308.53,120,308.53,308.38,308.38,80,308.29,40,308.23,200,308.19,40,308.1,160,308.07,280,307.95,40,307.94,40,307.81,160,307.71,80,308.53,120,308.6,40,308.62,440,,,,,,,,,,,,,,
2026-01-16 09:34:48,308.45,308.5,1,308.38,160,308.52,80,308.52,308.38,308.38,160,308.29,40,308.23,200,308.19,40,308.1,160,308.07,280,307.95,40,307.94,40,307.81,160,307.71,80,308.52,80,308.53,120,308.6,40,308.62,440,,,,,,,,,,,,
2026-01-16 09:34:49,308.45,308.5,1,308.38,160,308.52,80,308.52,308.38,308.38,160,308.29,40,308.23,200,308.19,40,308.1,160,308.07,280,307.95,40,307.94,40,307.81,160,307.71,80,308.52,80,308.53,120,308.6,40,308.62,440,,,,,,,,,,,,
2026-01-16 09:34:50,308.45,308.5,1,308.38,160,308.52,80,308.52,308.38,308.38,160,308.29,40,308.23,200,308.19,40,308.1,160,308.07,280,307.95,40,307.94,40,307.81,160,307.71,80,308.52,80,308.53,120,308.6,40,308.62,440,,,,,,,,,,,,
2026-01-16 09:34:51,308.45,308.5,1,308.38,160,308.52,80,308.52,308.38,308.38,160,308.29,40,308.23,200,308.19,40,308.1,160,308.07,280,307.95,40,307.94,40,307.81,160,307.71,80,308.52,80,308.53,120,308.6,40,308.62,440,,,,,,,,,,,,
2026-01-16 09:34:52,308.45,308.5,1,308.38,160,308.52,80,308.52,308.38,308.38,160,308.29,40,308.23,200,308.19,40,308.1,160,308.07,280,307.95,40,307.94,40,307.81,160,307.71,80,308.52,80,308.53,120,308.6,40,308.62,440,,,,,,,,,,,,
2026-01-16 09:34:53,308.45,308.5,1,308.38,160,308.52,80,308.52,308.38,308.38,160,308.29,40,308.23,200,308.19,40,308.1,160,308.07,280,307.95,40,307.94,40,307.81,160,307.71,80,308.52,80,308.53,120,308.6,40,308.62,440,,,,,,,,,,,,
2026-01-16 09:34:54,308.45,308.5,1,308.38,160,308.52,80,308.52,308.38,308.38,160,308.29,40,308.23,200,308.19,40,308.1,160,308.07,280,307.95,40,307.94,40,307.81,160,307.71,80,308.52,80,308.53,120,308.6,40,308.62,440,,,,,,,,,,,,
2026-01-16 09:34:55,308.45,308.5,1,308.38,160,308.52,80,308.52,308.38,308.38,160,308.29,40,308.23,200,308.19,40,308.1,160,308.07,280,307.95,40,307.94,40,307.81,160,307.71,80,308.52,80,308.53,120,308.6,40,308.62,440,,,,,,,,,,,,
2026-01-16 09:34:56,308.45,308.5,1,308.38,160,308.52,80,308.52,308.38,308.38,160,308.29,40,308.23,200,308.19,40,308.1,160,308.07,280,307.95,40,307.94,40,307.81,160,307.71,80,308.52,80,308.53,120,308.6,40,308.62,440,,,,,,,,,,,,
2026-01-16 09:34:57,308.45,308.5,1,308.38,160,308.52,80,308.52,308.38,308.38,160,308.29,40,308.23,200,308.19,40,308.1,160,308.07,280,307.95,40,307.94,40,307.81,160,307.71,80,308.52,80,308.53,120,308.6,40,308.62,440,,,,,,,,,,,,
2026-01-16 09:34:58,308.45,308.5,1,308.38,160,308.52,80,308.52,308.38,308.38,160,308.29,40,308.23,200,308.19,40,308.1,160,308.07,280,307.95,40,307.94,40,307.81,160,307.71,80,308.52,80,308.53,120,308.6,40,308.62,440,,,,,,,,,,,,
2026-01-16 09:34:59,308.45,308.5,1,308.38,160,308.52,80,308.52,308.38,308.38,160,308.29,40,308.23,200,308.19,40,308.1,160,308.07,280,307.95,40,307.94,40,307.81,160,307.71,80,308.52,80,308.53,120,308.6,40,308.62,440,,,,,,,,,,,,
2026-01-16 09:35:00,308.325,308.23,1,308.23,120,308.42,40,308.42,308.23,308.23,120,308.19,40,308.1,160,308.07,280,307.95,40,307.94,40,307.81,160,307.71,80,307.7,240,307.69,80,308.42,40,308.5,80,308.52,120,308.53,120,308.6,40,308.62,440,,,,,,,,
2026-01-16 09:35:01,308.22,308.23,1,308.07,280,308.37,200,308.37,308.07,308.07,280,307.95,40,307.94,40,307.81,160,307.71,80,307.7,240,307.69,80,307.68,80,307.67,40,307.66,80,308.37,200,308.41,80,308.42,80,308.5,80,308.52,120,308.53,120,308.6,40,308.62,440,,,,
2026-01-16 09:35:02,308.22,308.23,1,308.07,280,308.37,200,308.37,308.07,308.07,280,307.95,40,307.94,40,307.81,160,307.71,80,307.7,240,307.69,80,307.68,80,307.67,40,307.66,80,308.37,200,308.41,80,308.42,80,308.5,80,308.52,120,308.53,120,308.6,40,308.62,440,,,,
2026-01-16 09:35:03,308.22,308.23,1,308.07,280,308.37,200,308.37,308.07,308.07,280,307.95,40,307.94,40,307.81,160,307.71,80,307.7,240,307.69,80,307.68,80,307.67,40,307.66,80,308.37,200,308.41,80,308.42,80,308.5,80,308.52,120,308.53,120,308.6,40,308.62,440,,,,
2026-01-16 09:35:04,308.22,308.22,5,308.07,280,308.37,200,308.37,308.07,308.07,280,307.95,40,307.94,40,307.81,160,307.71,80,307.7,240,307.69,80,307.68,80,307.67,40,307.66,80,308.37,200,308.41,80,308.42,80,308.5,80,308.52,120,308.53,120,308.6,40,308.62,440,,,,
2026-01-16 09:35:05,308.22,308.22,5,308.07,280,308.37,200,308.37,308.07,308.07,280,307.95,40,307.94,40,307.81,160,307.71,80,307.7,240,307.69,80,307.68,80,307.67,40,307.66,80,308.37,200,308.41,80,308.42,80,308.5,80,308.52,120,308.53,120,308.6,40,308.62,440,,,,
2026-01-16 09:35:06,308.22,308.22,5,308.07,280,308.37,200,308.37,308.07,308.07,280,307.95,40,307.94,40,307.81,160,307.71,80,307.7,240,307.69,80,307.68,80,307.67,40,307.66,80,308.37,200,308.41,80,308.42,80,308.5,80,308.52,120,308.53,120,308.6,40,308.62,440,,,,
2026-01-16 09:35:07,308.22,308.22,5,308.07,280,308.37,200,308.37,308.07,308.07,280,307.95,40,307.94,40,307.81,160,307.71,80,307.7,240,307.69,80,307.68,80,307.67,40,307.66,80,308.37,200,308.41,80,308.42,80,308.5,80,308.52,120,308.53,120,308.6,40,308.62,440,,,,
2026-01-16 09:35:08,308.22,308.22,5,308.07,280,308.37,200,308.37,308.07,308.07,280,307.95,40,307.94,40,307.81,160,307.71,80,307.7,240,307.69,80,307.68,80,307.67,40,307.66,80,308.37,200,308.41,80,308.42,80,308.5,80,308.52,120,308.53,120,308.6,40,308.62,440,,,,
2026-01-16 09:35:09,308.22,308.22,5,308.07,280,308.37,200,308.37,308.07,308.07,280,307.95,40,307.94,40,307.81,160,307.71,80,307.7,240,307.69,80,307.68,80,307.67,40,307.66,80,308.37,200,308.41,80,308.42,80,308.5,80,308.52,120,308.53,120,308.6,40,308.62,440,,,,
2026-01-16 09:35:10,308.22,308.22,5,308.07,280,308.37,200,308.37,308.07,308.07,280,307.95,40,307.94,40,307.81,160,307.71,80,307.7,240,307.69,80,307.68,80,307.67,40,307.66,80,308.37,200,308.41,80,308.42,80,308.5,80,308.52,120,308.53,120,308.6,40,308.62,440,,,,
2026-01-16 09:35:11,308.22,308.22,5,308.07,320,308.37,200,308.37,308.07,308.07,320,307.95,40,307.94,40,307.81,160,307.71,80,307.7,240,307.69,80,307.68,80,307.67,40,307.66,80,308.37,200,308.41,80,308.42,80,308.5,80,308.52,120,308.53,120,308.6,40,308.62,440,,,,
2026-01-16 09:35:12,308.22,308.22,5,308.07,320,308.37,200,308.37,308.07,308.07,320,307.95,40,307.94,40,307.81,160,307.71,80,307.7,240,307.69,80,307.68,80,307.67,40,307.66,80,308.37,200,308.41,80,308.42,80,308.5,80,308.52,120,308.53,120,308.6,40,308.62,440,,,,
2026-01-16 09:35:13,308.215,308.22,5,308.07,320,308.36,120,308.36,308.07,308.07,320,307.95,40,307.94,40,307.81,160,307.71,80,307.7,240,307.69,80,307.68,80,307.67,40,307.66,80,308.36,120,308.37,200,308.41,80,308.42,80,308.5,80,308.52,120,308.53,120,308.6,40,308.62,440,,
2026-01-16 09:35:14,308.215,308.22,5,308.07,320,308.36,120,308.36,308.07,308.07,320,307.95,40,307.94,40,307.81,160,307.71,80,307.7,240,307.69,80,307.68,80,307.67,40,307.66,80,308.36,120,308.37,200,308.41,80,308.42,80,308.5,80,308.52,120,308.53,120,308.6,40,308.62,440,,
2026-01-16 09:35:15,308.215,308.22,5,308.07,320,308.36,120,308.36,308.07,308.07,320,307.95,40,307.94,40,307.81,160,307.71,80,307.7,240,307.69,80,307.68,80,307.67,40,307.66,80,308.36,120,308.37,200,308.41,80,308.42,80,308.5,80,308.52,120,308.53,120,308.6,40,308.62,440,,
2026-01-16 09:35:16,308.215,308.22,5,308.07,320,308.36,120,308.36,308.07,308.07,320,307.95,40,307.94,40,307.81,160,307.71,80,307.7,240,307.69,80,307.68,80,307.67,40,307.66,80,308.36,120,308.37,200,308.41,80,308.42,80,308.5,80,308.52,120,308.53,120,308.6,40,308.62,440,,
2026-01-16 09:35:17,308.215,308.22,5,308.07,320,308.36,120,308.36,308.07,308.07,320,307.95,40,307.94,40,307.81,160,307.71,80,307.7,240,307.69,80,307.68,80,307.67,40,307.66,80,308.36,120,308.37,200,308.41,80,308.42,80,308.5,80,308.52,120,308.53,120,308.6,40,308.62,440,,
2026-01-16 09:35:18,308.215,308.22,5,308.07,320,308.36,120,308.36,308.07,308.07,320,307.95,40,307.94,40,307.81,160,307.71,80,307.7,240,307.69,80,307.68,80,307.67,40,307.66,80,308.36,120,308.37,200,308.41,80,308.42,80,308.5,80,308.52,120,308.53,120,308.6,40,308.62,440,,
2026-01-16 09:35:19,308.22,308.22,5,308.08,120,308.36,120,308.36,308.08,308.08,120,308.07,320,307.95,40,307.94,40,307.81,160,307.71,80,307.7,240,307.69,80,307.68,80,307.67,40,308.36,120,308.37,200,308.41,80,308.42,80,308.5,80,308.52,120,308.53,120,308.6,40,308.62,440,,
2026-01-16 09:35:20,308.22,308.22,5,308.08,120,308.36,120,308.36,308.08,308.08,120,308.07,320,307.95,40,307.94,40,307.81,160,307.71,80,307.7,240,307.69,80,307.68,80,307.67,40,308.36,120,308.37,200,308.41,80,308.42,80,308.5,80,308.52,120,308.53,120,308.6,40,308.62,440,,
2026-01-16 09:35:21,308.22,308.22,1,308.08,120,308.36,80,308.36,308.08,308.08,120,308.07,320,307.95,40,307.94,40,307.81,160,307.71,80,307.7,240,307.69,80,307.68,80,307.67,40,308.36,80,308.37,200,308.41,80,308.42,80,308.5,80,308.52,120,308.53,120,308.6,40,308.62,440,,
2026-01-16 09:35:22,308.22,308.22,1,308.08,120,308.36,80,308.36,308.08,308.08,120,308.07,320,307.95,40,307.94,40,307.81,160,307.71,80,307.7,240,307.69,80,307.68,80,307.67,40,308.36,80,308.37,200,308.41,80,308.42,80,308.5,80,308.52,120,308.53,120,308.6,40,308.62,440,,
2026-01-16 09:35:23,308.22,308.22,1,308.08,120,308.36,80,308.36,308.08,308.08,120,308.07,320,307.95,40,307.94,40,307.81,160,307.71,80,307.7,240,307.69,80,307.68,80,307.67,40,308.36,80,308.37,200,308.41,80,308.42,80,308.5,80,308.52,120,308.53,120,308.6,40,308.62,440,,
2026-01-16 09:35:24,308.22,308.22,1,308.08,120,308.36,80,308.36,308.08,308.08,120,308.07,320,307.95,40,307.94,40,307.81,160,307.71,80,307.7,240,307.69,80,307.68,80,307.67,40,308.36,80,308.37,200,308.41,80,308.42,80,308.5,80,308.52,120,308.53,120,308.6,40,308.62,440,,
2026-01-16 09:35:25,308.22,308.22,1,308.08,120,308.36,80,308.36,308.08,308.08,120,308.07,320,307.95,40,307.94,40,307.81,160,307.71,80,307.7,240,307.69,80,307.68,80,307.67,40,308.36,80,308.37,200,308.41,80,308.42,80,308.5,80,308.52,120,308.53,120,308.6,40,308.62,440,,
2026-01-16 09:35:26,308.22,308.22,1,308.08,120,308.36,80,308.36,308.08,308.08,120,308.07,320,307.95,40,307.94,40,307.81,160,307.71,80,307.7,240,307.69,80,307.68,80,307.67,40,308.36,80,308.37,200,308.41,80,308.42,80,308.5,80,308.52,120,308.53,120,308.6,40,308.62,440,,
2026-01-16 09:35:27,308.22,308.22,1,308.08,120,308.36,80,308.36,308.08,308.08,120,308.07,320,307.95,40,307.94,40,307.81,160,307.71,80,307.7,240,307.69,80,307.68,80,307.67,40,308.36,80,308.37,200,308.41,80,308.42,80,308.5,80,308.52,120,308.53,120,308.6,40,308.62,440,,
2026-01-16 09:35:28,308.22,308.22,1,308.08,120,308.36,120,308.36,308.08,308.08,120,308.07,320,307.95,40,307.94,40,307.81,160,307.71,80,307.7,240,307.69,80,307.68,80,307.67,40,308.36,120,308.37,200,308.41,80,308.42,80,308.5,80,308.52,120,308.53,120,308.6,40,308.62,440,,
2026-01-16 09:35:29,308.22,308.22,1,308.08,120,308.36,240,308.36,308.08,308.08,120,308.07,320,307.95,40,307.94,40,307.81,160,307.71,80,307.7,240,307.69,80,307.68,80,307.67,40,308.36,240,308.37,200,308.41,80,308.42,80,308.5,80,308.52,120,308.53,120,308.6,40,308.62,440,,
2026-01-16 09:35:30,308.215,308.14,1,308.07,320,308.36,360,308.36,308.07,308.07,320,307.95,40,307.94,40,307.81,160,307.71,80,307.7,240,307.69,80,307.68,80,307.67,40,307.66,80,308.36,360,308.37,200,308.41,80,308.42,80,308.5,80,308.52,120,308.53,120,308.6,40,308.62,440,,
2026-01-16 09:35:31,308.215,308.14,1,308.07,320,308.36,400,308.36,308.07,308.07,320,307.95,40,307.94,40,307.81,160,307.71,80,307.7,240,307.69,80,307.68,80,307.67,40,307.66,80,308.36,400,308.37,200,308.41,80,308.42,80,308.5,80,308.52,120,308.53,120,308.6,40,308.62,440,,
2026-01-16 09:35:32,308.215,308.14,1,308.07,320,308.36,400,308.36,308.07,308.07,320,307.95,40,307.94,40,307.81,160,307.71,80,307.7,240,307.69,80,307.68,80,307.67,40,307.66,80,308.36,400,308.37,200,308.41,80,308.42,80,308.5,80,308.52,120,308.53,120,308.6,40,308.62,440,,
2026-01-16 09:35:33,308.215,308.14,1,308.07,320,308.36,400,308.36,308.07,308.07,320,307.95,40,307.94,40,307.81,160,307.71,80,307.7,240,307.69,80,307.68,80,307.67,40,307.66,80,308.36,400,308.37,200,308.41,80,308.42,80,308.5,80,308.52,120,308.53,120,308.6,40,308.62,440,,
2026-01-16 09:35:34,308.215,308.14,1,308.07,320,308.36,400,308.36,308.07,308.07,320,307.95,40,307.94,40,307.81,160,307.71,80,307.7,240,307.69,80,307.68,80,307.67,40,307.66,80,308.36,400,308.37,200,308.41,80,308.42,80,308.5,80,308.52,120,308.53,120,308.6,40,308.62,440,,
2026-01-16 09:35:35,308.235,308.14,1,308.11,120,308.36,440,308.36,308.11,308.11,120,308.07,320,307.95,40,307.94,40,307.81,160,307.71,80,307.7,240,307.69,80,307.68,80,307.67,40,308.36,440,308.37,200,308.41,80,308.42,80,308.5,80,308.52,120,308.53,120,308.6,40,308.62,440,,
2026-01-16 09:35:36,308.235,308.14,1,308.11,120,308.36,440,308.36,308.11,308.11,120,308.07,320,307.95,40,307.94,40,307.81,160,307.71,80,307.7,240,307.69,80,307.68,80,307.67,40,308.36,440,308.37,200,308.41,80,308.42,80,308.5,80,308.52,120,308.53,120,308.6,40,308.62,440,,
2026-01-16 09:35:37,308.235,308.14,1,308.11,160,308.36,440,308.36,308.11,308.11,160,308.07,320,307.95,40,307.94,40,307.81,160,307.71,80,307.7,240,307.69,80,307.68,80,307.67,40,308.36,440,308.37,200,308.41,80,308.42,80,308.5,80,308.52,120,308.53,120,308.6,40,308.62,440,,
2026-01-16 09:35:38,308.235,308.14,1,308.11,160,308.36,440,308.36,308.11,308.11,160,308.07,320,307.95,40,307.94,40,307.81,160,307.71,80,307.7,240,307.69,80,307.68,80,307.67,40,308.36,440,308.37,200,308.41,80,308.42,80,308.5,80,308.52,120,308.53,120,308.6,40,308.62,440,,
2026-01-16 09:35:39,308.235,308.14,1,308.11,160,308.36,440,308.36,308.11,308.11,160,308.07,320,307.95,40,307.94,40,307.81,160,307.71,80,307.7,240,307.69,80,307.68,80,307.67,40,308.36,440,308.37,200,308.41,80,308.42,80,308.5,80,308.52,120,308.53,120,308.6,40,308.62,440,,
2026-01-16 09:35:40,308.235,308.14,1,308.11,160,308.36,440,308.36,308.11,308.11,160,308.07,320,307.95,40,307.94,40,307.81,160,307.71,80,307.7,240,307.69,80,307.68,80,307.67,40,308.36,440,308.37,200,308.41,80,308.42,80,308.5,80,308.52,120,308.53,120,308.6,40,308.62,440,,
2026-01-16 09:35:41,308.235,308.14,1,308.11,160,308.36,440,308.36,308.11,308.11,160,308.07,320,307.95,40,307.94,40,307.81,160,307.71,80,307.7,240,307.69,80,307.68,80,307.67,40,308.36,440,308.37,200,308.41,80,308.42,80,308.5,80,308.52,120,308.53,120,308.6,40,308.62,440,,
2026-01-16 09:35:42,308.235,308.14,1,308.11,160,308.36,400,308.36,308.11,308.11,160,308.07,320,307.95,40,307.94,40,307.81,160,307.71,80,307.7,240,307.69,80,307.68,80,307.67,40,308.36,400,308.37,200,308.41,80,308.42,80,308.5,80,308.52,120,308.53,120,308.6,40,308.62,440,,
2026-01-16 09:35:43,308.235,308.14,1,308.11,160,308.36,400,308.36,308.11,308.11,160,308.07,320,307.95,40,307.94,40,307.81,160,307.71,80,307.7,240,307.69,80,307.68,80,307.67,40,308.36,400,308.37,200,308.41,80,308.42,80,308.5,80,308.52,120,308.53,120,308.6,40,308.62,440,,
2026-01-16 09:35:44,308.235,308.14,1,308.11,160,308.36,400,308.36,308.11,308.11,160,308.07,320,307.95,40,307.94,40,307.81,160,307.71,80,307.7,240,307.69,80,307.68,80,307.67,40,308.36,400,308.37,200,308.41,80,308.42,80,308.5,80,308.52,120,308.53,120,308.6,40,308.62,440,,
2026-01-16 09:35:45,308.235,308.14,1,308.11,160,308.36,400,308.36,308.11,308.11,160,308.07,320,307.95,40,307.94,40,307.81,160,307.71,80,307.7,240,307.69,80,307.68,80,307.67,40,308.36,400,308.37,200,308.41,80,308.42,80,308.5,80,308.52,120,308.53,120,308.6,40,308.62,440,,
2026-01-16 09:35:46,308.235,308.14,1,308.11,160,308.36,400,308.36,308.11,308.11,160,308.07,320,307.95,40,307.94,40,307.81,160,307.71,80,307.7,240,307.69,80,307.68,80,307.67,40,308.36,400,308.37,200,308.41,80,308.42,80,308.5,80,308.52,120,308.53,120,308.6,40,308.62,440,,
2026-01-16 09:35:47,308.235,308.14,1,308.11,160,308.36,400,308.36,308.11,308.11,160,308.07,320,307.95,40,307.94,40,307.81,160,307.71,80,307.7,240,307.69,80,307.68,80,307.67,40,308.36,400,308.37,200,308.41,80,308.42,80,308.5,80,308.52,120,308.53,120,308.6,40,308.62,440,,
2026-01-16 09:35:48,308.235,308.14,1,308.11,160,308.36,400,308.36,308.11,308.11,160,308.07,320,307.95,40,307.94,40,307.81,160,307.71,80,307.7,240,307.69,80,307.68,80,307.67,40,308.36,400,308.37,200,308.41,80,308.42,80,308.5,80,308.52,120,308.53,120,308.6,40,308.62,440,,
2026-01-16 09:35:49,308.235,308.14,1,308.11,160,308.36,400,308.36,308.11,308.11,160,308.07,320,307.95,40,307.94,40,307.81,160,307.71,80,307.7,240,307.69,80,307.68,80,307.67,40,308.36,400,308.37,200,308.41,80,308.42,80,308.5,80,308.52,120,308.53,120,308.6,40,308.62,440,,
2026-01-16 09:35:50,308.24,308.14,1,308.12,120,308.36,400,308.36,308.12,308.12,120,308.11,160,308.07,320,307.95,40,307.94,40,307.81,160,307.71,80,307.7,240,307.69,80,307.68,80,308.36,400,308.37,200,308.41,80,308.42,80,308.5,80,308.52,120,308.53,120,308.6,40,308.62,440,,
2026-01-16 09:35:51,308.24,308.14,1,308.12,120,308.36,440,308.36,308.12,308.12,120,308.11,160,308.07,320,307.95,40,307.94,40,307.81,160,307.71,80,307.7,240,307.69,80,307.68,80,308.36,440,308.37,200,308.41,80,308.42,80,308.5,80,308.52,120,308.53,120,308.6,40,308.62,440,,
2026-01-16 09:35:52,308.24,308.14,1,308.12,120,308.36,440,308.36,308.12,308.12,120,308.11,160,308.07,320,307.95,40,307.94,40,307.81,160,307.71,80,307.7,240,307.69,80,307.68,80,308.36,440,308.37,200,308.41,80,308.42,80,308.5,80,308.52,120,308.53,120,308.6,40,308.62,440,,
2026-01-16 09:35:53,308.24,308.14,1,308.12,120,308.36,400,308.36,308.12,308.12,120,308.11,160,308.07,320,307.95,40,307.94,40,307.81,160,307.71,80,307.7,240,307.69,80,307.68,80,308.36,400,308.37,200,308.41,80,308.42,80,308.5,80,308.52,120,308.53,120,308.6,40,308.62,440,,
2026-01-16 09:35:54,308.24,308.14,1,308.12,120,308.36,400,308.36,308.12,308.12,120,308.11,160,308.07,320,307.95,40,307.94,40,307.81,160,307.71,80,307.7,240,307.69,80,307.68,80,308.36,400,308.37,200,308.41,80,308.42,80,308.5,80,308.52,120,308.53,120,308.6,40,308.62,440,,
2026-01-16 09:35:55,308.24,308.14,1,308.12,120,308.36,400,308.36,308.12,308.12,120,308.11,160,308.07,320,307.95,40,307.94,40,307.81,160,307.71,80,307.7,240,307.69,80,307.68,80,308.36,400,308.37,200,308.41,80,308.42,80,308.5,80,308.52,120,308.53,120,308.6,40,308.62,440,,
2026-01-16 09:35:56,308.24,308.14,1,308.12,120,308.36,400,308.36,308.12,308.12,120,308.11,160,308.07,320,307.95,40,307.94,40,307.81,160,307.71,80,307.7,240,307.69,80,307.68,80,308.36,400,308.37,200,308.41,80,308.42,80,308.5,80,308.52,120,308.53,120,308.6,40,308.62,440,,
2026-01-16 09:35:57,308.145,308.14,1,307.94,80,308.35,80,308.35,307.94,307.94,80,307.81,160,307.71,80,307.7,240,307.69,80,307.68,80,307.67,40,307.66,80,307.65,40,307.64,560,308.35,80,308.36,480,308.37,200,308.41,80,308.42,80,308.5,80,308.52,120,308.53,120,308.6,40,308.62,440
2026-01-16 09:35:58,308.145,308.14,1,307.94,80,308.35,80,308.35,307.94,307.94,80,307.81,160,307.71,80,307.7,240,307.69,80,307.68,80,307.67,40,307.66,80,307.65,40,307.64,560,308.35,80,308.36,480,308.37,200,308.41,80,308.42,80,308.5,80,308.52,120,308.53,120,308.6,40,308.62,440
2026-01-16 09:35:59,308.145,308.14,1,307.94,80,308.35,40,308.35,307.94,307.94,80,307.81,160,307.71,80,307.7,240,307.69,80,307.68,80,307.67,40,307.66,80,307.65,40,307.64,560,308.35,40,308.36,480,308.37,200,308.41,80,308.42,80,308.5,80,308.52,120,308.53,120,308.6,40,308.62,440
2026-01-16 09:36:00,308.155,308.14,1,307.95,40,308.36,320,308.36,307.95,307.95,40,307.94,80,307.81,160,307.71,80,307.7,240,307.69,80,307.68,80,307.67,40,307.66,80,307.65,40,308.36,320,308.37,200,308.41,80,308.42,80,308.5,80,308.52,120,308.53,120,308.6,40,308.62,440,,
2026-01-16 09:36:01,308.15,308.14,1,307.95,40,308.35,80,308.35,307.95,307.95,40,307.94,80,307.81,160,307.71,80,307.7,240,307.69,80,307.68,80,307.67,40,307.66,80,307.65,40,308.35,80,308.36,400,308.37,200,308.41,80,308.42,80,308.5,80,308.52,120,308.53,120,308.6,40,308.62,440
2026-01-16 09:36:02,308.175,308.14,1,308.0,40,308.35,120,308.35,308.0,308.0,40,307.95,40,307.94,80,307.81,160,307.71,80,307.7,240,307.69,80,307.68,80,307.67,40,307.66,80,308.35,120,308.36,400,308.37,200,308.41,80,308.42,80,308.5,80,308.52,120,308.53,120,308.6,40,308.62,440
2026-01-16 09:36:03,308.175,308.14,1,308.0,40,308.35,120,308.35,308.0,308.0,40,307.95,40,307.94,80,307.81,160,307.71,80,307.7,240,307.69,80,307.68,80,307.67,40,307.66,80,308.35,120,308.36,400,308.37,200,308.41,80,308.42,80,308.5,80,308.52,120,308.53,120,308.6,40,308.62,440
2026-01-16 09:36:04,308.175,308.14,1,308.0,40,308.35,120,308.35,308.0,308.0,40,307.95,40,307.94,80,307.81,160,307.71,80,307.7,240,307.69,80,307.68,80,307.67,40,307.66,80,308.35,120,308.36,400,308.37,200,308.41,80,308.42,80,308.5,80,308.52,120,308.53,120,308.6,40,308.62,440
2026-01-16 09:36:05,308.175,308.14,1,308.0,40,308.35,120,308.35,308.0,308.0,40,307.95,40,307.94,80,307.81,160,307.71,80,307.7,240,307.69,80,307.68,80,307.67,40,307.66,80,308.35,120,308.36,400,308.37,200,308.41,80,308.42,80,308.5,80,308.52,120,308.53,120,308.6,40,308.62,440
2026-01-16 09:36:06,308.175,308.14,1,308.0,40,308.35,120,308.35,308.0,308.0,40,307.95,40,307.94,80,307.81,160,307.71,80,307.7,240,307.69,80,307.68,80,307.67,40,307.66,80,308.35,120,308.36,400,308.37,200,308.41,80,308.42,80,308.5,80,308.52,120,308.53,120,308.6,40,308.62,440
2026-01-16 09:36:07,308.175,308.14,1,308.0,40,308.35,120,308.35,308.0,308.0,40,307.95,40,307.94,80,307.81,160,307.71,80,307.7,240,307.69,80,307.68,80,307.67,40,307.66,80,308.35,120,308.36,400,308.37,200,308.41,80,308.42,80,308.5,80,308.52,120,308.53,120,308.6,40,308.62,440
2026-01-16 09:36:08,308.17,308.14,1,308.0,120,308.34,120,308.34,308.0,308.0,120,307.95,40,307.94,80,307.81,160,307.71,80,307.7,240,307.69,80,307.68,80,307.67,40,307.66,80,308.34,120,308.35,120,308.36,400,308.37,200,308.41,80,308.42,80,308.5,80,308.52,120,308.53,120,308.6,40
2026-01-16 09:36:09,308.17,308.14,1,308.0,160,308.34,120,308.34,308.0,308.0,160,307.95,40,307.94,80,307.81,160,307.71,80,307.7,240,307.69,80,307.68,80,307.67,40,307.66,80,308.34,120,308.35,120,308.36,400,308.37,200,308.41,80,308.42,80,308.5,80,308.52,120,308.53,120,308.6,40
2026-01-16 09:36:10,308.17,308.14,1,308.0,160,308.34,120,308.34,308.0,308.0,160,307.95,40,307.94,80,307.81,160,307.71,80,307.7,240,307.69,80,307.68,80,307.67,40,307.66,80,308.34,120,308.35,120,308.36,400,308.37,200,308.41,80,308.42,80,308.5,80,308.52,120,308.53,120,308.6,40
2026-01-16 09:36:11,308.17,308.14,1,308.0,160,308.34,120,308.34,308.0,308.0,160,307.95,40,307.94,80,307.81,160,307.71,80,307.7,240,307.69,80,307.68,80,307.67,40,307.66,80,308.34,120,308.35,120,308.36,400,308.37,200,308.41,80,308.42,80,308.5,80,308.52,120,308.53,120,308.6,40
2026-01-16 09:36:12,308.17,308.14,1,308.0,160,308.34,120,308.34,308.0,308.0,160,307.95,40,307.94,80,307.81,160,307.71,80,307.7,240,307.69,80,307.68,80,307.67,40,307.66,80,308.34,120,308.35,120,308.36,400,308.37,200,308.41,80,308.42,80,308.5,80,308.52,120,308.53,120,308.6,40
2026-01-16 09:36:13,308.16,308.14,1,308.0,160,308.32,40,308.32,308.0,308.0,160,307.95,40,307.94,80,307.81,160,307.71,80,307.7,240,307.69,80,307.68,80,307.67,40,307.66,80,308.32,40,308.33,160,308.34,80,308.35,240,308.36,400,308.37,200,308.41,80,308.42,80,308.5,80,308.52,120
2026-01-16 09:36:14,308.16,308.14,1,308.0,160,308.32,40,308.32,308.0,308.0,160,307.95,40,307.94,80,307.81,160,307.71,80,307.7,240,307.69,80,307.68,80,307.67,40,307.66,80,308.32,40,308.33,160,308.34,80,308.35,240,308.36,400,308.37,200,308.41,80,308.42,80,308.5,80,308.52,120
2026-01-16 09:36:15,308.165,308.14,1,308.0,160,308.33,160,308.33,308.0,308.0,160,307.95,40,307.94,80,307.81,160,307.71,80,307.7,240,307.69,80,307.68,80,307.67,40,307.66,80,308.33,160,308.34,80,308.35,240,308.36,400,308.37,200,308.41,80,308.42,80,308.5,80,308.52,120,308.53,120
2026-01-16 09:36:16,308.165,308.14,1,308.0,160,308.33,160,308.33,308.0,308.0,160,307.95,40,307.94,80,307.81,160,307.71,80,307.7,240,307.69,80,307.68,80,307.67,40,307.66,80,308.33,160,308.34,80,308.35,240,308.36,400,308.37,200,308.41,80,308.42,80,308.5,80,308.52,120,308.53,120
2026-01-16 09:36:17,308.165,308.14,1,308.0,160,308.33,160,308.33,308.0,308.0,160,307.95,40,307.94,80,307.81,160,307.71,80,307.7,240,307.69,80,307.68,80,307.67,40,307.66,80,308.33,160,308.34,80,308.35,240,308.36,400,308.37,200,308.41,80,308.42,80,308.5,80,308.52,120,308.53,120
2026-01-16 09:36:18,308.165,308.14,1,308.0,160,308.33,160,308.33,308.0,308.0,160,307.95,40,307.94,80,307.81,160,307.71,80,307.7,240,307.69,80,307.68,80,307.67,40,307.66,80,308.33,160,308.34,80,308.35,240,308.36,400,308.37,200,308.41,80,308.42,80,308.5,80,308.52,120,308.53,120
2026-01-16 09:36:19,308.165,308.14,1,308.0,160,308.33,160,308.33,308.0,308.0,160,307.95,40,307.94,80,307.81,160,307.71,80,307.7,240,307.69,80,307.68,80,307.67,40,307.66,80,308.33,160,308.34,80,308.35,240,308.36,400,308.37,200,308.41,80,308.42,80,308.5,80,308.52,120,308.53,120
2026-01-16 09:36:20,308.165,308.14,1,308.0,160,308.33,160,308.33,308.0,308.0,160,307.95,40,307.94,80,307.81,160,307.71,80,307.7,240,307.69,80,307.68,80,307.67,40,307.66,80,308.33,160,308.34,80,308.35,240,308.36,400,308.37,200,308.41,80,308.42,80,308.5,80,308.52,120,308.53,120
2026-01-16 09:36:21,308.05,308.14,1,307.95,40,308.15,120,308.15,307.95,307.95,40,307.94,80,307.81,160,307.71,80,307.7,240,307.69,80,307.68,80,307.67,40,307.66,80,307.65,40,308.15,120,308.32,80,308.33,120,308.34,80,308.35,240,308.36,400,308.37,200,308.41,80,308.42,80,308.5,80
2026-01-16 09:36:22,308.05,308.14,1,307.95,40,308.15,80,308.15,307.95,307.95,40,307.94,80,307.81,160,307.71,80,307.7,240,307.69,80,307.68,80,307.67,40,307.66,80,307.65,40,308.15,80,308.32,80,308.33,120,308.34,80,308.35,240,308.36,400,308.37,200,308.41,80,308.42,80,308.5,80
2026-01-16 09:36:23,308.05,308.14,1,307.95,40,308.15,80,308.15,307.95,307.95,40,307.94,80,307.81,160,307.71,80,307.7,240,307.69,80,307.68,80,307.67,40,307.66,80,307.65,40,308.15,80,308.32,80,308.33,120,308.34,80,308.35,240,308.36,400,308.37,200,308.41,80,308.42,80,308.5,80
2026-01-16 09:36:25,308.045,308.14,1,307.95,40,308.14,40,308.14,307.95,307.95,40,307.94,80,307.81,160,307.71,80,307.7,240,307.69,80,307.68,80,307.67,40,307.66,80,307.65,40,308.14,40,308.15,80,308.32,80,308.33,120,308.34,80,308.35,240,308.36,400,308.37,200,308.41,80,308.42,80
2026-01-16 09:36:26,308.045,308.14,1,307.95,40,308.14,40,308.14,307.95,307.95,40,307.94,80,307.81,160,307.71,80,307.7,240,307.69,80,307.68,80,307.67,40,307.66,80,307.65,40,308.14,40,308.15,80,308.32,80,308.33,120,308.34,80,308.35,240,308.36,400,308.37,200,308.41,80,308.42,80
2026-01-16 09:36:27,308.045,308.14,1,307.95,40,308.14,40,308.14,307.95,307.95,40,307.94,80,307.81,160,307.71,80,307.7,240,307.69,80,307.68,80,307.67,40,307.66,80,307.65,40,308.14,40,308.15,80,308.32,80,308.33,120,308.34,80,308.35,240,308.36,400,308.37,200,308.41,80,308.42,80
2026-01-16 09:36:28,308.045,308.14,1,307.95,40,308.14,40,308.14,307.95,307.95,40,307.94,80,307.81,160,307.71,80,307.7,240,307.69,80,307.68,80,307.67,40,307.66,80,307.65,40,308.14,40,308.15,80,308.32,80,308.33,120,308.34,80,308.35,240,308.36,400,308.37,200,308.41,80,308.42,80
2026-01-16 09:36:29,308.045,308.14,1,307.95,40,308.14,40,308.14,307.95,307.95,40,307.94,80,307.81,160,307.71,80,307.7,240,307.69,80,307.68,80,307.67,40,307.66,80,307.65,40,308.14,40,308.15,80,308.32,80,308.33,120,308.34,80,308.35,240,308.36,400,308.37,200,308.41,80,308.42,80
2026-01-16 09:36:30,307.97,308.14,1,307.8,40,308.14,120,308.14,307.8,307.8,40,307.71,80,307.7,240,307.69,80,307.68,80,307.67,40,307.66,80,307.65,40,307.64,560,307.51,280,308.14,120,308.15,80,308.32,80,308.33,120,308.34,80,308.35,240,308.36,400,308.37,200,308.41,80,308.42,80
2026-01-16 09:36:31,307.97,308.14,1,307.8,40,308.14,120,308.14,307.8,307.8,40,307.71,80,307.7,240,307.69,80,307.68,80,307.67,40,307.66,80,307.65,40,307.64,560,307.51,280,308.14,120,308.15,80,308.32,80,308.33,120,308.34,80,308.35,240,308.36,400,308.37,200,308.41,80,308.42,80
2026-01-16 09:36:32,307.97,308.14,1,307.8,40,308.14,160,308.14,307.8,307.8,40,307.71,80,307.7,240,307.69,80,307.68,80,307.67,40,307.66,80,307.65,40,307.64,560,307.51,280,308.14,160,308.15,80,308.32,80,308.33,120,308.34,80,308.35,240,308.36,400,308.37,200,308.41,80,308.42,80
2026-01-16 09:36:33,307.975,308.14,1,307.81,80,308.14,120,308.14,307.81,307.81,80,307.8,40,307.71,80,307.7,240,307.69,80,307.68,80,307.67,40,307.66,80,307.65,40,307.64,560,308.14,120,308.15,80,308.32,80,308.33,120,308.34,80,308.35,240,308.36,400,308.37,200,308.41,80,308.42,80
2026-01-16 09:36:34,307.975,308.14,1,307.81,80,308.14,120,308.14,307.81,307.81,80,307.8,40,307.71,80,307.7,240,307.69,80,307.68,80,307.67,40,307.66,80,307.65,40,307.64,560,308.14,120,308.15,80,308.32,80,308.33,120,308.34,80,308.35,240,308.36,400,308.37,200,308.41,80,308.42,80
2026-01-16 09:36:35,307.955,308.14,1,307.81,80,308.1,40,308.1,307.81,307.81,80,307.8,40,307.71,80,307.7,240,307.69,80,307.68,80,307.67,40,307.66,80,307.65,40,307.64,560,308.1,40,308.14,240,308.15,80,308.32,80,308.33,120,308.34,80,308.35,240,308.36,400,308.37,200,308.41,80
2026-01-16 09:36:36,307.805,308.14,1,307.65,40,307.96,120,307.96,307.65,307.65,40,307.64,560,307.51,280,307.5,200,307.46,240,307.44,40,307.43,200,307.42,120,307.41,320,307.4,160,307.96,120,308.0,160,308.09,80,308.1,80,308.14,240,308.15,80,308.32,80,308.33,120,308.34,80,308.35,240
2026-01-16 09:36:37,307.795,308.14,1,307.65,40,307.94,40,307.94,307.65,307.65,40,307.64,560,307.51,280,307.5,200,307.46,240,307.44,40,307.43,200,307.42,120,307.41,320,307.4,160,307.94,40,307.95,240,307.96,80,308.0,160,308.09,80,308.1,80,308.14,240,308.15,80,308.32,80,308.33,120
2026-01-16 09:36:38,307.795,308.14,1,307.65,40,307.94,40,307.94,307.65,307.65,40,307.64,560,307.51,280,307.5,200,307.46,240,307.44,40,307.43,200,307.42,120,307.41,320,307.4,160,307.94,40,307.95,240,307.96,80,308.0,160,308.09,80,308.1,80,308.14,240,308.15,80,308.32,80,308.33,120
2026-01-16 09:36:39,307.795,308.14,1,307.65,80,307.94,40,307.94,307.65,307.65,80,307.64,560,307.51,280,307.5,200,307.46,240,307.44,40,307.43,200,307.42,120,307.41,320,307.4,160,307.94,40,307.95,240,307.96,80,308.0,160,308.09,80,308.1,80,308.14,240,308.15,80,308.32,80,308.33,120
2026-01-16 09:36:40,307.795,308.14,1,307.65,80,307.94,80,307.94,307.65,307.65,80,307.64,560,307.51,280,307.5,200,307.46,240,307.44,40,307.43,200,307.42,120,307.41,320,307.4,160,307.94,80,307.95,240,307.96,80,308.0,160,308.09,80,308.1,80,308.14,240,308.15,80,308.32,80,308.33,120
2026-01-16 09:36:41,307.795,308.14,1,307.65,80,307.94,80,307.94,307.65,307.65,80,307.64,560,307.51,280,307.5,200,307.46,240,307.44,40,307.43,200,307.42,120,307.41,320,307.4,160,307.94,80,307.95,240,307.96,80,308.0,160,308.09,80,308.1,80,308.14,240,308.15,80,308.32,80,308.33,120
2026-01-16 09:36:42,307.795,308.14,1,307.65,80,307.94,80,307.94,307.65,307.65,80,307.64,560,307.51,280,307.5,200,307.46,240,307.44,40,307.43,200,307.42,120,307.41,320,307.4,160,307.94,80,307.95,240,307.96,80,308.0,160,308.09,80,308.1,80,308.14,240,308.15,80,308.32,80,308.33,120
2026-01-16 09:36:43,307.595,307.62,1,307.39,240,307.8,40,307.8,307.39,307.39,240,307.29,40,307.27,240,307.25,40,307.24,40,307.23,40,307.22,40,307.19,80,307.18,80,307.17,40,307.8,40,307.87,40,307.93,40,307.94,80,307.95,240,307.96,80,308.0,160,308.09,80,308.1,80,308.14,240
2026-01-16 09:36:44,307.595,307.73,2,307.39,240,307.8,40,307.8,307.39,307.39,240,307.29,40,307.27,240,307.25,40,307.24,40,307.23,40,307.22,40,307.19,80,307.18,80,307.17,40,307.8,40,307.87,40,307.93,40,307.94,80,307.95,240,307.96,80,308.0,160,308.09,80,308.1,80,308.14,240
2026-01-16 09:36:45,307.6,307.73,2,307.4,40,307.8,40,307.8,307.4,307.4,40,307.39,240,307.29,40,307.27,240,307.25,40,307.24,40,307.23,40,307.22,40,307.19,80,307.18,80,307.8,40,307.87,40,307.93,40,307.94,80,307.95,240,307.96,80,308.0,160,308.09,80,308.1,80,308.14,240
2026-01-16 09:36:46,307.6,307.73,2,307.4,40,307.8,40,307.8,307.4,307.4,40,307.39,240,307.29,40,307.27,240,307.25,40,307.24,40,307.23,40,307.22,40,307.19,80,307.18,80,307.8,40,307.87,40,307.93,40,307.94,80,307.95,240,307.96,80,308.0,160,308.09,80,308.1,80,308.14,240
2026-01-16 09:36:47,307.6,307.73,2,307.4,40,307.8,40,307.8,307.4,307.4,40,307.39,240,307.29,40,307.27,240,307.25,40,307.24,40,307.23,40,307.22,40,307.19,80,307.18,80,307.8,40,307.87,40,307.93,40,307.94,80,307.95,240,307.96,80,308.0,160,308.09,80,308.1,80,308.14,240
2026-01-16 09:36:48,307.6,307.73,2,307.4,40,307.8,40,307.8,307.4,307.4,40,307.39,240,307.29,40,307.27,240,307.25,40,307.24,40,307.23,40,307.22,40,307.19,80,307.18,80,307.8,40,307.87,40,307.93,40,307.94,80,307.95,240,307.96,80,308.0,160,308.09,80,308.1,80,308.14,240
2026-01-16 09:36:49,307.6,307.73,2,307.4,40,307.8,40,307.8,307.4,307.4,40,307.39,240,307.29,40,307.27,240,307.25,40,307.24,40,307.23,40,307.22,40,307.19,80,307.18,80,307.8,40,307.87,40,307.93,40,307.94,80,307.95,240,307.96,80,308.0,160,308.09,80,308.1,80,308.14,240
2026-01-16 09:36:50,307.6,307.73,2,307.4,40,307.8,40,307.8,307.4,307.4,40,307.39,240,307.29,40,307.27,240,307.25,40,307.24,40,307.23,40,307.22,40,307.19,80,307.18,80,307.8,40,307.87,40,307.93,40,307.94,80,307.95,240,307.96,80,308.0,160,308.09,80,308.1,80,308.14,240
2026-01-16 09:36:51,307.6,307.73,2,307.4,40,307.8,40,307.8,307.4,307.4,40,307.39,240,307.29,40,307.27,240,307.25,40,307.24,40,307.23,40,307.22,40,307.19,80,307.18,80,307.8,40,307.87,40,307.93,40,307.94,80,307.95,240,307.96,80,308.0,160,308.09,80,308.1,80,308.14,240
2026-01-16 09:36:52,307.6,307.73,2,307.4,40,307.8,40,307.8,307.4,307.4,40,307.39,240,307.29,40,307.27,240,307.25,40,307.24,40,307.23,40,307.22,40,307.19,80,307.18,80,307.8,40,307.87,40,307.93,40,307.94,80,307.95,240,307.96,80,308.0,160,308.09,80,308.1,80,308.14,240
2026-01-16 09:36:53,307.6,307.73,2,307.4,40,307.8,40,307.8,307.4,307.4,40,307.39,240,307.29,40,307.27,240,307.25,40,307.24,40,307.23,40,307.22,40,307.19,80,307.18,80,307.8,40,307.87,40,307.93,40,307.94,80,307.95,240,307.96,80,308.0,160,308.09,80,308.1,80,308.14,240
2026-01-16 09:36:54,307.595,307.73,2,307.4,40,307.79,40,307.79,307.4,307.4,40,307.39,240,307.29,40,307.27,240,307.25,40,307.24,40,307.23,40,307.22,40,307.19,80,307.18,80,307.79,40,307.8,120,307.87,40,307.93,40,307.94,80,307.95,240,307.96,80,308.0,160,308.09,80,308.1,80
2026-01-16 09:36:55,307.595,307.73,2,307.4,40,307.79,40,307.79,307.4,307.4,40,307.39,240,307.29,40,307.27,240,307.25,40,307.24,40,307.23,40,307.22,40,307.19,80,307.18,80,307.79,40,307.8,40,307.87,40,307.93,40,307.94,80,307.95,240,307.96,80,308.0,160,308.09,80,308.1,80
2026-01-16 09:36:56,307.595,307.73,2,307.4,40,307.79,80,307.79,307.4,307.4,40,307.39,240,307.29,40,307.27,240,307.25,40,307.24,40,307.23,40,307.22,40,307.19,80,307.18,80,307.79,80,307.8,40,307.87,40,307.93,40,307.94,80,307.95,240,307.96,80,308.0,160,308.09,80,308.1,80
2026-01-16 09:36:57,307.595,307.73,2,307.4,40,307.79,80,307.79,307.4,307.4,40,307.39,240,307.29,40,307.27,240,307.25,40,307.24,40,307.23,40,307.22,40,307.19,80,307.18,80,307.79,80,307.8,40,307.87,40,307.93,40,307.94,80,307.95,240,307.96,80,308.0,160,308.09,80,308.1,80
2026-01-16 09:36:58,307.595,307.73,2,307.4,40,307.79,80,307.79,307.4,307.4,40,307.39,240,307.29,40,307.27,240,307.25,40,307.24,40,307.23,40,307.22,40,307.19,80,307.18,80,307.79,80,307.8,40,307.87,40,307.93,40,307.94,80,307.95,240,307.96,80,308.0,160,308.09,80,308.1,80
2026-01-16 09:36:59,307.595,307.73,2,307.4,40,307.79,80,307.79,307.4,307.4,40,307.39,240,307.29,40,307.27,240,307.25,40,307.24,40,307.23,40,307.22,40,307.19,80,307.18,80,307.79,80,307.8,40,307.87,40,307.93,40,307.94,80,307.95,240,307.96,80,308.0,160,308.09,80,308.1,80
2026-01-16 09:37:00,307.595,307.73,2,307.4,40,307.79,80,307.79,307.4,307.4,40,307.39,240,307.29,40,307.27,240,307.25,40,307.24,40,307.23,40,307.22,40,307.19,80,307.18,80,307.79,80,307.8,40,307.87,40,307.93,40,307.94,80,307.95,240,307.96,80,308.0,160,308.09,80,308.1,80
2026-01-16 09:37:01,307.595,307.73,2,307.4,40,307.79,200,307.79,307.4,307.4,40,307.39,240,307.29,40,307.27,240,307.25,40,307.24,40,307.23,40,307.22,40,307.19,80,307.18,80,307.79,200,307.8,40,307.87,40,307.93,40,307.94,80,307.95,240,307.96,80,308.0,160,308.09,80,308.1,80
2026-01-16 09:37:02,307.58,307.73,2,307.4,40,307.76,200,307.76,307.4,307.4,40,307.39,240,307.29,40,307.27,240,307.25,40,307.24,40,307.23,40,307.22,40,307.19,80,307.18,80,307.76,200,307.77,80,307.79,200,307.8,40,307.87,40,307.93,40,307.94,80,307.95,240,307.96,80,308.0,160
2026-01-16 09:37:03,307.58,307.73,2,307.4,40,307.76,240,307.76,307.4,307.4,40,307.39,240,307.29,40,307.27,240,307.25,40,307.24,40,307.23,40,307.22,40,307.19,80,307.18,80,307.76,240,307.77,80,307.79,200,307.8,40,307.87,40,307.93,40,307.94,80,307.95,240,307.96,80,308.0,160
2026-01-16 09:37:04,307.36,307.73,2,307.14,80,307.58,200,307.58,307.14,307.14,80,307.0,160,306.58,40,306.5,280,,,,,,,,,,,,,307.58,200,307.75,80,307.76,240,307.77,80,307.79,200,307.8,40,307.87,40,307.93,40,307.94,80,307.95,240
2026-01-16 09:37:05,307.365,307.73,2,307.15,40,307.58,200,307.58,307.15,307.15,40,307.14,80,307.0,160,306.58,40,306.5,280,,,,,,,,,,,307.58,200,307.75,80,307.76,240,307.77,80,307.79,200,307.8,40,307.87,40,307.93,40,307.94,80,307.95,240
2026-01-16 09:37:06,307.365,307.73,2,307.15,40,307.58,200,307.58,307.15,307.15,40,307.14,80,307.0,160,306.58,40,306.5,280,,,,,,,,,,,307.58,200,307.75,80,307.76,240,307.77,80,307.79,200,307.8,40,307.87,40,307.93,40,307.94,80,307.95,240
2026-01-16 09:37:07,307.355,307.73,2,307.15,40,307.56,40,307.56,307.15,307.15,40,307.14,80,307.0,160,306.58,40,306.5,280,,,,,,,,,,,307.56,40,307.58,200,307.75,80,307.76,240,307.77,80,307.79,200,307.8,40,307.87,40,307.93,40,307.94,80
2026-01-16 09:37:08,307.35,307.73,2,307.15,40,307.55,80,307.55,307.15,307.15,40,307.14,80,307.0,160,306.58,40,306.5,280,,,,,,,,,,,307.55,80,307.56,40,307.58,200,307.75,80,307.76,240,307.77,80,307.79,200,307.8,40,307.87,40,307.93,40
2026-01-16 09:37:09,307.35,307.73,2,307.15,40,307.55,80,307.55,307.15,307.15,40,307.14,80,307.0,160,306.58,40,306.5,280,,,,,,,,,,,307.55,80,307.56,40,307.58,200,307.75,80,307.76,240,307.77,80,307.79,200,307.8,40,307.87,40,307.93,40
2026-01-16 09:37:10,307.35,307.73,2,307.16,40,307.54,40,307.54,307.16,307.16,40,307.15,40,307.14,80,307.0,160,306.58,40,306.5,280,,,,,,,,,307.54,40,307.55,80,307.56,40,307.58,200,307.75,80,307.76,240,307.77,80,307.79,200,307.8,40,307.87,40
2026-01-16 09:37:11,307.345,307.73,2,307.15,40,307.54,40,307.54,307.15,307.15,40,307.14,80,307.0,160,306.58,40,306.5,280,,,,,,,,,,,307.54,40,307.55,80,307.56,40,307.58,200,307.75,80,307.76,240,307.77,80,307.79,200,307.8,40,307.87,40
2026-01-16 09:37:12,307.345,307.73,2,307.15,40,307.54,40,307.54,307.15,307.15,40,307.14,80,307.0,160,306.58,40,306.5,280,,,,,,,,,,,307.54,40,307.55,80,307.56,40,307.58,200,307.75,80,307.76,240,307.77,80,307.79,200,307.8,40,307.87,40
2026-01-16 09:37:13,307.345,307.73,2,307.15,40,307.54,40,307.54,307.15,307.15,40,307.14,80,307.0,160,306.58,40,306.5,280,,,,,,,,,,,307.54,40,307.55,80,307.56,40,307.58,200,307.75,80,307.76,240,307.77,80,307.79,200,307.8,40,307.87,40
2026-01-16 09:37:14,307.35,307.73,2,307.16,40,307.54,40,307.54,307.16,307.16,40,307.15,40,307.14,80,307.0,160,306.58,40,306.5,280,,,,,,,,,307.54,40,307.55,80,307.56,40,307.58,200,307.75,80,307.76,240,307.77,80,307.79,200,307.8,40,307.87,40
2026-01-16 09:37:15,307.35,307.73,2,307.16,80,307.54,40,307.54,307.16,307.16,80,307.15,40,307.14,80,307.0,160,306.58,40,306.5,280,,,,,,,,,307.54,40,307.55,80,307.56,40,307.58,200,307.75,80,307.76,240,307.77,80,307.79,200,307.8,40,307.87,40
2026-01-16 09:37:16,307.35,307.73,2,307.16,80,307.54,40,307.54,307.16,307.16,80,307.15,40,307.14,80,307.0,160,306.58,40,306.5,280,,,,,,,,,307.54,40,307.55,80,307.56,40,307.58,200,307.75,80,307.76,240,307.77,80,307.79,200,307.8,40,307.87,40
2026-01-16 09:37:17,307.35,307.73,2,307.16,80,307.54,40,307.54,307.16,307.16,80,307.15,40,307.14,80,307.0,160,306.58,40,306.5,280,,,,,,,,,307.54,40,307.55,80,307.56,40,307.58,200,307.75,80,307.76,240,307.77,80,307.79,200,307.8,40,307.87,40
2026-01-16 09:37:18,307.35,307.73,2,307.16,80,307.54,40,307.54,307.16,307.16,80,307.15,40,307.14,80,307.0,160,306.58,40,306.5,280,,,,,,,,,307.54,40,307.55,80,307.56,40,307.58,200,307.75,80,307.76,240,307.77,80,307.79,200,307.8,40,307.87,40
2026-01-16 09:37:19,307.35,307.73,2,307.16,80,307.54,40,307.54,307.16,307.16,80,307.15,40,307.14,80,307.0,160,306.58,40,306.5,280,,,,,,,,,307.54,40,307.55,80,307.56,40,307.58,200,307.75,80,307.76,240,307.77,80,307.79,200,307.8,40,307.87,40
2026-01-16 09:37:20,307.35,307.73,2,307.16,80,307.54,40,307.54,307.16,307.16,80,307.15,40,307.14,80,307.0,160,306.58,40,306.5,280,,,,,,,,,307.54,40,307.55,80,307.56,40,307.58,200,307.75,80,307.76,240,307.77,80,307.79,200,307.8,40,307.87,40
2026-01-16 09:37:21,307.35,307.73,2,307.16,80,307.54,40,307.54,307.16,307.16,80,307.15,40,307.14,80,307.0,160,306.58,40,306.5,280,,,,,,,,,307.54,40,307.55,80,307.56,40,307.58,200,307.75,80,307.76,240,307.77,80,307.79,200,307.8,40,307.87,40
2026-01-16 09:37:22,307.26,307.73,2,307.16,80,307.36,40,307.36,307.16,307.16,80,307.15,40,307.14,80,307.0,160,306.58,40,306.5,280,,,,,,,,,307.36,40,307.53,40,307.54,80,307.55,80,307.56,40,307.58,200,307.75,80,307.76,240,307.77,80,307.79,200
2026-01-16 09:37:23,307.26,307.73,2,307.16,80,307.36,40,307.36,307.16,307.16,80,307.15,40,307.14,80,307.0,160,306.58,40,306.5,280,,,,,,,,,307.36,40,307.53,40,307.54,80,307.55,80,307.56,40,307.58,200,307.75,80,307.76,240,307.77,80,307.79,200
2026-01-16 09:37:24,307.135,307.78,2,307.01,40,307.26,40,307.26,307.01,307.01,40,307.0,160,306.58,40,306.5,280,,,,,,,,,,,,,307.26,40,307.34,40,307.35,80,307.36,120,307.53,40,307.54,80,307.55,80,307.56,40,307.58,200,307.75,80
2026-01-16 09:37:25,307.14,307.78,2,307.02,80,307.26,40,307.26,307.02,307.02,80,307.01,40,307.0,160,306.58,40,306.5,280,,,,,,,,,,,307.26,40,307.34,40,307.35,80,307.36,120,307.53,40,307.54,80,307.55,80,307.56,40,307.58,200,307.75,80
2026-01-16 09:37:26,307.14,307.78,2,307.02,80,307.26,120,307.26,307.02,307.02,80,307.01,40,307.0,160,306.58,40,306.5,280,,,,,,,,,,,307.26,120,307.34,40,307.35,80,307.36,120,307.53,40,307.54,80,307.55,80,307.56,40,307.58,200,307.75,80
2026-01-16 09:37:27,307.14,307.78,2,307.02,80,307.26,120,307.26,307.02,307.02,80,307.01,40,307.0,160,306.58,40,306.5,280,,,,,,,,,,,307.26,120,307.34,40,307.35,80,307.36,120,307.53,40,307.54,80,307.55,80,307.56,40,307.58,200,307.75,80
2026-01-16 09:37:28,307.14,307.78,2,307.02,80,307.26,120,307.26,307.02,307.02,80,307.01,40,307.0,160,306.58,40,306.5,280,,,,,,,,,,,307.26,120,307.34,40,307.35,80,307.36,120,307.53,40,307.54,80,307.55,80,307.56,40,307.58,200,307.75,80
2026-01-16 09:37:29,307.14,307.78,2,307.02,80,307.26,120,307.26,307.02,307.02,80,307.01,40,307.0,160,306.58,40,306.5,280,,,,,,,,,,,307.26,120,307.34,40,307.35,80,307.36,120,307.53,40,307.54,80,307.55,80,307.56,40,307.58,200,307.75,80
2026-01-16 09:37:30,307.14,307.78,2,307.02,80,307.26,120,307.26,307.02,307.02,80,307.01,40,307.0,160,306.58,40,306.5,280,,,,,,,,,,,307.26,120,307.34,40,307.35,80,307.36,120,307.53,40,307.54,80,307.55,80,307.56,40,307.58,200,307.75,80
2026-01-16 09:37:31,307.14,307.17,1,307.02,80,307.26,120,307.26,307.02,307.02,80,307.01,40,307.0,160,306.58,40,306.5,280,,,,,,,,,,,307.26,120,307.34,40,307.35,80,307.36,120,307.53,40,307.54,80,307.55,80,307.56,40,307.58,200,307.75,80
2026-01-16 09:37:32,307.335,307.17,1,307.23,40,307.44,80,307.44,307.23,307.23,40,307.2,160,307.19,80,307.13,80,307.11,80,307.1,80,307.06,40,307.05,80,307.02,40,307.01,40,307.44,80,307.53,40,307.54,80,307.55,80,307.56,40,307.58,200,307.75,80,307.76,240,307.77,80,307.79,200
