sim_time,mid_price,last_price,last_size,best_bid_price,best_bid_size,best_ask_price,best_ask_size,close_price_buy,close_price_sell,bid1_price,bid1_size,bid2_price,bid2_size,bid3_price,bid3_size,bid4_price,bid4_size,bid5_price,bid5_size,bid6_price,bid6_size,bid7_price,bid7_size,bid8_price,bid8_size,bid9_price,bid9_size,bid10_price,bid10_size,ask1_price,ask1_size,ask2_price,ask2_size,ask3_price,ask3_size,ask4_price,ask4_size,ask5_price,ask5_size,ask6_price,ask6_size,ask7_price,ask7_size,ask8_price,ask8_size,ask9_price,ask9_size,ask10_price,ask10_size
2026-01-16 09:30:36,170.635,170.64,1,170.27,1000,171.0,400,171.0,170.27,170.27,1000,170.16,400,169.91,500,169.89,1200,169.4,700,169.38,100,169.21,1300,169.08,400,169.02,100,168.51,100,171.0,400,,,,,,,,,,,,,,,,,,
2026-01-16 09:30:37,170.56,170.56,1,170.32,100,170.8,100,170.8,170.32,170.32,100,170.27,1000,170.16,400,169.91,500,169.89,1200,169.4,700,169.38,100,169.21,1300,169.08,400,169.02,100,170.8,100,171.0,400,,,,,,,,,,,,,,,,
2026-01-16 09:30:38,170.535,170.56,1,170.27,900,170.8,100,170.8,170.27,170.27,900,170.16,400,169.91,500,169.89,1200,169.4,700,169.38,100,169.21,1300,169.08,400,169.02,100,168.51,100,170.8,100,171.0,400,,,,,,,,,,,,,,,,
2026-01-16 09:30:38,170.57,170.57,2,170.34,100,170.8,200,170.8,170.34,170.34,100,170.28,100,170.27,900,170.16,400,169.91,500,169.89,1200,169.4,700,169.38,100,169.21,1300,169.08,400,170.8,200,171.0,400,,,,,,,,,,,,,,,,
2026-01-16 09:30:39,170.57,170.57,2,170.34,100,170.8,200,170.8,170.34,170.34,100,170.28,100,170.27,900,170.16,400,169.91,500,169.89,1200,169.4,700,169.38,100,169.21,1300,169.08,400,170.8,200,171.0,400,,,,,,,,,,,,,,,,
2026-01-16 09:30:39,170.57,170.57,2,170.34,100,170.8,200,170.8,170.34,170.34,100,170.28,100,170.27,900,170.16,400,169.91,500,169.89,1200,169.4,700,169.38,100,169.21,1300,169.08,400,170.8,200,171.0,400,,,,,,,,,,,,,,,,
2026-01-16 09:30:41,170.57,170.57,2,170.34,100,170.8,200,170.8,170.34,170.34,100,170.28,100,170.27,900,170.16,400,169.91,500,169.89,1200,169.4,700,169.38,100,169.21,1300,169.08,400,170.8,200,171.0,400,,,,,,,,,,,,,,,,
2026-01-16 09:30:43,170.355,170.55,1,169.91,100,170.8,500,170.8,169.91,169.91,100,169.89,1200,169.4,700,169.38,100,169.21,1300,169.08,400,169.02,100,168.51,100,168.47,400,168.2,500,170.8,500,171.0,400,,,,,,,,,,,,,,,,
2026-01-16 09:30:44,170.355,170.55,1,169.91,100,170.8,500,170.8,169.91,169.91,100,169.89,1200,169.4,700,169.38,100,169.21,1300,169.08,400,169.02,100,168.51,100,168.47,400,168.2,500,170.8,500,171.0,400,,,,,,,,,,,,,,,,
2026-01-16 09:30:45,170.355,170.55,1,169.91,100,170.8,500,170.8,169.91,169.91,100,169.89,1200,169.4,700,169.38,100,169.21,1300,169.08,400,169.02,100,168.51,100,168.47,400,168.2,500,170.8,500,171.0,400,,,,,,,,,,,,,,,,
2026-01-16 09:30:46,170.35,170.55,1,169.91,100,170.79,300,170.79,169.91,169.91,100,169.89,1200,169.4,700,169.38,100,169.21,1300,169.08,400,169.02,100,168.51,100,168.47,400,168.2,500,170.79,300,170.8,400,171.0,400,,,,,,,,,,,,,,
2026-01-16 09:30:47,170.35,170.55,1,169.91,100,170.79,500,170.79,169.91,169.91,100,169.89,1200,169.4,700,169.38,100,169.21,1300,169.08,400,169.02,100,168.51,100,168.47,400,168.2,500,170.79,500,170.8,400,171.0,400,,,,,,,,,,,,,,
2026-01-16 09:30:48,170.35,170.55,1,169.91,200,170.79,500,170.79,169.91,169.91,200,169.89,1200,169.4,700,169.38,100,169.21,1300,169.08,400,169.02,100,168.51,100,168.47,400,168.2,500,170.79,500,170.8,400,171.0,400,,,,,,,,,,,,,,
2026-01-16 09:30:49,170.09,169.91,1,169.59,100,170.59,200,170.59,169.59,169.59,100,169.49,600,169.4,700,169.38,100,169.21,1300,169.08,400,169.02,100,168.51,100,168.47,400,168.2,500,170.59,200,170.79,500,170.8,400,171.0,400,,,,,,,,,,,,
2026-01-16 09:30:50,170.09,170.09,1,169.59,100,170.59,800,170.59,169.59,169.59,100,169.49,600,169.4,700,169.38,100,169.21,1300,169.08,400,169.02,100,168.51,100,168.47,400,168.2,500,170.59,800,170.79,500,170.8,400,171.0,400,,,,,,,,,,,,
2026-01-16 09:30:51,170.09,170.09,1,169.59,100,170.59,800,170.59,169.59,169.59,100,169.49,600,169.4,700,169.38,100,169.21,1300,169.08,400,169.02,100,168.51,100,168.47,400,168.2,500,170.59,800,170.79,500,170.8,400,171.0,400,,,,,,,,,,,,
2026-01-16 09:30:52,170.09,170.09,1,169.59,100,170.59,800,170.59,169.59,169.59,100,169.49,600,169.4,700,169.38,100,169.21,1300,169.08,400,169.02,100,168.51,100,168.47,400,168.2,500,170.59,800,170.79,500,170.8,400,171.0,400,,,,,,,,,,,,
2026-01-16 09:30:53,169.845,169.85,1,169.4,500,170.29,800,170.29,169.4,169.4,500,169.38,100,169.21,1300,169.08,400,169.02,100,168.51,100,168.47,400,168.2,500,,,,,170.29,800,170.59,800,170.79,500,170.8,400,171.0,400,,,,,,,,,,
2026-01-16 09:30:54,169.805,169.81,1,169.4,500,170.21,800,170.21,169.4,169.4,500,169.38,100,169.21,1300,169.08,400,169.02,100,168.51,100,168.47,400,168.2,500,,,,,170.21,800,170.29,800,170.59,800,170.79,500,170.8,400,171.0,400,,,,,,,,
2026-01-16 09:30:55,169.805,169.81,1,169.4,500,170.21,800,170.21,169.4,169.4,500,169.38,100,169.21,1300,169.08,400,169.02,100,168.51,100,168.47,400,168.2,500,,,,,170.21,800,170.29,800,170.59,800,170.79,500,170.8,400,171.0,400,,,,,,,,
2026-01-16 09:30:56,169.805,169.81,1,169.4,500,170.21,800,170.21,169.4,169.4,500,169.38,100,169.21,1300,169.08,400,169.02,100,168.51,100,168.47,400,168.2,500,,,,,170.21,800,170.29,800,170.59,800,170.79,500,170.8,400,171.0,400,,,,,,,,
2026-01-16 09:30:57,169.805,169.81,1,169.4,400,170.21,800,170.21,169.4,169.4,400,169.38,100,169.21,1300,169.08,400,169.02,100,168.51,100,168.47,400,168.2,500,,,,,170.21,800,170.29,800,170.59,800,170.79,500,170.8,400,171.0,400,,,,,,,,
2026-01-16 09:30:58,169.805,169.81,1,169.4,400,170.21,800,170.21,169.4,169.4,400,169.38,100,169.21,1300,169.08,400,169.02,100,168.51,100,168.47,400,168.2,500,,,,,170.21,800,170.29,800,170.59,800,170.79,500,170.8,400,171.0,400,,,,,,,,
2026-01-16 09:30:59,169.805,169.81,1,169.4,400,170.21,800,170.21,169.4,169.4,400,169.38,100,169.21,1300,169.08,400,169.02,100,168.51,100,168.47,400,168.2,500,,,,,170.21,800,170.29,800,170.59,800,170.79,500,170.8,400,171.0,400,,,,,,,,
2026-01-16 09:31:00,169.805,169.81,1,169.4,400,170.21,800,170.21,169.4,169.4,400,169.38,100,169.21,1300,169.08,400,169.02,100,168.51,100,168.47,400,168.2,500,,,,,170.21,800,170.29,800,170.59,800,170.79,500,170.8,400,171.0,400,,,,,,,,
2026-01-16 09:31:01,169.805,169.81,1,169.4,400,170.21,800,170.21,169.4,169.4,400,169.38,100,169.21,1300,169.08,400,169.02,100,168.51,100,168.47,400,168.2,500,,,,,170.21,800,170.29,800,170.59,800,170.79,500,170.8,400,171.0,400,,,,,,,,
2026-01-16 09:31:02,169.805,169.81,1,169.4,400,170.21,800,170.21,169.4,169.4,400,169.38,100,169.21,1300,169.08,400,169.02,100,168.51,100,168.47,400,168.2,500,,,,,170.21,800,170.29,800,170.59,800,170.79,500,170.8,400,171.0,400,,,,,,,,
2026-01-16 09:31:03,169.805,169.81,1,169.4,400,170.21,800,170.21,169.4,169.4,400,169.38,100,169.21,1300,169.08,400,169.02,100,168.51,100,168.47,400,168.2,500,,,,,170.21,800,170.29,800,170.59,800,170.79,500,170.8,400,171.0,400,,,,,,,,
2026-01-16 09:31:04,169.805,169.81,1,169.4,400,170.21,800,170.21,169.4,169.4,400,169.38,100,169.21,1300,169.08,400,169.02,100,168.51,100,168.47,400,168.2,500,,,,,170.21,800,170.29,800,170.59,800,170.79,500,170.8,400,171.0,400,,,,,,,,
2026-01-16 09:31:05,169.805,169.81,1,169.4,400,170.21,800,170.21,169.4,169.4,400,169.38,100,169.21,1300,169.08,400,169.02,100,168.51,100,168.47,400,168.2,500,,,,,170.21,800,170.29,800,170.59,800,170.79,500,170.8,400,171.0,400,,,,,,,,
2026-01-16 09:31:06,169.805,169.4,1,169.4,400,170.21,800,170.21,169.4,169.4,400,169.38,100,169.21,1300,169.08,400,169.02,100,168.51,100,168.47,400,168.2,500,,,,,170.21,800,170.29,800,170.59,800,170.79,500,170.8,400,171.0,400,,,,,,,,
2026-01-16 09:31:07,169.805,169.4,1,169.4,400,170.21,800,170.21,169.4,169.4,400,169.38,100,169.21,1300,169.08,400,169.02,100,168.51,100,168.47,400,168.2,500,,,,,170.21,800,170.29,800,170.59,800,170.79,500,170.8,400,171.0,400,,,,,,,,
2026-01-16 09:31:08,169.805,169.4,1,169.4,400,170.21,800,170.21,169.4,169.4,400,169.38,100,169.21,1300,169.08,400,169.02,100,168.51,100,168.47,400,168.2,500,,,,,170.21,800,170.29,800,170.59,800,170.79,500,170.8,400,171.0,400,,,,,,,,
2026-01-16 09:31:09,169.805,169.4,1,169.4,400,170.21,800,170.21,169.4,169.4,400,169.38,100,169.21,1300,169.08,400,169.02,100,168.51,100,168.47,400,168.2,500,,,,,170.21,800,170.29,800,170.59,800,170.79,500,170.8,400,171.0,400,,,,,,,,
2026-01-16 09:31:10,169.805,169.4,1,169.4,400,170.21,800,170.21,169.4,169.4,400,169.38,100,169.21,1300,169.08,400,169.02,100,168.51,100,168.47,400,168.2,500,,,,,170.21,800,170.29,800,170.59,800,170.79,500,170.8,400,171.0,400,,,,,,,,
2026-01-16 09:31:11,169.805,169.4,1,169.4,300,170.21,800,170.21,169.4,169.4,300,169.38,100,169.21,1300,169.08,400,169.02,100,168.51,100,168.47,400,168.2,500,,,,,170.21,800,170.29,800,170.59,800,170.79,500,170.8,400,171.0,400,,,,,,,,
2026-01-16 09:31:12,169.85,169.81,2,169.41,300,170.29,700,170.29,169.41,169.41,300,169.4,300,169.38,100,169.21,1300,169.08,400,169.02,100,168.51,100,168.47,400,168.2,500,,,170.29,700,170.59,800,170.79,500,170.8,400,171.0,400,,,,,,,,,,
2026-01-16 09:31:13,169.72,169.81,2,169.41,400,170.03,300,170.03,169.41,169.41,400,169.4,300,169.38,100,169.21,1300,169.08,400,169.02,100,168.51,100,168.47,400,168.2,500,,,170.03,300,170.29,700,170.59,800,170.79,500,170.8,400,171.0,400,,,,,,,,
2026-01-16 09:31:14,169.72,169.81,2,169.41,400,170.03,500,170.03,169.41,169.41,400,169.4,300,169.38,100,169.21,1300,169.08,400,169.02,100,168.51,100,168.47,400,168.2,500,,,170.03,500,170.29,700,170.59,800,170.79,500,170.8,400,171.0,400,,,,,,,,
2026-01-16 09:31:15,169.86,169.74,2,169.43,100,170.29,700,170.29,169.43,169.43,100,169.42,200,169.41,500,169.4,300,169.38,100,169.21,1300,169.08,400,169.02,100,168.51,100,168.47,400,170.29,700,170.59,800,170.79,500,170.8,400,171.0,400,,,,,,,,,,
2026-01-16 09:31:16,169.86,169.86,1,169.43,100,170.29,700,170.29,169.43,169.43,100,169.42,200,169.41,500,169.4,300,169.38,100,169.21,1300,169.08,400,169.02,100,168.51,100,168.47,400,170.29,700,170.59,800,170.79,500,170.8,400,171.0,400,,,,,,,,,,
2026-01-16 09:31:17,169.86,169.86,1,169.43,100,170.29,700,170.29,169.43,169.43,100,169.42,200,169.41,500,169.4,300,169.38,100,169.21,1300,169.08,400,169.02,100,168.51,100,168.47,400,170.29,700,170.59,800,170.79,500,170.8,400,171.0,400,,,,,,,,,,
2026-01-16 09:31:18,169.8,169.86,1,169.43,100,170.17,100,170.17,169.43,169.43,100,169.42,200,169.41,500,169.4,300,169.38,100,169.21,1300,169.08,400,169.02,100,168.51,100,168.47,400,170.17,100,170.29,700,170.59,800,170.79,500,170.8,400,171.0,400,,,,,,,,
2026-01-16 09:31:19,169.8,169.86,1,169.43,100,170.17,100,170.17,169.43,169.43,100,169.42,200,169.41,500,169.4,300,169.38,100,169.21,1300,169.08,400,169.02,100,168.51,100,168.47,400,170.17,100,170.29,700,170.59,800,170.79,500,170.8,400,171.0,400,,,,,,,,
2026-01-16 09:31:20,169.8,169.86,1,169.43,100,170.17,100,170.17,169.43,169.43,100,169.42,200,169.41,500,169.4,300,169.38,100,169.21,1300,169.08,400,169.02,100,168.51,100,168.47,400,170.17,100,170.29,700,170.59,800,170.79,500,170.8,400,171.0,400,,,,,,,,
2026-01-16 09:31:21,169.76,169.86,1,169.43,100,170.09,100,170.09,169.43,169.43,100,169.42,200,169.41,500,169.4,300,169.38,100,169.21,1300,169.08,400,169.02,100,168.51,100,168.47,400,170.09,100,170.17,100,170.29,700,170.59,800,170.79,500,170.8,400,171.0,400,,,,,,
2026-01-16 09:31:22,169.76,169.86,1,169.43,100,170.09,100,170.09,169.43,169.43,100,169.42,200,169.41,500,169.4,300,169.38,100,169.21,1300,169.08,400,169.02,100,168.51,100,168.47,400,170.09,100,170.17,100,170.29,700,170.59,800,170.79,500,170.8,400,171.0,400,,,,,,
2026-01-16 09:31:23,169.76,169.86,1,169.43,100,170.09,300,170.09,169.43,169.43,100,169.42,200,169.41,500,169.4,300,169.38,100,169.21,1300,169.08,400,169.02,100,168.51,100,168.47,400,170.09,300,170.17,100,170.29,700,170.59,800,170.79,500,170.8,400,171.0,400,,,,,,
2026-01-16 09:31:24,169.76,169.86,1,169.43,100,170.09,300,170.09,169.43,169.43,100,169.42,200,169.41,500,169.4,300,169.38,100,169.21,1300,169.08,400,169.02,100,168.51,100,168.47,400,170.09,300,170.17,100,170.29,700,170.59,800,170.79,500,170.8,400,171.0,400,,,,,,
2026-01-16 09:31:25,169.71,169.86,1,169.43,100,169.99,100,169.99,169.43,169.43,100,169.42,200,169.41,500,169.4,300,169.38,100,169.21,1300,169.08,400,169.02,100,168.51,100,168.47,400,169.99,100,170.09,300,170.17,100,170.29,700,170.59,800,170.79,500,170.8,400,171.0,400,,,,
2026-01-16 09:31:26,169.71,169.86,1,169.43,100,169.99,100,169.99,169.43,169.43,100,169.42,200,169.41,500,169.4,300,169.38,100,169.21,1300,169.08,400,169.02,100,168.51,100,168.47,400,169.99,100,170.09,300,170.17,100,170.29,700,170.59,800,170.79,500,170.8,400,171.0,400,,,,
2026-01-16 09:31:27,169.71,169.86,1,169.43,100,169.99,100,169.99,169.43,169.43,100,169.42,200,169.41,500,169.4,300,169.38,100,169.21,1300,169.08,400,169.02,100,168.51,100,168.47,400,169.99,100,170.09,300,170.17,100,170.29,700,170.59,800,170.79,500,170.8,400,171.0,400,,,,
2026-01-16 09:31:28,169.71,169.86,1,169.43,700,169.99,100,169.99,169.43,169.43,700,169.42,200,169.41,500,169.4,300,169.38,100,169.21,1300,169.08,400,169.02,100,168.51,100,168.47,400,169.99,100,170.09,300,170.17,100,170.29,700,170.59,800,170.79,500,170.8,400,171.0,400,,,,
2026-01-16 09:31:29,169.71,169.86,1,169.43,700,169.99,100,169.99,169.43,169.43,700,169.42,200,169.41,500,169.4,300,169.38,100,169.21,1300,169.08,400,169.02,100,168.51,100,168.47,400,169.99,100,170.09,300,170.17,100,170.29,700,170.59,800,170.79,500,170.8,400,171.0,400,,,,
2026-01-16 09:31:30,169.71,169.86,1,169.43,700,169.99,100,169.99,169.43,169.43,700,169.42,200,169.41,500,169.4,300,169.38,100,169.21,1300,169.08,400,169.02,100,168.51,100,168.47,400,169.99,100,170.09,300,170.17,100,170.29,700,170.59,800,170.79,500,170.8,400,171.0,400,,,,
2026-01-16 09:31:31,169.72,169.86,1,169.45,200,169.99,100,169.99,169.45,169.45,200,169.43,700,169.42,200,169.41,500,169.4,300,169.38,100,169.21,1300,169.08,400,169.02,100,168.51,100,169.99,100,170.09,300,170.17,100,170.29,700,170.59,800,170.79,500,170.8,400,171.0,400,,,,
2026-01-16 09:31:32,169.72,169.86,1,169.45,200,169.99,100,169.99,169.45,169.45,200,169.43,700,169.42,200,169.41,500,169.4,300,169.38,100,169.21,1300,169.08,400,169.02,100,168.51,100,169.99,100,170.09,300,170.17,100,170.29,700,170.59,800,170.79,500,170.8,400,171.0,400,,,,
2026-01-16 09:31:33,169.72,169.86,1,169.45,200,169.99,100,169.99,169.45,169.45,200,169.43,700,169.42,200,169.41,500,169.4,300,169.38,100,169.21,1300,169.08,400,169.02,100,168.51,100,169.99,100,170.09,300,170.17,100,170.29,700,170.59,800,170.79,500,170.8,400,171.0,400,,,,
2026-01-16 09:31:34,169.72,169.86,1,169.45,200,169.99,200,169.99,169.45,169.45,200,169.43,700,169.42,200,169.41,500,169.4,300,169.38,100,169.21,1300,169.08,400,169.02,100,168.51,100,169.99,200,170.09,300,170.17,100,170.29,700,170.59,800,170.79,500,170.8,400,171.0,400,,,,
2026-01-16 09:31:35,169.72,169.72,1,169.45,200,169.99,300,169.99,169.45,169.45,200,169.43,700,169.42,200,169.41,500,169.4,300,169.38,100,169.21,1300,169.08,400,169.02,100,168.51,100,169.99,300,170.09,300,170.17,100,170.29,700,170.59,800,170.79,500,170.8,400,171.0,400,,,,
2026-01-16 09:31:36,169.72,169.72,1,169.45,200,169.99,300,169.99,169.45,169.45,200,169.43,700,169.42,200,169.41,500,169.4,300,169.38,100,169.21,1300,169.08,400,169.02,100,168.51,100,169.99,300,170.09,300,170.17,100,170.29,700,170.59,800,170.79,500,170.8,400,171.0,400,,,,
2026-01-16 09:31:37,169.72,169.72,1,169.45,200,169.99,300,169.99,169.45,169.45,200,169.43,700,169.42,200,169.41,500,169.4,300,169.38,100,169.21,1300,169.08,400,169.02,100,168.51,100,169.99,300,170.09,300,170.17,100,170.29,700,170.59,800,170.79,500,170.8,400,171.0,400,,,,
2026-01-16 09:31:38,169.72,169.72,1,169.45,200,169.99,300,169.99,169.45,169.45,200,169.43,700,169.42,200,169.41,500,169.4,300,169.38,100,169.21,1300,169.08,400,169.02,100,168.51,100,169.99,300,170.09,300,170.17,100,170.29,700,170.59,800,170.79,500,170.8,400,171.0,400,,,,
2026-01-16 09:31:39,169.72,169.45,3,169.45,200,169.99,300,169.99,169.45,169.45,200,169.43,700,169.42,200,169.41,500,169.4,300,169.38,100,169.21,1300,169.08,400,169.02,100,168.51,100,169.99,300,170.09,300,170.17,100,170.29,700,170.59,800,170.79,500,170.8,400,171.0,400,,,,
2026-01-16 09:31:40,169.72,169.45,3,169.45,200,169.99,300,169.99,169.45,169.45,200,169.43,700,169.42,200,169.41,500,169.4,300,169.38,100,169.21,1300,169.08,400,169.02,100,168.51,100,169.99,300,170.09,300,170.17,100,170.29,700,170.59,800,170.79,500,170.8,400,171.0,400,,,,
2026-01-16 09:31:41,169.72,169.72,2,169.45,200,169.99,300,169.99,169.45,169.45,200,169.43,700,169.42,200,169.41,500,169.4,300,169.38,100,169.21,1300,169.08,400,169.02,100,168.51,100,169.99,300,170.09,300,170.17,100,170.29,700,170.59,800,170.79,500,170.8,400,171.0,400,,,,
2026-01-16 09:31:42,169.72,169.72,1,169.45,200,169.99,400,169.99,169.45,169.45,200,169.43,700,169.42,200,169.41,500,169.4,300,169.38,100,169.21,1300,169.08,400,169.02,100,168.51,100,169.99,400,170.09,300,170.17,100,170.29,700,170.59,800,170.79,500,170.8,400,171.0,400,,,,
2026-01-16 09:31:43,169.72,169.72,1,169.45,200,169.99,400,169.99,169.45,169.45,200,169.43,700,169.42,200,169.41,500,169.4,300,169.38,100,169.21,1300,169.08,400,169.02,100,168.51,100,169.99,400,170.09,300,170.17,100,170.29,700,170.59,800,170.79,500,170.8,400,171.0,400,,,,
2026-01-16 09:31:44,169.72,169.72,1,169.45,200,169.99,400,169.99,169.45,169.45,200,169.43,700,169.42,200,169.41,500,169.4,300,169.38,100,169.21,1300,169.08,400,169.02,100,168.51,100,169.99,400,170.09,300,170.17,100,170.29,700,170.59,800,170.79,500,170.8,400,171.0,400,,,,
2026-01-16 09:31:45,169.72,169.72,1,169.45,200,169.99,400,169.99,169.45,169.45,200,169.43,700,169.42,200,169.41,500,169.4,300,169.38,100,169.21,1300,169.08,400,169.02,100,168.51,100,169.99,400,170.09,300,170.17,100,170.29,700,170.59,800,170.79,500,170.8,400,171.0,400,,,,
2026-01-16 09:31:46,169.72,169.72,1,169.45,200,169.99,600,169.99,169.45,169.45,200,169.43,700,169.42,200,169.41,500,169.4,300,169.38,100,169.21,1300,169.08,400,169.02,100,168.51,100,169.99,600,170.09,300,170.17,100,170.29,700,170.59,800,170.79,500,170.8,400,171.0,400,,,,
2026-01-16 09:31:47,169.72,169.72,1,169.45,200,169.99,600,169.99,169.45,169.45,200,169.43,700,169.42,200,169.41,500,169.4,300,169.38,100,169.21,1300,169.08,400,169.02,100,168.51,100,169.99,600,170.09,300,170.17,100,170.29,700,170.59,800,170.79,500,170.8,400,171.0,400,,,,
2026-01-16 09:31:48,169.72,169.45,1,169.45,200,169.99,500,169.99,169.45,169.45,200,169.43,700,169.42,200,169.41,500,169.4,300,169.38,100,169.21,1300,169.08,400,169.02,100,168.51,100,169.99,500,170.09,300,170.17,100,170.29,700,170.59,800,170.79,500,170.8,400,171.0,400,,,,
2026-01-16 09:31:49,169.72,169.45,1,169.45,200,169.99,600,169.99,169.45,169.45,200,169.43,700,169.42,200,169.41,500,169.4,300,169.38,100,169.21,1300,169.08,400,169.02,100,168.51,100,169.99,600,170.09,300,170.17,100,170.29,700,170.59,800,170.79,500,170.8,400,171.0,400,,,,
2026-01-16 09:31:50,169.72,169.45,1,169.45,200,169.99,600,169.99,169.45,169.45,200,169.43,700,169.42,200,169.41,500,169.4,300,169.38,100,169.21,1300,169.08,400,169.02,100,168.51,100,169.99,600,170.09,300,170.17,100,170.29,700,170.59,800,170.79,500,170.8,400,171.0,400,,,,
2026-01-16 09:31:51,169.72,169.45,1,169.45,200,169.99,600,169.99,169.45,169.45,200,169.43,700,169.42,200,169.41,500,169.4,300,169.38,100,169.21,1300,169.08,400,169.02,100,168.51,100,169.99,600,170.09,300,170.17,100,170.29,700,170.59,800,170.79,500,170.8,400,171.0,400,,,,
2026-01-16 09:31:52,169.72,169.46,1,169.45,200,169.99,600,169.99,169.45,169.45,200,169.43,700,169.42,200,169.41,500,169.4,300,169.38,100,169.21,1300,169.08,400,169.02,100,168.51,100,169.99,600,170.09,300,170.17,100,170.29,700,170.59,800,170.79,500,170.8,400,171.0,400,,,,
2026-01-16 09:31:53,169.72,169.46,1,169.45,200,169.99,600,169.99,169.45,169.45,200,169.43,700,169.42,200,169.41,500,169.4,300,169.38,100,169.21,1300,169.08,400,169.02,100,168.51,100,169.99,600,170.09,300,170.17,100,170.29,700,170.59,800,170.79,500,170.8,400,171.0,400,,,,
2026-01-16 09:31:54,169.72,169.72,1,169.45,200,169.99,600,169.99,169.45,169.45,200,169.43,700,169.42,200,169.41,500,169.4,300,169.38,100,169.21,1300,169.08,400,169.02,100,168.51,100,169.99,600,170.09,300,170.17,100,170.29,700,170.59,800,170.79,500,170.8,400,171.0,400,,,,
2026-01-16 09:31:55,169.62,169.62,1,169.45,200,169.79,700,169.79,169.45,169.45,200,169.43,700,169.42,200,169.41,500,169.4,300,169.38,100,169.21,1300,169.08,400,169.02,100,168.51,100,169.79,700,169.99,1200,170.09,300,170.17,100,170.29,700,170.59,800,170.79,500,170.8,400,171.0,400,,
2026-01-16 09:31:56,169.62,169.78,1,169.45,200,169.79,700,169.79,169.45,169.45,200,169.43,700,169.42,200,169.41,500,169.4,300,169.38,100,169.21,1300,169.08,400,169.02,100,168.51,100,169.79,700,169.99,1200,170.09,300,170.17,100,170.29,700,170.59,800,170.79,500,170.8,400,171.0,400,,
2026-01-16 09:31:57,169.62,169.78,1,169.45,100,169.79,700,169.79,169.45,169.45,100,169.43,700,169.42,200,169.41,500,169.4,300,169.38,100,169.21,1300,169.08,400,169.02,100,168.51,100,169.79,700,169.99,1200,170.09,300,170.17,100,170.29,700,170.59,800,170.79,500,170.8,400,171.0,400,,
2026-01-16 09:31:58,169.62,169.62,1,169.45,100,169.79,700,169.79,169.45,169.45,100,169.43,700,169.42,200,169.41,500,169.4,300,169.38,100,169.21,1300,169.08,400,169.02,100,168.51,100,169.79,700,169.99,1200,170.09,300,170.17,100,170.29,700,170.59,800,170.79,500,170.8,400,171.0,400,,
2026-01-16 09:31:59,169.62,169.62,1,169.45,100,169.79,700,169.79,169.45,169.45,100,169.43,700,169.42,200,169.41,500,169.4,300,169.38,100,169.21,1300,169.08,400,169.02,100,168.51,100,169.79,700,169.99,1200,170.09,300,170.17,100,170.29,700,170.59,800,170.79,500,170.8,400,171.0,400,,
2026-01-16 09:32:00,169.62,169.62,1,169.45,100,169.79,700,169.79,169.45,169.45,100,169.43,700,169.42,200,169.41,500,169.4,300,169.38,100,169.21,1300,169.08,400,169.02,100,168.51,100,169.79,700,169.99,1200,170.09,300,170.17,100,170.29,700,170.59,800,170.79,500,170.8,400,171.0,400,,
2026-01-16 09:32:01,169.62,169.62,1,169.45,100,169.79,700,169.79,169.45,169.45,100,169.43,700,169.42,200,169.41,500,169.4,300,169.38,100,169.21,1300,169.08,400,169.02,100,168.51,100,169.79,700,169.99,1200,170.09,300,170.17,100,170.29,700,170.59,800,170.79,500,170.8,400,171.0,400,,
2026-01-16 09:32:02,169.62,169.62,1,169.45,100,169.79,700,169.79,169.45,169.45,100,169.43,700,169.42,200,169.41,500,169.4,300,169.38,100,169.21,1300,169.08,400,169.02,100,168.51,100,169.79,700,169.99,1200,170.09,300,170.17,100,170.29,700,170.59,800,170.79,500,170.8,400,171.0,400,,
2026-01-16 09:32:03,169.62,169.62,1,169.45,300,169.79,700,169.79,169.45,169.45,300,169.43,700,169.42,200,169.41,500,169.4,300,169.38,100,169.21,1300,169.08,400,169.02,100,168.51,100,169.79,700,169.99,1200,170.09,300,170.17,100,170.29,700,170.59,800,170.79,500,170.8,400,171.0,400,,
2026-01-16 09:32:04,169.62,169.62,1,169.45,300,169.79,700,169.79,169.45,169.45,300,169.43,700,169.42,200,169.41,500,169.4,300,169.38,100,169.21,1300,169.08,400,169.02,100,168.51,100,169.79,700,169.99,1200,170.09,300,170.17,100,170.29,700,170.59,800,170.79,500,170.8,400,171.0,400,,
2026-01-16 09:32:05,169.62,169.62,1,169.45,300,169.79,700,169.79,169.45,169.45,300,169.43,700,169.42,200,169.41,500,169.4,300,169.38,100,169.21,1300,169.08,400,169.02,100,168.51,100,169.79,700,169.99,1200,170.09,300,170.17,100,170.29,700,170.59,800,170.79,500,170.8,400,171.0,400,,
2026-01-16 09:32:06,169.62,169.62,1,169.45,300,169.79,700,169.79,169.45,169.45,300,169.43,700,169.42,200,169.41,500,169.4,300,169.38,100,169.21,1300,169.08,400,169.02,100,168.51,100,169.79,700,169.99,1200,170.09,300,170.17,100,170.29,700,170.59,800,170.79,500,170.8,400,171.0,400,,
2026-01-16 09:32:07,169.62,169.62,1,169.45,300,169.79,700,169.79,169.45,169.45,300,169.43,700,169.42,200,169.41,500,169.4,300,169.38,100,169.21,1300,169.08,400,169.02,100,168.51,100,169.79,700,169.99,1200,170.09,300,170.17,100,170.29,700,170.59,800,170.79,500,170.8,400,171.0,400,,
2026-01-16 09:32:08,169.575,169.62,1,169.46,200,169.69,800,169.69,169.46,169.46,200,169.45,300,169.43,700,169.42,200,169.41,500,169.4,300,169.38,100,169.21,1300,169.08,400,169.02,100,169.69,800,169.79,700,169.99,1200,170.09,300,170.17,100,170.29,700,170.59,800,170.79,500,170.8,400,171.0,400
2026-01-16 09:32:09,169.94,169.94,1,169.65,100,170.23,200,170.23,169.65,169.65,100,169.62,300,169.57,200,169.46,100,169.45,300,169.43,700,169.42,200,169.41,500,169.4,300,169.38,100,170.23,200,170.29,700,170.59,800,170.79,500,170.8,400,171.0,400,,,,,,,,
2026-01-16 09:32:10,169.94,169.94,1,169.65,100,170.23,500,170.23,169.65,169.65,100,169.62,300,169.57,200,169.46,100,169.45,300,169.43,700,169.42,200,169.41,500,169.4,300,169.38,100,170.23,500,170.29,700,170.59,800,170.79,500,170.8,400,171.0,400,,,,,,,,
2026-01-16 09:32:11,169.94,169.94,1,169.65,100,170.23,500,170.23,169.65,169.65,100,169.62,300,169.57,200,169.46,100,169.45,300,169.43,700,169.42,200,169.41,500,169.4,300,169.38,100,170.23,500,170.29,700,170.59,800,170.79,500,170.8,400,171.0,400,,,,,,,,
2026-01-16 09:32:12,169.94,169.94,1,169.65,100,170.23,400,170.23,169.65,169.65,100,169.62,300,169.57,200,169.46,100,169.45,300,169.43,700,169.42,200,169.41,500,169.4,300,169.38,100,170.23,400,170.29,700,170.59,800,170.79,500,170.8,400,171.0,400,,,,,,,,
2026-01-16 09:32:13,169.94,169.94,1,169.65,100,170.23,400,170.23,169.65,169.65,100,169.62,300,169.57,200,169.46,100,169.45,300,169.43,700,169.42,200,169.41,500,169.4,300,169.38,100,170.23,400,170.29,700,170.59,800,170.79,500,170.8,400,171.0,400,,,,,,,,
2026-01-16 09:32:14,169.94,169.94,1,169.65,100,170.23,400,170.23,169.65,169.65,100,169.62,300,169.57,200,169.46,100,169.45,300,169.43,700,169.42,200,169.41,500,169.4,300,169.38,100,170.23,400,170.29,700,170.59,800,170.79,500,170.8,400,171.0,400,,,,,,,,
2026-01-16 09:32:15,169.94,169.94,1,169.65,100,170.23,400,170.23,169.65,169.65,100,169.62,300,169.57,200,169.46,100,169.45,300,169.43,700,169.42,200,169.41,500,169.4,300,169.38,100,170.23,400,170.29,700,170.59,800,170.79,500,170.8,400,171.0,400,,,,,,,,
2026-01-16 09:32:16,169.94,169.94,1,169.65,100,170.23,400,170.23,169.65,169.65,100,169.62,300,169.57,200,169.46,100,169.45,300,169.43,700,169.42,200,169.41,500,169.4,300,169.38,100,170.23,400,170.29,700,170.59,800,170.79,500,170.8,400,171.0,400,,,,,,,,
2026-01-16 09:32:17,169.94,169.94,1,169.65,100,170.23,400,170.23,169.65,169.65,100,169.62,300,169.57,200,169.46,100,169.45,300,169.43,700,169.42,200,169.41,500,169.4,300,169.38,100,170.23,400,170.29,700,170.59,800,170.79,500,170.8,400,171.0,400,,,,,,,,
2026-01-16 09:32:18,169.94,169.94,1,169.65,300,170.23,400,170.23,169.65,169.65,300,169.62,300,169.57,200,169.46,100,169.45,300,169.43,700,169.42,200,169.41,500,169.4,300,169.38,100,170.23,400,170.29,700,170.59,800,170.79,500,170.8,400,171.0,400,,,,,,,,
2026-01-16 09:32:19,169.94,169.94,1,169.65,300,170.23,400,170.23,169.65,169.65,300,169.62,300,169.57,200,169.46,100,169.45,300,169.43,700,169.42,200,169.41,500,169.4,300,169.38,100,170.23,400,170.29,700,170.59,800,170.79,500,170.8,400,171.0,400,,,,,,,,
2026-01-16 09:32:20,169.94,169.94,1,169.65,300,170.23,400,170.23,169.65,169.65,300,169.62,300,169.57,200,169.46,100,169.45,300,169.43,700,169.42,200,169.41,500,169.4,300,169.38,100,170.23,400,170.29,700,170.59,800,170.79,500,170.8,400,171.0,400,,,,,,,,
2026-01-16 09:32:21,169.94,169.94,1,169.65,300,170.23,400,170.23,169.65,169.65,300,169.62,300,169.57,200,169.46,100,169.45,300,169.43,700,169.42,200,169.41,500,169.4,300,169.38,100,170.23,400,170.29,700,170.59,800,170.79,500,170.8,400,171.0,400,,,,,,,,
2026-01-16 09:32:22,169.94,169.94,1,169.65,300,170.23,400,170.23,169.65,169.65,300,169.62,300,169.57,200,169.46,100,169.45,300,169.43,700,169.42,200,169.41,500,169.4,300,169.38,100,170.23,400,170.29,700,170.59,800,170.79,500,170.8,400,171.0,400,,,,,,,,
2026-01-16 09:32:24,169.94,169.94,1,169.65,300,170.23,400,170.23,169.65,169.65,300,169.62,300,169.57,200,169.46,100,169.45,300,169.43,700,169.42,200,169.41,500,169.4,300,169.38,100,170.23,400,170.29,700,170.59,800,170.79,500,170.8,400,171.0,400,,,,,,,,
2026-01-16 09:32:25,169.94,169.94,1,169.65,300,170.23,400,170.23,169.65,169.65,300,169.62,300,169.57,200,169.46,100,169.45,300,169.43,700,169.42,200,169.41,500,169.4,300,169.38,100,170.23,400,170.29,700,170.59,800,170.79,500,170.8,400,171.0,400,,,,,,,,
2026-01-16 09:32:26,169.94,169.94,1,169.65,300,170.23,400,170.23,169.65,169.65,300,169.62,300,169.57,200,169.46,100,169.45,300,169.43,700,169.42,200,169.41,500,169.4,300,169.38,100,170.23,400,170.29,700,170.59,800,170.79,500,170.8,400,171.0,400,,,,,,,,
2026-01-16 09:32:26,169.94,169.94,1,169.65,300,170.23,400,170.23,169.65,169.65,300,169.62,300,169.57,200,169.46,100,169.45,300,169.43,700,169.42,200,169.41,500,169.4,300,169.38,100,170.23,400,170.29,700,170.59,800,170.79,500,170.8,400,171.0,400,,,,,,,,
2026-01-16 09:32:28,169.94,169.94,1,169.65,300,170.23,400,170.23,169.65,169.65,300,169.62,300,169.57,200,169.46,100,169.45,300,169.43,700,169.42,200,169.41,500,169.4,300,169.38,100,170.23,400,170.29,700,170.59,800,170.79,500,170.8,400,171.0,400,,,,,,,,
2026-01-16 09:32:29,169.94,169.94,1,169.65,300,170.23,400,170.23,169.65,169.65,300,169.62,300,169.57,200,169.46,100,169.45,300,169.43,700,169.42,200,169.41,500,169.4,300,169.38,100,170.23,400,170.29,700,170.59,800,170.79,500,170.8,400,171.0,400,,,,,,,,
2026-01-16 09:32:30,169.94,169.94,1,169.65,300,170.23,600,170.23,169.65,169.65,300,169.62,300,169.57,200,169.46,100,169.45,300,169.43,700,169.42,200,169.41,500,169.4,300,169.38,100,170.23,600,170.29,700,170.59,800,170.79,500,170.8,400,171.0,400,,,,,,,,
2026-01-16 09:32:31,169.95,170.0,2,169.67,200,170.23,600,170.23,169.67,169.67,200,169.66,400,169.65,300,169.62,300,169.57,200,169.46,100,169.45,300,169.43,700,169.42,200,169.41,500,170.23,600,170.29,700,170.59,800,170.79,500,170.8,400,171.0,400,,,,,,,,
2026-01-16 09:32:31,169.95,170.0,2,169.67,400,170.23,600,170.23,169.67,169.67,400,169.66,400,169.65,300,169.62,300,169.57,200,169.46,100,169.45,300,169.43,700,169.42,200,169.41,500,170.23,600,170.29,700,170.59,800,170.79,500,170.8,400,171.0,400,,,,,,,,
2026-01-16 09:32:33,169.95,170.0,2,169.67,400,170.23,600,170.23,169.67,169.67,400,169.66,400,169.65,300,169.62,300,169.57,200,169.46,100,169.45,300,169.43,700,169.42,200,169.41,500,170.23,600,170.29,700,170.59,800,170.79,500,170.8,400,171.0,400,,,,,,,,
2026-01-16 09:32:33,169.95,170.0,2,169.67,400,170.23,600,170.23,169.67,169.67,400,169.66,400,169.65,300,169.62,300,169.57,200,169.46,100,169.45,300,169.43,700,169.42,200,169.41,500,170.23,600,170.29,700,170.59,800,170.79,500,170.8,400,171.0,400,,,,,,,,
2026-01-16 09:32:35,169.95,170.0,2,169.67,400,170.23,600,170.23,169.67,169.67,400,169.66,400,169.65,300,169.62,300,169.57,200,169.46,100,169.45,300,169.43,700,169.42,200,169.41,500,170.23,600,170.29,700,170.59,800,170.79,500,170.8,400,171.0,400,,,,,,,,
2026-01-16 09:32:36,169.95,170.0,2,169.67,400,170.23,600,170.23,169.67,169.67,400,169.66,400,169.65,300,169.62,300,169.57,200,169.46,100,169.45,300,169.43,700,169.42,200,169.41,500,170.23,600,170.29,700,170.59,800,170.79,500,170.8,400,171.0,400,,,,,,,,
2026-01-16 09:32:36,169.955,170.0,2,169.68,200,170.23,600,170.23,169.68,169.68,200,169.67,400,169.66,400,169.65,300,169.62,300,169.57,200,169.46,100,169.45,300,169.43,700,169.42,200,170.23,600,170.29,700,170.59,800,170.79,500,170.8,400,171.0,400,,,,,,,,
2026-01-16 09:32:37,169.955,170.0,2,169.68,400,170.23,600,170.23,169.68,169.68,400,169.67,400,169.66,400,169.65,300,169.62,300,169.57,200,169.46,100,169.45,300,169.43,700,169.42,200,170.23,600,170.29,700,170.59,800,170.79,500,170.8,400,171.0,400,,,,,,,,
2026-01-16 09:32:39,169.96,170.0,2,169.69,200,170.23,600,170.23,169.69,169.69,200,169.68,400,169.67,400,169.66,400,169.65,300,169.62,300,169.57,200,169.46,100,169.45,300,169.43,700,170.23,600,170.29,700,170.59,800,170.79,500,170.8,400,171.0,400,,,,,,,,
2026-01-16 09:32:40,169.96,170.0,2,169.69,1500,170.23,600,170.23,169.69,169.69,1500,169.68,400,169.67,400,169.66,400,169.65,300,169.62,300,169.57,200,169.46,100,169.45,300,169.43,700,170.23,600,170.29,700,170.59,800,170.79,500,170.8,400,171.0,400,,,,,,,,
2026-01-16 09:32:41,169.96,170.0,2,169.69,1500,170.23,600,170.23,169.69,169.69,1500,169.68,400,169.67,400,169.66,400,169.65,300,169.62,300,169.57,200,169.46,100,169.45,300,169.43,700,170.23,600,170.29,700,170.59,800,170.79,500,170.8,400,171.0,400,,,,,,,,
2026-01-16 09:32:42,169.97,170.0,2,169.71,300,170.23,600,170.23,169.71,169.71,300,169.69,1500,169.68,400,169.67,400,169.66,400,169.65,300,169.62,300,169.57,200,169.46,100,169.45,300,170.23,600,170.29,700,170.59,800,170.79,500,170.8,400,171.0,400,,,,,,,,
2026-01-16 09:32:43,169.965,170.0,2,169.71,300,170.22,100,170.22,169.71,169.71,300,169.69,1500,169.68,400,169.67,400,169.66,400,169.65,300,169.62,300,169.57,200,169.46,100,169.45,300,170.22,100,170.23,600,170.29,700,170.59,800,170.79,500,170.8,400,171.0,400,,,,,,
2026-01-16 09:32:44,170.23,170.23,1,169.85,400,170.61,200,170.61,169.85,169.85,400,169.84,100,169.72,400,169.71,500,169.69,1500,169.68,400,169.67,400,169.66,400,169.65,300,169.62,300,170.61,200,170.79,500,170.8,400,171.0,400,,,,,,,,,,,,
2026-01-16 09:32:45,170.23,170.23,1,169.85,400,170.61,400,170.61,169.85,169.85,400,169.84,100,169.72,400,169.71,500,169.69,1500,169.68,400,169.67,400,169.66,400,169.65,300,169.62,300,170.61,400,170.79,500,170.8,400,171.0,400,,,,,,,,,,,,
2026-01-16 09:32:46,170.23,170.23,1,169.85,400,170.61,400,170.61,169.85,169.85,400,169.84,100,169.72,400,169.71,500,169.69,1500,169.68,400,169.67,400,169.66,400,169.65,300,169.62,300,170.61,400,170.79,500,170.8,400,171.0,400,,,,,,,,,,,,
2026-01-16 09:32:47,170.23,170.23,1,169.85,2400,170.61,400,170.61,169.85,169.85,2400,169.84,100,169.72,400,169.71,500,169.69,1500,169.68,400,169.67,400,169.66,400,169.65,300,169.62,300,170.61,400,170.79,500,170.8,400,171.0,400,,,,,,,,,,,,
2026-01-16 09:32:48,170.23,170.23,1,169.85,2400,170.61,400,170.61,169.85,169.85,2400,169.84,100,169.72,400,169.71,500,169.69,1500,169.68,400,169.67,400,169.66,400,169.65,300,169.62,300,170.61,400,170.79,500,170.8,400,171.0,400,,,,,,,,,,,,
2026-01-16 09:32:48,170.23,170.23,1,169.85,2400,170.61,400,170.61,169.85,169.85,2400,169.84,100,169.72,400,169.71,500,169.69,1500,169.68,400,169.67,400,169.66,400,169.65,300,169.62,300,170.61,400,170.79,500,170.8,400,171.0,400,,,,,,,,,,,,
2026-01-16 09:32:50,170.235,170.23,1,169.86,200,170.61,400,170.61,169.86,169.86,200,169.85,2300,169.84,100,169.72,400,169.71,500,169.69,1500,169.68,400,169.67,400,169.66,400,169.65,300,170.61,400,170.79,500,170.8,400,171.0,400,,,,,,,,,,,,
2026-01-16 09:32:51,170.235,170.23,1,169.86,200,170.61,400,170.61,169.86,169.86,200,169.85,2300,169.84,100,169.72,400,169.71,500,169.69,1500,169.68,400,169.67,400,169.66,400,169.65,300,170.61,400,170.79,500,170.8,400,171.0,400,,,,,,,,,,,,
2026-01-16 09:32:52,170.235,170.23,1,169.86,200,170.61,400,170.61,169.86,169.86,200,169.85,2300,169.84,100,169.72,400,169.71,500,169.69,1500,169.68,400,169.67,400,169.66,400,169.65,300,170.61,400,170.79,500,170.8,400,171.0,400,,,,,,,,,,,,
2026-01-16 09:32:52,170.235,170.23,1,169.86,200,170.61,400,170.61,169.86,169.86,200,169.85,2300,169.84,100,169.72,400,169.71,500,169.69,1500,169.68,400,169.67,400,169.66,400,169.65,300,170.61,400,170.79,500,170.8,400,171.0,400,,,,,,,,,,,,
2026-01-16 09:32:54,170.235,170.23,1,169.86,200,170.61,400,170.61,169.86,169.86,200,169.85,2300,169.84,100,169.72,400,169.71,500,169.69,1500,169.68,400,169.67,400,169.66,400,169.65,300,170.61,400,170.79,500,170.8,400,171.0,400,,,,,,,,,,,,
2026-01-16 09:32:55,170.235,170.24,4,169.86,200,170.61,400,170.61,169.86,169.86,200,169.85,2300,169.84,100,169.72,400,169.71,500,169.69,1500,169.68,400,169.67,400,169.66,400,169.65,300,170.61,400,170.79,500,170.8,400,171.0,400,,,,,,,,,,,,
2026-01-16 09:32:56,170.235,170.24,4,169.86,200,170.61,500,170.61,169.86,169.86,200,169.85,2300,169.84,100,169.72,400,169.71,500,169.69,1500,169.68,400,169.67,400,169.66,400,169.65,300,170.61,500,170.79,500,170.8,400,171.0,400,,,,,,,,,,,,
2026-01-16 09:32:57,170.405,170.56,1,170.2,200,170.61,500,170.61,170.2,170.2,200,169.86,200,169.85,2300,169.84,100,169.72,400,169.71,500,169.69,1500,169.68,400,169.67,400,169.66,400,170.61,500,170.79,500,170.8,400,171.0,400,,,,,,,,,,,,
2026-01-16 09:32:58,170.405,170.56,1,170.2,200,170.61,500,170.61,170.2,170.2,200,169.86,200,169.85,2300,169.84,100,169.72,400,169.71,500,169.69,1500,169.68,400,169.67,400,169.66,400,170.61,500,170.79,500,170.8,400,171.0,400,,,,,,,,,,,,
2026-01-16 09:32:59,170.405,170.56,1,170.2,200,170.61,500,170.61,170.2,170.2,200,169.86,200,169.85,2300,169.84,100,169.72,400,169.71,500,169.69,1500,169.68,400,169.67,400,169.66,400,170.61,500,170.79,500,170.8,400,171.0,400,,,,,,,,,,,,
2026-01-16 09:33:00,170.405,170.56,1,170.2,3800,170.61,700,170.61,170.2,170.2,3800,169.86,200,169.85,2300,169.84,100,169.72,400,169.71,500,169.69,1500,169.68,400,169.67,400,169.66,400,170.61,700,170.79,500,170.8,400,171.0,400,,,,,,,,,,,,
2026-01-16 09:33:01,170.405,170.56,1,170.2,3800,170.61,700,170.61,170.2,170.2,3800,169.86,200,169.85,2300,169.84,100,169.72,400,169.71,500,169.69,1500,169.68,400,169.67,400,169.66,400,170.61,700,170.79,500,170.8,400,171.0,400,,,,,,,,,,,,
2026-01-16 09:33:02,170.405,170.41,1,170.2,3800,170.61,800,170.61,170.2,170.2,3800,169.86,200,169.85,2300,169.84,100,169.72,400,169.71,500,169.69,1500,169.68,400,169.67,400,169.66,400,170.61,800,170.79,500,170.8,400,171.0,400,,,,,,,,,,,,
2026-01-16 09:33:03,170.415,170.41,1,170.22,200,170.61,800,170.61,170.22,170.22,200,170.2,3700,169.86,200,169.85,2300,169.84,100,169.72,400,169.71,500,169.69,1500,169.68,400,169.67,400,170.61,800,170.79,500,170.8,400,171.0,400,,,,,,,,,,,,
2026-01-16 09:33:04,170.48,170.41,1,170.35,200,170.61,800,170.61,170.35,170.35,200,170.22,200,170.2,3700,169.86,200,169.85,2300,169.84,100,169.72,400,169.71,500,169.69,1500,169.68,400,170.61,800,170.79,500,170.8,400,171.0,400,,,,,,,,,,,,
2026-01-16 09:33:05,170.415,170.35,1,170.22,200,170.61,800,170.61,170.22,170.22,200,170.2,3700,169.86,200,169.85,2300,169.84,100,169.72,400,169.71,500,169.69,1500,169.68,400,169.67,400,170.61,800,170.79,500,170.8,400,171.0,400,,,,,,,,,,,,
2026-01-16 09:33:06,170.415,170.35,1,170.22,100,170.61,800,170.61,170.22,170.22,100,170.2,3700,169.86,200,169.85,2300,169.84,100,169.72,400,169.71,500,169.69,1500,169.68,400,169.67,400,170.61,800,170.79,500,170.8,400,171.0,400,,,,,,,,,,,,
2026-01-16 09:33:07,170.415,170.35,1,170.22,100,170.61,800,170.61,170.22,170.22,100,170.2,3700,169.86,200,169.85,2300,169.84,100,169.72,400,169.71,500,169.69,1500,169.68,400,169.67,400,170.61,800,170.79,500,170.8,400,171.0,400,,,,,,,,,,,,
2026-01-16 09:33:08,170.415,170.42,1,170.22,100,170.61,800,170.61,170.22,170.22,100,170.2,3700,169.86,200,169.85,2300,169.84,100,169.72,400,169.71,500,169.69,1500,169.68,400,169.67,400,170.61,800,170.79,500,170.8,400,171.0,400,,,,,,,,,,,,
2026-01-16 09:33:09,170.415,170.42,1,170.22,100,170.61,800,170.61,170.22,170.22,100,170.2,3700,169.86,200,169.85,2300,169.84,100,169.72,400,169.71,500,169.69,1500,169.68,400,169.67,400,170.61,800,170.79,500,170.8,400,171.0,400,,,,,,,,,,,,
2026-01-16 09:33:10,170.415,170.42,1,170.22,100,170.61,800,170.61,170.22,170.22,100,170.2,3700,169.86,200,169.85,2300,169.84,100,169.72,400,169.71,500,169.69,1500,169.68,400,169.67,400,170.61,800,170.79,500,170.8,400,171.0,400,,,,,,,,,,,,
2026-01-16 09:33:11,170.415,170.42,1,170.22,300,170.61,800,170.61,170.22,170.22,300,170.2,3700,169.86,200,169.85,2300,169.84,100,169.72,400,169.71,500,169.69,1500,169.68,400,169.67,400,170.61,800,170.79,500,170.8,400,171.0,400,,,,,,,,,,,,
2026-01-16 09:33:12,170.415,170.42,1,170.22,300,170.61,800,170.61,170.22,170.22,300,170.2,3700,169.86,200,169.85,2300,169.84,100,169.72,400,169.71,500,169.69,1500,169.68,400,169.67,400,170.61,800,170.79,500,170.8,400,171.0,400,,,,,,,,,,,,
2026-01-16 09:33:13,170.415,170.42,1,170.22,700,170.61,800,170.61,170.22,170.22,700,170.2,3700,169.86,200,169.85,2300,169.84,100,169.72,400,169.71,500,169.69,1500,169.68,400,169.67,400,170.61,800,170.79,500,170.8,400,171.0,400,,,,,,,,,,,,
2026-01-16 09:33:14,170.42,170.42,1,170.23,200,170.61,800,170.61,170.23,170.23,200,170.22,700,170.2,3700,169.86,200,169.85,2300,169.84,100,169.72,400,169.71,500,169.69,1500,169.68,400,170.61,800,170.79,500,170.8,400,171.0,400,,,,,,,,,,,,
2026-01-16 09:33:15,170.42,170.42,1,170.23,200,170.61,800,170.61,170.23,170.23,200,170.22,700,170.2,3700,169.86,200,169.85,2300,169.84,100,169.72,400,169.71,500,169.69,1500,169.68,400,170.61,800,170.79,500,170.8,400,171.0,400,,,,,,,,,,,,
2026-01-16 09:33:16,170.42,170.42,1,170.23,200,170.61,800,170.61,170.23,170.23,200,170.22,700,170.2,3700,169.86,200,169.85,2300,169.84,100,169.72,400,169.71,500,169.69,1500,169.68,400,170.61,800,170.79,500,170.8,400,171.0,400,,,,,,,,,,,,
2026-01-16 09:33:17,170.42,170.42,1,170.23,200,170.61,800,170.61,170.23,170.23,200,170.22,700,170.2,3700,169.86,200,169.85,2300,169.84,100,169.72,400,169.71,500,169.69,1500,169.68,400,170.61,800,170.79,500,170.8,400,171.0,400,,,,,,,,,,,,
2026-01-16 09:33:18,170.42,170.31,3,170.23,200,170.61,700,170.61,170.23,170.23,200,170.22,700,170.2,3700,169.86,200,169.85,2300,169.84,100,169.72,400,169.71,500,169.69,1500,169.68,400,170.61,700,170.79,500,170.8,400,171.0,400,,,,,,,,,,,,
2026-01-16 09:33:19,170.42,170.31,3,170.23,200,170.61,700,170.61,170.23,170.23,200,170.22,700,170.2,3700,169.86,200,169.85,2300,169.84,100,169.72,400,169.71,500,169.69,1500,169.68,400,170.61,700,170.79,500,170.8,400,171.0,400,,,,,,,,,,,,
2026-01-16 09:33:20,170.42,170.31,3,170.23,200,170.61,700,170.61,170.23,170.23,200,170.22,700,170.2,3700,169.86,200,169.85,2300,169.84,100,169.72,400,169.71,500,169.69,1500,169.68,400,170.61,700,170.79,500,170.8,400,171.0,400,,,,,,,,,,,,
2026-01-16 09:33:21,170.42,170.31,3,170.23,200,170.61,700,170.61,170.23,170.23,200,170.22,700,170.2,3700,169.86,200,169.85,2300,169.84,100,169.72,400,169.71,500,169.69,1500,169.68,400,170.61,700,170.79,500,170.8,400,171.0,400,,,,,,,,,,,,
2026-01-16 09:33:22,170.42,170.31,3,170.23,200,170.61,700,170.61,170.23,170.23,200,170.22,700,170.2,3700,169.86,200,169.85,2300,169.84,100,169.72,400,169.71,500,169.69,1500,169.68,400,170.61,700,170.79,500,170.8,400,171.0,400,,,,,,,,,,,,
2026-01-16 09:33:23,170.42,170.31,3,170.23,200,170.61,700,170.61,170.23,170.23,200,170.22,700,170.2,3700,169.86,200,169.85,2300,169.84,100,169.72,400,169.71,500,169.69,1500,169.68,400,170.61,700,170.79,500,170.8,400,171.0,400,,,,,,,,,,,,
2026-01-16 09:33:24,170.42,170.31,3,170.23,200,170.61,700,170.61,170.23,170.23,200,170.22,700,170.2,3700,169.86,200,169.85,2300,169.84,100,169.72,400,169.71,500,169.69,1500,169.68,400,170.61,700,170.79,500,170.8,400,171.0,400,,,,,,,,,,,,
2026-01-16 09:33:25,170.42,170.31,3,170.23,200,170.61,900,170.61,170.23,170.23,200,170.22,700,170.2,3700,169.86,200,169.85,2300,169.84,100,169.72,400,169.71,500,169.69,1500,169.68,400,170.61,900,170.79,500,170.8,400,171.0,400,,,,,,,,,,,,
2026-01-16 09:33:26,170.42,170.31,3,170.23,200,170.61,900,170.61,170.23,170.23,200,170.22,700,170.2,3700,169.86,200,169.85,2300,169.84,100,169.72,400,169.71,500,169.69,1500,169.68,400,170.61,900,170.79,500,170.8,400,171.0,400,,,,,,,,,,,,
2026-01-16 09:33:27,170.42,170.31,3,170.23,200,170.61,900,170.61,170.23,170.23,200,170.22,700,170.2,3700,169.86,200,169.85,2300,169.84,100,169.72,400,169.71,500,169.69,1500,169.68,400,170.61,900,170.79,500,170.8,400,171.0,400,,,,,,,,,,,,
2026-01-16 09:33:28,170.42,170.31,3,170.23,200,170.61,900,170.61,170.23,170.23,200,170.22,700,170.2,3700,169.86,200,169.85,2300,169.84,100,169.72,400,169.71,500,169.69,1500,169.68,400,170.61,900,170.79,500,170.8,400,171.0,400,,,,,,,,,,,,
2026-01-16 09:33:29,170.42,170.31,3,170.23,200,170.61,900,170.61,170.23,170.23,200,170.22,700,170.2,3700,169.86,200,169.85,2300,169.84,100,169.72,400,169.71,500,169.69,1500,169.68,400,170.61,900,170.79,500,170.8,400,171.0,400,,,,,,,,,,,,
2026-01-16 09:33:30,170.42,170.31,3,170.23,200,170.61,900,170.61,170.23,170.23,200,170.22,700,170.2,3700,169.86,200,169.85,2300,169.84,100,169.72,400,169.71,500,169.69,1500,169.68,400,170.61,900,170.79,500,170.8,400,171.0,400,,,,,,,,,,,,
2026-01-16 09:33:31,170.42,170.31,3,170.23,600,170.61,900,170.61,170.23,170.23,600,170.22,700,170.2,3700,169.86,200,169.85,2300,169.84,100,169.72,400,169.71,500,169.69,1500,169.68,400,170.61,900,170.79,500,170.8,400,171.0,400,,,,,,,,,,,,
2026-01-16 09:33:32,170.42,170.31,3,170.23,600,170.61,900,170.61,170.23,170.23,600,170.22,700,170.2,3700,169.86,200,169.85,2300,169.84,100,169.72,400,169.71,500,169.69,1500,169.68,400,170.61,900,170.79,500,170.8,400,171.0,400,,,,,,,,,,,,
2026-01-16 09:33:33,170.42,170.31,3,170.23,600,170.61,900,170.61,170.23,170.23,600,170.22,700,170.2,3700,169.86,200,169.85,2300,169.84,100,169.72,400,169.71,500,169.69,1500,169.68,400,170.61,900,170.79,500,170.8,400,171.0,400,,,,,,,,,,,,
2026-01-16 09:33:34,170.42,170.31,3,170.23,600,170.61,900,170.61,170.23,170.23,600,170.22,700,170.2,3700,169.86,200,169.85,2300,169.84,100,169.72,400,169.71,500,169.69,1500,169.68,400,170.61,900,170.79,500,170.8,400,171.0,400,,,,,,,,,,,,
2026-01-16 09:33:35,170.42,170.42,1,170.23,600,170.61,700,170.61,170.23,170.23,600,170.22,700,170.2,3700,169.86,200,169.85,2300,169.84,100,169.72,400,169.71,500,169.69,1500,169.68,400,170.61,700,170.79,500,170.8,400,171.0,400,,,,,,,,,,,,
2026-01-16 09:33:36,170.42,170.42,1,170.23,600,170.61,700,170.61,170.23,170.23,600,170.22,700,170.2,3700,169.86,200,169.85,2300,169.84,100,169.72,400,169.71,500,169.69,1500,169.68,400,170.61,700,170.79,500,170.8,400,171.0,400,,,,,,,,,,,,
2026-01-16 09:33:37,170.42,170.42,1,170.23,600,170.61,700,170.61,170.23,170.23,600,170.22,700,170.2,3700,169.86,200,169.85,2300,169.84,100,169.72,400,169.71,500,169.69,1500,169.68,400,170.61,700,170.79,500,170.8,400,171.0,400,,,,,,,,,,,,
2026-01-16 09:33:38,170.42,170.42,1,170.23,600,170.61,700,170.61,170.23,170.23,600,170.22,700,170.2,3700,169.86,200,169.85,2300,169.84,100,169.72,400,169.71,500,169.69,1500,169.68,400,170.61,700,170.79,500,170.8,400,171.0,400,,,,,,,,,,,,
2026-01-16 09:33:39,170.42,170.42,1,170.23,600,170.61,700,170.61,170.23,170.23,600,170.22,700,170.2,3700,169.86,200,169.85,2300,169.84,100,169.72,400,169.71,500,169.69,1500,169.68,400,170.61,700,170.79,500,170.8,400,171.0,400,,,,,,,,,,,,
2026-01-16 09:33:40,170.42,170.42,1,170.23,600,170.61,700,170.61,170.23,170.23,600,170.22,700,170.2,3700,169.86,200,169.85,2300,169.84,100,169.72,400,169.71,500,169.69,1500,169.68,400,170.61,700,170.79,500,170.8,400,171.0,400,,,,,,,,,,,,
2026-01-16 09:33:41,170.42,170.42,3,170.23,600,170.61,700,170.61,170.23,170.23,600,170.22,700,170.2,3700,169.86,200,169.85,2300,169.84,100,169.72,400,169.71,500,169.69,1500,169.68,400,170.61,700,170.79,500,170.8,400,171.0,400,,,,,,,,,,,,
2026-01-16 09:33:42,170.42,170.42,3,170.23,600,170.61,700,170.61,170.23,170.23,600,170.22,700,170.2,3700,169.86,200,169.85,2300,169.84,100,169.72,400,169.71,500,169.69,1500,169.68,400,170.61,700,170.79,500,170.8,400,171.0,400,,,,,,,,,,,,
2026-01-16 09:33:43,170.575,170.51,1,170.39,400,170.76,100,170.76,170.39,170.39,400,170.31,300,170.23,600,170.22,700,170.2,3700,169.86,200,169.85,2300,169.84,100,169.72,400,169.71,500,170.76,100,170.8,300,171.0,400,,,,,,,,,,,,,,
2026-01-16 09:33:44,170.58,170.51,1,170.4,100,170.76,200,170.76,170.4,170.4,100,170.39,400,170.31,300,170.23,600,170.22,700,170.2,3700,169.86,200,169.85,2300,169.84,100,169.72,400,170.76,200,170.8,300,171.0,400,,,,,,,,,,,,,,
2026-01-16 09:33:45,170.58,170.51,1,170.4,200,170.76,100,170.76,170.4,170.4,200,170.39,400,170.31,300,170.23,600,170.22,700,170.2,3700,169.86,200,169.85,2300,169.84,100,169.72,400,170.76,100,170.77,100,170.8,300,171.0,400,,,,,,,,,,,,
2026-01-16 09:33:46,170.58,170.51,1,170.4,200,170.76,100,170.76,170.4,170.4,200,170.39,400,170.31,300,170.23,600,170.22,700,170.2,3700,169.86,200,169.85,2300,169.84,100,169.72,400,170.76,100,170.77,100,170.8,300,171.0,400,,,,,,,,,,,,
2026-01-16 09:33:47,170.6,170.51,1,170.44,200,170.76,100,170.76,170.44,170.44,200,170.4,200,170.39,400,170.31,300,170.23,600,170.22,700,170.2,3700,169.86,200,169.85,2300,169.84,100,170.76,100,170.77,100,170.8,300,171.0,400,,,,,,,,,,,,
2026-01-16 09:33:48,170.6,170.6,1,170.44,2700,170.76,300,170.76,170.44,170.44,2700,170.4,200,170.39,400,170.31,300,170.23,600,170.22,700,170.2,3700,169.86,200,169.85,2300,169.84,100,170.76,300,170.77,100,170.8,300,171.0,400,,,,,,,,,,,,
2026-01-16 09:33:49,170.6,170.6,1,170.44,2700,170.76,300,170.76,170.44,170.44,2700,170.4,200,170.39,400,170.31,300,170.23,600,170.22,700,170.2,3700,169.86,200,169.85,2300,169.84,100,170.76,300,170.77,100,170.8,300,171.0,400,,,,,,,,,,,,
2026-01-16 09:33:50,170.61,170.6,1,170.46,200,170.76,300,170.76,170.46,170.46,200,170.44,2600,170.4,200,170.39,400,170.31,300,170.23,600,170.22,700,170.2,3700,169.86,200,169.85,2300,170.76,300,170.77,100,170.8,300,171.0,400,,,,,,,,,,,,
2026-01-16 09:33:51,170.61,170.6,1,170.46,200,170.76,300,170.76,170.46,170.46,200,170.44,2600,170.4,200,170.39,400,170.31,300,170.23,600,170.22,700,170.2,3700,169.86,200,169.85,2300,170.76,300,170.77,100,170.8,300,171.0,400,,,,,,,,,,,,
2026-01-16 09:33:52,170.61,170.6,1,170.46,200,170.76,300,170.76,170.46,170.46,200,170.44,2600,170.4,200,170.39,400,170.31,300,170.23,600,170.22,700,170.2,3700,169.86,200,169.85,2300,170.76,300,170.77,100,170.8,300,171.0,400,,,,,,,,,,,,
2026-01-16 09:33:53,170.61,170.6,1,170.46,200,170.76,300,170.76,170.46,170.46,200,170.44,2600,170.4,200,170.39,400,170.31,300,170.23,600,170.22,700,170.2,3700,169.86,200,169.85,2300,170.76,300,170.77,100,170.8,300,171.0,400,,,,,,,,,,,,
2026-01-16 09:33:54,170.61,170.6,1,170.46,200,170.76,300,170.76,170.46,170.46,200,170.44,2600,170.4,200,170.39,400,170.31,300,170.23,600,170.22,700,170.2,3700,169.86,200,169.85,2300,170.76,300,170.77,100,170.8,300,171.0,400,,,,,,,,,,,,
2026-01-16 09:33:55,170.61,170.6,1,170.46,200,170.76,300,170.76,170.46,170.46,200,170.44,2600,170.4,200,170.39,400,170.31,300,170.23,600,170.22,700,170.2,3700,169.86,200,169.85,2300,170.76,300,170.77,100,170.8,300,171.0,400,,,,,,,,,,,,
2026-01-16 09:33:56,170.635,170.6,1,170.51,200,170.76,300,170.76,170.51,170.51,200,170.46,200,170.44,2600,170.4,200,170.39,400,170.31,300,170.23,600,170.22,700,170.2,3700,169.86,200,170.76,300,170.77,100,170.8,300,171.0,400,,,,,,,,,,,,
2026-01-16 09:33:57,170.635,170.6,1,170.51,200,170.76,300,170.76,170.51,170.51,200,170.46,200,170.44,2600,170.4,200,170.39,400,170.31,300,170.23,600,170.22,700,170.2,3700,169.86,200,170.76,300,170.77,100,170.8,300,171.0,400,,,,,,,,,,,,
2026-01-16 09:33:58,170.635,170.6,1,170.51,200,170.76,300,170.76,170.51,170.51,200,170.46,200,170.44,2600,170.4,200,170.39,400,170.31,300,170.23,600,170.22,700,170.2,3700,169.86,200,170.76,300,170.77,100,170.8,300,171.0,400,,,,,,,,,,,,
2026-01-16 09:33:59,170.6,170.6,1,170.44,2800,170.76,500,170.76,170.44,170.44,2800,170.4,200,170.39,400,170.31,300,170.23,600,170.22,700,170.2,3700,169.86,200,169.85,2300,169.84,100,170.76,500,170.77,100,170.8,300,171.0,400,,,,,,,,,,,,
2026-01-16 09:34:00,170.605,170.61,1,170.41,100,170.8,300,170.8,170.41,170.41,100,170.4,200,170.39,400,170.31,300,170.23,600,170.22,700,170.2,3700,169.86,200,169.85,2300,169.84,100,170.8,300,171.0,400,,,,,,,,,,,,,,,,
2026-01-16 09:34:01,170.605,170.61,1,170.41,100,170.8,300,170.8,170.41,170.41,100,170.4,200,170.39,400,170.31,300,170.23,600,170.22,700,170.2,3700,169.86,200,169.85,2300,169.84,100,170.8,300,171.0,400,,,,,,,,,,,,,,,,
2026-01-16 09:34:02,170.605,170.61,2,170.41,100,170.8,300,170.8,170.41,170.41,100,170.4,200,170.39,400,170.31,300,170.23,600,170.22,700,170.2,3700,169.86,200,169.85,2300,169.84,100,170.8,300,171.0,400,,,,,,,,,,,,,,,,
2026-01-16 09:34:03,170.605,170.61,2,170.41,100,170.8,300,170.8,170.41,170.41,100,170.4,200,170.39,400,170.31,300,170.23,600,170.22,700,170.2,3700,169.86,200,169.85,2300,169.84,100,170.8,300,171.0,400,,,,,,,,,,,,,,,,
2026-01-16 09:34:04,170.605,170.61,2,170.41,300,170.8,300,170.8,170.41,170.41,300,170.4,200,170.39,400,170.31,300,170.23,600,170.22,700,170.2,3700,169.86,200,169.85,2300,169.84,100,170.8,300,171.0,400,,,,,,,,,,,,,,,,
2026-01-16 09:34:05,170.605,170.61,2,170.41,300,170.8,300,170.8,170.41,170.41,300,170.4,200,170.39,400,170.31,300,170.23,600,170.22,700,170.2,3700,169.86,200,169.85,2300,169.84,100,170.8,300,171.0,400,,,,,,,,,,,,,,,,
2026-01-16 09:34:06,170.605,170.61,2,170.41,300,170.8,300,170.8,170.41,170.41,300,170.4,200,170.39,400,170.31,300,170.23,600,170.22,700,170.2,3700,169.86,200,169.85,2300,169.84,100,170.8,300,171.0,400,,,,,,,,,,,,,,,,
2026-01-16 09:34:07,170.605,170.61,2,170.41,300,170.8,300,170.8,170.41,170.41,300,170.4,200,170.39,400,170.31,300,170.23,600,170.22,700,170.2,3700,169.86,200,169.85,2300,169.84,100,170.8,300,171.0,400,,,,,,,,,,,,,,,,
2026-01-16 09:34:08,170.605,170.61,2,170.41,300,170.8,300,170.8,170.41,170.41,300,170.4,200,170.39,400,170.31,300,170.23,600,170.22,700,170.2,3700,169.86,200,169.85,2300,169.84,100,170.8,300,171.0,400,,,,,,,,,,,,,,,,
2026-01-16 09:34:09,170.605,170.61,2,170.41,300,170.8,300,170.8,170.41,170.41,300,170.4,200,170.39,400,170.31,300,170.23,600,170.22,700,170.2,3700,169.86,200,169.85,2300,169.84,100,170.8,300,171.0,400,,,,,,,,,,,,,,,,
2026-01-16 09:34:10,170.605,170.61,2,170.41,500,170.8,300,170.8,170.41,170.41,500,170.4,200,170.39,400,170.31,300,170.23,600,170.22,700,170.2,3700,169.86,200,169.85,2300,169.84,100,170.8,300,171.0,400,,,,,,,,,,,,,,,,
2026-01-16 09:34:11,170.655,170.61,2,170.51,200,170.8,300,170.8,170.51,170.51,200,170.41,500,170.4,200,170.39,400,170.31,300,170.23,600,170.22,700,170.2,3700,169.86,200,169.85,2300,170.8,300,171.0,400,,,,,,,,,,,,,,,,
2026-01-16 09:34:12,170.655,170.61,2,170.51,200,170.8,300,170.8,170.51,170.51,200,170.41,500,170.4,200,170.39,400,170.31,300,170.23,600,170.22,700,170.2,3700,169.86,200,169.85,2300,170.8,300,171.0,400,,,,,,,,,,,,,,,,
2026-01-16 09:34:13,170.655,170.61,2,170.51,200,170.8,300,170.8,170.51,170.51,200,170.41,500,170.4,200,170.39,400,170.31,300,170.23,600,170.22,700,170.2,3700,169.86,200,169.85,2300,170.8,300,171.0,400,,,,,,,,,,,,,,,,
2026-01-16 09:34:14,170.655,170.61,2,170.51,500,170.8,300,170.8,170.51,170.51,500,170.41,500,170.4,200,170.39,400,170.31,300,170.23,600,170.22,700,170.2,3700,169.86,200,169.85,2300,170.8,300,171.0,400,,,,,,,,,,,,,,,,
2026-01-16 09:34:15,170.26,170.41,1,169.85,100,170.67,500,170.67,169.85,169.85,100,169.82,200,169.72,400,169.71,500,169.69,1500,169.68,400,169.67,400,169.66,400,169.65,300,169.62,300,170.67,500,170.7,500,170.8,300,171.0,400,,,,,,,,,,,,
2026-01-16 09:34:16,170.255,170.26,3,169.85,200,170.66,500,170.66,169.85,169.85,200,169.82,200,169.72,400,169.71,500,169.69,1500,169.68,400,169.67,400,169.66,400,169.65,300,169.62,300,170.66,500,170.67,900,170.7,500,170.8,300,171.0,400,,,,,,,,,,
2026-01-16 09:34:17,170.255,170.26,3,169.85,400,170.66,900,170.66,169.85,169.85,400,169.82,200,169.72,400,169.71,500,169.69,1500,169.68,400,169.67,400,169.66,400,169.65,300,169.62,300,170.66,900,170.67,900,170.7,500,170.8,300,171.0,400,,,,,,,,,,
2026-01-16 09:34:18,170.255,170.25,1,169.85,400,170.66,900,170.66,169.85,169.85,400,169.82,200,169.72,400,169.71,500,169.69,1500,169.68,400,169.67,400,169.66,400,169.65,300,169.62,300,170.66,900,170.67,900,170.7,500,170.8,300,171.0,400,,,,,,,,,,
2026-01-16 09:34:19,170.255,170.25,1,169.85,400,170.66,900,170.66,169.85,169.85,400,169.82,200,169.72,400,169.71,500,169.69,1500,169.68,400,169.67,400,169.66,400,169.65,300,169.62,300,170.66,900,170.67,900,170.7,500,170.8,300,171.0,400,,,,,,,,,,
2026-01-16 09:34:20,170.255,170.25,1,169.85,400,170.66,900,170.66,169.85,169.85,400,169.82,200,169.72,400,169.71,500,169.69,1500,169.68,400,169.67,400,169.66,400,169.65,300,169.62,300,170.66,900,170.67,900,170.7,500,170.8,300,171.0,400,,,,,,,,,,
2026-01-16 09:34:21,170.235,170.25,1,169.86,200,170.61,500,170.61,169.86,169.86,200,169.85,400,169.82,200,169.72,400,169.71,500,169.69,1500,169.68,400,169.67,400,169.66,400,169.65,300,170.61,500,170.66,900,170.67,900,170.7,500,170.8,300,171.0,400,,,,,,,,
2026-01-16 09:34:22,170.235,170.25,1,169.86,200,170.61,500,170.61,169.86,169.86,200,169.85,400,169.82,200,169.72,400,169.71,500,169.69,1500,169.68,400,169.67,400,169.66,400,169.65,300,170.61,500,170.66,900,170.67,900,170.7,500,170.8,300,171.0,400,,,,,,,,
2026-01-16 09:34:23,170.235,170.24,1,169.86,200,170.61,500,170.61,169.86,169.86,200,169.85,400,169.82,200,169.72,400,169.71,500,169.69,1500,169.68,400,169.67,400,169.66,400,169.65,300,170.61,500,170.66,900,170.67,900,170.7,500,170.8,300,171.0,400,,,,,,,,
2026-01-16 09:34:24,170.235,170.24,1,169.86,200,170.61,500,170.61,169.86,169.86,200,169.85,400,169.82,200,169.72,400,169.71,500,169.69,1500,169.68,400,169.67,400,169.66,400,169.65,300,170.61,500,170.66,900,170.67,900,170.7,500,170.8,300,171.0,400,,,,,,,,
2026-01-16 09:34:25,170.235,170.24,1,169.86,200,170.61,500,170.61,169.86,169.86,200,169.85,400,169.82,200,169.72,400,169.71,500,169.69,1500,169.68,400,169.67,400,169.66,400,169.65,300,170.61,500,170.66,900,170.67,900,170.7,500,170.8,300,171.0,400,,,,,,,,
2026-01-16 09:34:26,170.235,170.24,1,169.86,200,170.61,500,170.61,169.86,169.86,200,169.85,400,169.82,200,169.72,400,169.71,500,169.69,1500,169.68,400,169.67,400,169.66,400,169.65,300,170.61,500,170.66,900,170.67,900,170.7,500,170.8,300,171.0,400,,,,,,,,
2026-01-16 09:34:27,170.235,170.24,1,169.86,200,170.61,500,170.61,169.86,169.86,200,169.85,400,169.82,200,169.72,400,169.71,500,169.69,1500,169.68,400,169.67,400,169.66,400,169.65,300,170.61,500,170.66,900,170.67,900,170.7,500,170.8,300,171.0,400,,,,,,,,
2026-01-16 09:34:28,170.235,170.24,1,169.86,200,170.61,500,170.61,169.86,169.86,200,169.85,400,169.82,200,169.72,400,169.71,500,169.69,1500,169.68,400,169.67,400,169.66,400,169.65,300,170.61,500,170.66,900,170.67,900,170.7,500,170.8,300,171.0,400,,,,,,,,
2026-01-16 09:34:29,170.135,170.24,1,169.86,200,170.41,600,170.41,169.86,169.86,200,169.85,400,169.82,200,169.72,400,169.71,500,169.69,1500,169.68,400,169.67,400,169.66,400,169.65,300,170.41,600,170.42,100,170.61,500,170.66,900,170.67,900,170.7,500,170.8,300,171.0,400,,,,
2026-01-16 09:34:30,170.135,170.24,1,169.86,200,170.41,1100,170.41,169.86,169.86,200,169.85,400,169.82,200,169.72,400,169.71,500,169.69,1500,169.68,400,169.67,400,169.66,400,169.65,300,170.41,1100,170.42,100,170.61,500,170.66,900,170.67,900,170.7,500,170.8,300,171.0,400,,,,
2026-01-16 09:34:31,170.135,170.24,1,169.86,200,170.41,1100,170.41,169.86,169.86,200,169.85,400,169.82,200,169.72,400,169.71,500,169.69,1500,169.68,400,169.67,400,169.66,400,169.65,300,170.41,1100,170.42,100,170.61,500,170.66,900,170.67,900,170.7,500,170.8,300,171.0,400,,,,
2026-01-16 09:34:32,170.135,170.24,1,169.86,200,170.41,1100,170.41,169.86,169.86,200,169.85,400,169.82,200,169.72,400,169.71,500,169.69,1500,169.68,400,169.67,400,169.66,400,169.65,300,170.41,1100,170.42,100,170.61,500,170.66,900,170.67,900,170.7,500,170.8,300,171.0,400,,,,
2026-01-16 09:34:33,170.12,170.24,1,169.86,200,170.38,1100,170.38,169.86,169.86,200,169.85,400,169.82,200,169.72,400,169.71,500,169.69,1500,169.68,400,169.67,400,169.66,400,169.65,300,170.38,1100,170.41,1200,170.42,100,170.61,500,170.66,900,170.67,900,170.7,500,170.8,300,171.0,400,,
2026-01-16 09:34:34,170.12,170.24,1,169.86,200,170.38,1100,170.38,169.86,169.86,200,169.85,400,169.82,200,169.72,400,169.71,500,169.69,1500,169.68,400,169.67,400,169.66,400,169.65,300,170.38,1100,170.41,1200,170.42,100,170.61,500,170.66,900,170.67,900,170.7,500,170.8,300,171.0,400,,
2026-01-16 09:34:35,170.115,170.24,1,169.86,200,170.37,600,170.37,169.86,169.86,200,169.85,400,169.82,200,169.72,400,169.71,500,169.69,1500,169.68,400,169.67,400,169.66,400,169.65,300,170.37,600,170.38,1100,170.41,1200,170.42,100,170.61,500,170.66,900,170.67,900,170.7,500,170.8,300,171.0,400
2026-01-16 09:34:36,170.12,170.24,1,169.86,200,170.38,600,170.38,169.86,169.86,200,169.85,400,169.82,200,169.72,400,169.71,500,169.69,1500,169.68,400,169.67,400,169.66,400,169.65,300,170.38,600,170.57,600,170.61,500,170.66,900,170.67,900,170.7,500,170.8,300,171.0,400,,,,
2026-01-16 09:34:37,170.11,170.12,10,169.86,200,170.36,600,170.36,169.86,169.86,200,169.85,400,169.82,200,169.72,400,169.71,500,169.69,1500,169.68,400,169.67,400,169.66,400,169.65,300,170.36,600,170.37,1100,170.38,1100,170.57,600,170.61,500,170.66,900,170.67,900,170.7,500,170.8,300,171.0,400
2026-01-16 09:34:38,170.11,170.12,10,169.86,200,170.36,600,170.36,169.86,169.86,200,169.85,400,169.82,200,169.72,400,169.71,500,169.69,1500,169.68,400,169.67,400,169.66,400,169.65,300,170.36,600,170.37,1100,170.38,1100,170.57,600,170.61,500,170.66,900,170.67,900,170.7,500,170.8,300,171.0,400
2026-01-16 09:34:39,170.055,170.11,3,169.86,200,170.25,1100,170.25,169.86,169.86,200,169.85,400,169.82,200,169.72,400,169.71,500,169.69,1500,169.68,400,169.67,400,169.66,400,169.65,300,170.25,1100,170.36,1100,170.37,1100,170.38,1100,170.57,600,170.61,500,170.66,900,170.67,900,170.7,500,170.8,300
2026-01-16 09:34:40,170.055,170.11,3,169.86,200,170.25,1200,170.25,169.86,169.86,200,169.85,400,169.82,200,169.72,400,169.71,500,169.69,1500,169.68,400,169.67,400,169.66,400,169.65,300,170.25,1200,170.36,1100,170.37,1100,170.38,1100,170.57,600,170.61,500,170.66,900,170.67,900,170.7,500,170.8,300
2026-01-16 09:34:41,170.055,170.11,3,169.86,200,170.25,1200,170.25,169.86,169.86,200,169.85,400,169.82,200,169.72,400,169.71,500,169.69,1500,169.68,400,169.67,400,169.66,400,169.65,300,170.25,1200,170.36,1100,170.37,1100,170.38,1100,170.57,600,170.61,500,170.66,900,170.67,900,170.7,500,170.8,300
2026-01-16 09:34:42,170.055,170.11,3,169.86,200,170.25,1200,170.25,169.86,169.86,200,169.85,400,169.82,200,169.72,400,169.71,500,169.69,1500,169.68,400,169.67,400,169.66,400,169.65,300,170.25,1200,170.36,1100,170.37,1100,170.38,1100,170.57,600,170.61,500,170.66,900,170.67,900,170.7,500,170.8,300
2026-01-16 09:34:43,170.055,170.11,3,169.86,200,170.25,1200,170.25,169.86,169.86,200,169.85,400,169.82,200,169.72,400,169.71,500,169.69,1500,169.68,400,169.67,400,169.66,400,169.65,300,170.25,1200,170.36,1100,170.37,1100,170.38,1100,170.57,600,170.61,500,170.66,900,170.67,900,170.7,500,170.8,300
2026-01-16 09:34:44,170.055,170.11,3,169.86,200,170.25,1200,170.25,169.86,169.86,200,169.85,400,169.82,200,169.72,400,169.71,500,169.69,1500,169.68,400,169.67,400,169.66,400,169.65,300,170.25,1200,170.36,1100,170.37,1100,170.38,1100,170.57,600,170.61,500,170.66,900,170.67,900,170.7,500,170.8,300
2026-01-16 09:34:45,170.055,170.11,3,169.86,200,170.25,1200,170.25,169.86,169.86,200,169.85,400,169.82,200,169.72,400,169.71,500,169.69,1500,169.68,400,169.67,400,169.66,400,169.65,300,170.25,1200,170.36,1100,170.37,1100,170.38,1100,170.57,600,170.61,500,170.66,900,170.67,900,170.7,500,170.8,300
2026-01-16 09:34:46,170.055,170.11,3,169.86,200,170.25,1200,170.25,169.86,169.86,200,169.85,400,169.82,200,169.72,400,169.71,500,169.69,1500,169.68,400,169.67,400,169.66,400,169.65,300,170.25,1200,170.36,1100,170.37,1100,170.38,1100,170.57,600,170.61,500,170.66,900,170.67,900,170.7,500,170.8,300
2026-01-16 09:34:47,170.055,170.11,3,169.86,200,170.25,1200,170.25,169.86,169.86,200,169.85,400,169.82,200,169.72,400,169.71,500,169.69,1500,169.68,400,169.67,400,169.66,400,169.65,300,170.25,1200,170.36,1100,170.37,1100,170.38,1100,170.57,600,170.61,500,170.66,900,170.67,900,170.7,500,170.8,300
2026-01-16 09:34:48,170.055,170.11,3,169.86,200,170.25,1200,170.25,169.86,169.86,200,169.85,400,169.82,200,169.72,400,169.71,500,169.69,1500,169.68,400,169.67,400,169.66,400,169.65,300,170.25,1200,170.36,1100,170.37,1100,170.38,1100,170.57,600,170.61,500,170.66,900,170.67,900,170.7,500,170.8,300
2026-01-16 09:34:49,170.055,170.11,3,169.86,200,170.25,1200,170.25,169.86,169.86,200,169.85,400,169.82,200,169.72,400,169.71,500,169.69,1500,169.68,400,169.67,400,169.66,400,169.65,300,170.25,1200,170.36,1100,170.37,1100,170.38,1100,170.57,600,170.61,500,170.66,900,170.67,900,170.7,500,170.8,300
2026-01-16 09:34:50,170.22,170.25,2,170.06,100,170.38,700,170.38,170.06,170.06,100,170.02,100,169.94,200,169.86,200,169.85,400,169.82,200,169.72,400,169.71,500,169.69,1500,169.68,400,170.38,700,170.57,600,170.61,500,170.66,900,170.67,900,170.7,500,170.8,300,171.0,400,,,,
2026-01-16 09:34:51,170.22,170.25,2,170.06,100,170.38,700,170.38,170.06,170.06,100,170.02,100,169.94,200,169.86,200,169.85,400,169.82,200,169.72,400,169.71,500,169.69,1500,169.68,400,170.38,700,170.57,600,170.61,500,170.66,900,170.67,900,170.7,500,170.8,300,171.0,400,,,,
2026-01-16 09:34:52,170.22,170.12,2,170.06,100,170.38,700,170.38,170.06,170.06,100,170.02,100,169.94,200,169.86,200,169.85,400,169.82,200,169.72,400,169.71,500,169.69,1500,169.68,400,170.38,700,170.57,600,170.61,500,170.66,900,170.67,900,170.7,500,170.8,300,171.0,400,,,,
2026-01-16 09:34:53,170.22,170.22,5,170.06,1300,170.38,800,170.38,170.06,170.06,1300,170.02,100,169.94,200,169.86,200,169.85,400,169.82,200,169.72,400,169.71,500,169.69,1500,169.68,400,170.38,800,170.57,600,170.61,500,170.66,900,170.67,900,170.7,500,170.8,300,171.0,400,,,,
2026-01-16 09:34:54,170.22,170.22,5,170.06,1300,170.38,800,170.38,170.06,170.06,1300,170.02,100,169.94,200,169.86,200,169.85,400,169.82,200,169.72,400,169.71,500,169.69,1500,169.68,400,170.38,800,170.57,600,170.61,500,170.66,900,170.67,900,170.7,500,170.8,300,171.0,400,,,,
2026-01-16 09:34:55,170.22,170.22,5,170.06,1300,170.38,800,170.38,170.06,170.06,1300,170.02,100,169.94,200,169.86,200,169.85,400,169.82,200,169.72,400,169.71,500,169.69,1500,169.68,400,170.38,800,170.57,600,170.61,500,170.66,900,170.67,900,170.7,500,170.8,300,171.0,400,,,,
2026-01-16 09:34:56,170.22,170.22,5,170.06,1300,170.38,800,170.38,170.06,170.06,1300,170.02,100,169.94,200,169.86,200,169.85,400,169.82,200,169.72,400,169.71,500,169.69,1500,169.68,400,170.38,800,170.57,600,170.61,500,170.66,900,170.67,900,170.7,500,170.8,300,171.0,400,,,,
2026-01-16 09:34:57,170.22,170.22,5,170.06,1400,170.38,800,170.38,170.06,170.06,1400,170.02,100,169.94,200,169.86,200,169.85,400,169.82,200,169.72,400,169.71,500,169.69,1500,169.68,400,170.38,800,170.57,600,170.61,500,170.66,900,170.67,900,170.7,500,170.8,300,171.0,400,,,,
2026-01-16 09:34:58,170.22,170.22,5,170.06,1400,170.38,800,170.38,170.06,170.06,1400,170.02,100,169.94,200,169.86,200,169.85,400,169.82,200,169.72,400,169.71,500,169.69,1500,169.68,400,170.38,800,170.57,600,170.61,500,170.66,900,170.67,900,170.7,500,170.8,300,171.0,400,,,,
2026-01-16 09:34:59,170.215,170.22,5,170.06,1400,170.37,300,170.37,170.06,170.06,1400,170.02,100,169.94,200,169.86,200,169.85,400,169.82,200,169.72,400,169.71,500,169.69,1500,169.68,400,170.37,300,170.38,800,170.57,600,170.61,500,170.66,900,170.67,900,170.7,500,170.8,300,171.0,400,,
2026-01-16 09:35:00,170.215,170.22,5,170.06,1300,170.37,300,170.37,170.06,170.06,1300,170.02,100,169.94,200,169.86,200,169.85,400,169.82,200,169.72,400,169.71,500,169.69,1500,169.68,400,170.37,300,170.38,800,170.57,600,170.61,500,170.66,900,170.67,900,170.7,500,170.8,300,171.0,400,,
2026-01-16 09:35:01,170.215,170.22,5,170.06,1300,170.37,300,170.37,170.06,170.06,1300,170.02,100,169.94,200,169.86,200,169.85,400,169.82,200,169.72,400,169.71,500,169.69,1500,169.68,400,170.37,300,170.38,800,170.57,600,170.61,500,170.66,900,170.67,900,170.7,500,170.8,300,171.0,400,,
2026-01-16 09:35:02,170.215,170.22,5,170.06,1400,170.37,300,170.37,170.06,170.06,1400,170.02,100,169.94,200,169.86,200,169.85,400,169.82,200,169.72,400,169.71,500,169.69,1500,169.68,400,170.37,300,170.38,800,170.57,600,170.61,500,170.66,900,170.67,900,170.7,500,170.8,300,171.0,400,,
2026-01-16 09:35:03,170.215,170.22,5,170.06,1400,170.37,300,170.37,170.06,170.06,1400,170.02,100,169.94,200,169.86,200,169.85,400,169.82,200,169.72,400,169.71,500,169.69,1500,169.68,400,170.37,300,170.38,800,170.57,600,170.61,500,170.66,900,170.67,900,170.7,500,170.8,300,171.0,400,,
2026-01-16 09:35:04,170.215,170.22,5,170.06,1300,170.37,300,170.37,170.06,170.06,1300,170.02,100,169.94,200,169.86,200,169.85,400,169.82,200,169.72,400,169.71,500,169.69,1500,169.68,400,170.37,300,170.38,800,170.57,600,170.61,500,170.66,900,170.67,900,170.7,500,170.8,300,171.0,400,,
2026-01-16 09:35:05,170.215,170.22,5,170.06,1300,170.37,300,170.37,170.06,170.06,1300,170.02,100,169.94,200,169.86,200,169.85,400,169.82,200,169.72,400,169.71,500,169.69,1500,169.68,400,170.37,300,170.38,800,170.57,600,170.61,500,170.66,900,170.67,900,170.7,500,170.8,300,171.0,400,,
2026-01-16 09:35:06,170.105,170.07,3,169.85,400,170.36,300,170.36,169.85,169.85,400,169.82,200,169.72,400,169.71,500,169.69,1500,169.68,400,169.67,400,169.66,400,169.65,300,169.62,300,170.36,300,170.37,400,170.38,800,170.57,600,170.61,500,170.66,900,170.67,900,170.7,500,170.8,300,171.0,400
2026-01-16 09:35:07,170.105,170.07,3,169.85,400,170.36,300,170.36,169.85,169.85,400,169.82,200,169.72,400,169.71,500,169.69,1500,169.68,400,169.67,400,169.66,400,169.65,300,169.62,300,170.36,300,170.37,400,170.38,800,170.57,600,170.61,500,170.66,900,170.67,900,170.7,500,170.8,300,171.0,400
2026-01-16 09:35:08,170.105,170.11,5,169.85,400,170.36,400,170.36,169.85,169.85,400,169.82,200,169.72,400,169.71,500,169.69,1500,169.68,400,169.67,400,169.66,400,169.65,300,169.62,300,170.36,400,170.37,400,170.38,800,170.57,600,170.61,500,170.66,900,170.67,900,170.7,500,170.8,300,171.0,400
2026-01-16 09:35:09,170.105,170.11,2,169.85,400,170.36,700,170.36,169.85,169.85,400,169.82,200,169.72,400,169.71,500,169.69,1500,169.68,400,169.67,400,169.66,400,169.65,300,169.62,300,170.36,700,170.37,400,170.38,800,170.57,600,170.61,500,170.66,900,170.67,900,170.7,500,170.8,300,171.0,400
2026-01-16 09:35:10,170.105,170.11,2,169.85,400,170.36,800,170.36,169.85,169.85,400,169.82,200,169.72,400,169.71,500,169.69,1500,169.68,400,169.67,400,169.66,400,169.65,300,169.62,300,170.36,800,170.37,400,170.38,800,170.57,600,170.61,500,170.66,900,170.67,900,170.7,500,170.8,300,171.0,400
2026-01-16 09:35:11,170.11,170.11,2,169.86,100,170.36,800,170.36,169.86,169.86,100,169.85,400,169.82,200,169.72,400,169.71,500,169.69,1500,169.68,400,169.67,400,169.66,400,169.65,300,170.36,800,170.37,400,170.38,800,170.57,600,170.61,500,170.66,900,170.67,900,170.7,500,170.8,300,171.0,400
2026-01-16 09:35:12,170.11,170.11,2,169.86,100,170.36,800,170.36,169.86,169.86,100,169.85,400,169.82,200,169.72,400,169.71,500,169.69,1500,169.68,400,169.67,400,169.66,400,169.65,300,170.36,800,170.37,400,170.38,800,170.57,600,170.61,500,170.66,900,170.67,900,170.7,500,170.8,300,171.0,400
2026-01-16 09:35:13,170.11,170.11,1,169.86,100,170.36,800,170.36,169.86,169.86,100,169.85,400,169.82,200,169.72,400,169.71,500,169.69,1500,169.68,400,169.67,400,169.66,400,169.65,300,170.36,800,170.37,400,170.38,800,170.57,600,170.61,500,170.66,900,170.67,900,170.7,500,170.8,300,171.0,400
2026-01-16 09:35:14,170.11,170.11,1,169.86,100,170.36,800,170.36,169.86,169.86,100,169.85,400,169.82,200,169.72,400,169.71,500,169.69,1500,169.68,400,169.67,400,169.66,400,169.65,300,170.36,800,170.37,400,170.38,800,170.57,600,170.61,500,170.66,900,170.67,900,170.7,500,170.8,300,171.0,400
2026-01-16 09:35:15,170.11,170.11,1,169.86,100,170.36,800,170.36,169.86,169.86,100,169.85,400,169.82,200,169.72,400,169.71,500,169.69,1500,169.68,400,169.67,400,169.66,400,169.65,300,170.36,800,170.37,400,170.38,800,170.57,600,170.61,500,170.66,900,170.67,900,170.7,500,170.8,300,171.0,400
2026-01-16 09:35:16,170.11,170.11,1,169.86,100,170.36,800,170.36,169.86,169.86,100,169.85,400,169.82,200,169.72,400,169.71,500,169.69,1500,169.68,400,169.67,400,169.66,400,169.65,300,170.36,800,170.37,400,170.38,800,170.57,600,170.61,500,170.66,900,170.67,900,170.7,500,170.8,300,171.0,400
2026-01-16 09:35:17,170.11,170.11,1,169.86,100,170.36,800,170.36,169.86,169.86,100,169.85,400,169.82,200,169.72,400,169.71,500,169.69,1500,169.68,400,169.67,400,169.66,400,169.65,300,170.36,800,170.37,400,170.38,800,170.57,600,170.61,500,170.66,900,170.67,900,170.7,500,170.8,300,171.0,400
2026-01-16 09:35:18,170.11,170.11,1,169.86,100,170.36,800,170.36,169.86,169.86,100,169.85,400,169.82,200,169.72,400,169.71,500,169.69,1500,169.68,400,169.67,400,169.66,400,169.65,300,170.36,800,170.37,400,170.38,800,170.57,600,170.61,500,170.66,900,170.67,900,170.7,500,170.8,300,171.0,400
2026-01-16 09:35:19,170.11,170.11,2,169.86,100,170.36,800,170.36,169.86,169.86,100,169.85,400,169.82,200,169.72,400,169.71,500,169.69,1500,169.68,400,169.67,400,169.66,400,169.65,300,170.36,800,170.37,400,170.38,800,170.57,600,170.61,500,170.66,900,170.67,900,170.7,500,170.8,300,171.0,400
2026-01-16 09:35:20,170.11,170.11,2,169.86,100,170.36,800,170.36,169.86,169.86,100,169.85,400,169.82,200,169.72,400,169.71,500,169.69,1500,169.68,400,169.67,400,169.66,400,169.65,300,170.36,800,170.37,400,170.38,800,170.57,600,170.61,500,170.66,900,170.67,900,170.7,500,170.8,300,171.0,400
2026-01-16 09:35:21,170.11,170.11,2,169.86,100,170.36,800,170.36,169.86,169.86,100,169.85,400,169.82,200,169.72,400,169.71,500,169.69,1500,169.68,400,169.67,400,169.66,400,169.65,300,170.36,800,170.37,400,170.38,800,170.57,600,170.61,500,170.66,900,170.67,900,170.7,500,170.8,300,171.0,400
2026-01-16 09:35:22,170.11,170.11,2,169.86,100,170.36,800,170.36,169.86,169.86,100,169.85,400,169.82,200,169.72,400,169.71,500,169.69,1500,169.68,400,169.67,400,169.66,400,169.65,300,170.36,800,170.37,400,170.38,800,170.57,600,170.61,500,170.66,900,170.67,900,170.7,500,170.8,300,171.0,400
2026-01-16 09:35:23,170.11,170.11,2,169.86,100,170.36,800,170.36,169.86,169.86,100,169.85,400,169.82,200,169.72,400,169.71,500,169.69,1500,169.68,400,169.67,400,169.66,400,169.65,300,170.36,800,170.37,400,170.38,800,170.57,600,170.61,500,170.66,900,170.67,900,170.7,500,170.8,300,171.0,400
2026-01-16 09:35:24,170.11,170.11,2,169.86,100,170.36,800,170.36,169.86,169.86,100,169.85,400,169.82,200,169.72,400,169.71,500,169.69,1500,169.68,400,169.67,400,169.66,400,169.65,300,170.36,800,170.37,400,170.38,800,170.57,600,170.61,500,170.66,900,170.67,900,170.7,500,170.8,300,171.0,400
2026-01-16 09:35:25,170.11,170.11,2,169.86,100,170.36,800,170.36,169.86,169.86,100,169.85,400,169.82,200,169.72,400,169.71,500,169.69,1500,169.68,400,169.67,400,169.66,400,169.65,300,170.36,800,170.37,400,170.38,800,170.57,600,170.61,500,170.66,900,170.67,900,170.7,500,170.8,300,171.0,400
2026-01-16 09:35:26,170.17,170.11,2,169.99,300,170.35,500,170.35,169.99,169.99,300,169.86,400,169.85,400,169.82,200,169.72,400,169.71,500,169.69,1500,169.68,400,169.67,400,169.66,400,170.35,500,170.36,800,170.37,400,170.38,800,170.57,600,170.61,500,170.66,900,170.67,900,170.7,500,170.8,300
2026-01-16 09:35:27,170.17,170.11,2,169.99,300,170.35,500,170.35,169.99,169.99,300,169.86,400,169.85,400,169.82,200,169.72,400,169.71,500,169.69,1500,169.68,400,169.67,400,169.66,400,170.35,500,170.36,800,170.37,400,170.38,800,170.57,600,170.61,500,170.66,900,170.67,900,170.7,500,170.8,300
2026-01-16 09:35:28,170.155,170.11,2,169.96,100,170.35,500,170.35,169.96,169.96,100,169.94,500,169.86,400,169.85,400,169.82,200,169.72,400,169.71,500,169.69,1500,169.68,400,169.67,400,170.35,500,170.36,800,170.37,400,170.38,800,170.57,600,170.61,500,170.66,900,170.67,900,170.7,500,170.8,300
2026-01-16 09:35:29,170.155,170.11,2,169.96,100,170.35,500,170.35,169.96,169.96,100,169.94,500,169.86,400,169.85,400,169.82,200,169.72,400,169.71,500,169.69,1500,169.68,400,169.67,400,170.35,500,170.36,800,170.37,400,170.38,800,170.57,600,170.61,500,170.66,900,170.67,900,170.7,500,170.8,300
2026-01-16 09:35:30,170.155,170.11,2,169.96,100,170.35,500,170.35,169.96,169.96,100,169.94,500,169.86,400,169.85,400,169.82,200,169.72,400,169.71,500,169.69,1500,169.68,400,169.67,400,170.35,500,170.36,800,170.37,400,170.38,800,170.57,600,170.61,500,170.66,900,170.67,900,170.7,500,170.8,300
2026-01-16 09:35:31,170.155,170.11,2,169.96,100,170.35,500,170.35,169.96,169.96,100,169.94,500,169.86,400,169.85,400,169.82,200,169.72,400,169.71,500,169.69,1500,169.68,400,169.67,400,170.35,500,170.36,800,170.37,400,170.38,800,170.57,600,170.61,500,170.66,900,170.67,900,170.7,500,170.8,300
2026-01-16 09:35:32,170.155,170.11,2,169.96,100,170.35,600,170.35,169.96,169.96,100,169.94,500,169.86,400,169.85,400,169.82,200,169.72,400,169.71,500,169.69,1500,169.68,400,169.67,400,170.35,600,170.36,800,170.37,400,170.38,800,170.57,600,170.61,500,170.66,900,170.67,900,170.7,500,170.8,300
2026-01-16 09:35:33,170.155,170.16,2,169.96,100,170.35,600,170.35,169.96,169.96,100,169.94,500,169.86,400,169.85,400,169.82,200,169.72,400,169.71,500,169.69,1500,169.68,400,169.67,400,170.35,600,170.36,800,170.37,400,170.38,800,170.57,600,170.61,500,170.66,900,170.67,900,170.7,500,170.8,300
2026-01-16 09:35:34,170.155,170.16,2,169.96,100,170.35,600,170.35,169.96,169.96,100,169.94,500,169.86,400,169.85,400,169.82,200,169.72,400,169.71,500,169.69,1500,169.68,400,169.67,400,170.35,600,170.36,800,170.37,400,170.38,800,170.57,600,170.61,500,170.66,900,170.67,900,170.7,500,170.8,300
2026-01-16 09:35:35,170.15,170.16,2,169.96,100,170.34,300,170.34,169.96,169.96,100,169.94,500,169.86,400,169.85,400,169.82,200,169.72,400,169.71,500,169.69,1500,169.68,400,169.67,400,170.34,300,170.35,600,170.36,800,170.37,400,170.38,800,170.57,600,170.61,500,170.66,900,170.67,900,170.7,500
2026-01-16 09:35:36,170.15,170.16,2,169.96,100,170.34,500,170.34,169.96,169.96,100,169.94,500,169.86,400,169.85,400,169.82,200,169.72,400,169.71,500,169.69,1500,169.68,400,169.67,400,170.34,500,170.35,600,170.36,800,170.37,400,170.38,800,170.57,600,170.61,500,170.66,900,170.67,900,170.7,500
2026-01-16 09:35:37,170.15,170.16,2,169.96,100,170.34,500,170.34,169.96,169.96,100,169.94,500,169.86,400,169.85,400,169.82,200,169.72,400,169.71,500,169.69,1500,169.68,400,169.67,400,170.34,500,170.35,600,170.36,800,170.37,400,170.38,800,170.57,600,170.61,500,170.66,900,170.67,900,170.7,500
2026-01-16 09:35:38,170.15,170.16,2,169.96,100,170.34,500,170.34,169.96,169.96,100,169.94,500,169.86,400,169.85,400,169.82,200,169.72,400,169.71,500,169.69,1500,169.68,400,169.67,400,170.34,500,170.35,600,170.36,800,170.37,400,170.38,800,170.57,600,170.61,500,170.66,900,170.67,900,170.7,500
2026-01-16 09:35:39,170.15,170.16,2,169.96,100,170.34,500,170.34,169.96,169.96,100,169.94,500,169.86,400,169.85,400,169.82,200,169.72,400,169.71,500,169.69,1500,169.68,400,169.67,400,170.34,500,170.35,600,170.36,800,170.37,400,170.38,800,170.57,600,170.61,500,170.66,900,170.67,900,170.7,500
2026-01-16 09:35:40,170.15,170.16,2,169.96,100,170.34,500,170.34,169.96,169.96,100,169.94,500,169.86,400,169.85,400,169.82,200,169.72,400,169.71,500,169.69,1500,169.68,400,169.67,400,170.34,500,170.35,600,170.36,800,170.37,400,170.38,800,170.57,600,170.61,500,170.66,900,170.67,900,170.7,500
2026-01-16 09:35:41,170.15,170.16,2,169.96,100,170.34,500,170.34,169.96,169.96,100,169.94,500,169.86,400,169.85,400,169.82,200,169.72,400,169.71,500,169.69,1500,169.68,400,169.67,400,170.34,500,170.35,600,170.36,800,170.37,400,170.38,800,170.57,600,170.61,500,170.66,900,170.67,900,170.7,500
2026-01-16 09:35:42,170.15,170.16,2,169.96,100,170.34,500,170.34,169.96,169.96,100,169.94,500,169.86,400,169.85,400,169.82,200,169.72,400,169.71,500,169.69,1500,169.68,400,169.67,400,170.34,500,170.35,600,170.36,800,170.37,400,170.38,800,170.57,600,170.61,500,170.66,900,170.67,900,170.7,500
2026-01-16 09:35:43,170.15,170.16,2,169.96,100,170.34,500,170.34,169.96,169.96,100,169.94,500,169.86,400,169.85,400,169.82,200,169.72,400,169.71,500,169.69,1500,169.68,400,169.67,400,170.34,500,170.35,600,170.36,800,170.37,400,170.38,800,170.57,600,170.61,500,170.66,900,170.67,900,170.7,500
2026-01-16 09:35:44,170.15,170.16,2,169.96,100,170.34,500,170.34,169.96,169.96,100,169.94,500,169.86,400,169.85,400,169.82,200,169.72,400,169.71,500,169.69,1500,169.68,400,169.67,400,170.34,500,170.35,600,170.36,800,170.37,400,170.38,800,170.57,600,170.61,500,170.66,900,170.67,900,170.7,500
2026-01-16 09:35:45,170.15,170.16,2,169.96,100,170.34,500,170.34,169.96,169.96,100,169.94,500,169.86,400,169.85,400,169.82,200,169.72,400,169.71,500,169.69,1500,169.68,400,169.67,400,170.34,500,170.35,600,170.36,800,170.37,400,170.38,800,170.57,600,170.61,500,170.66,900,170.67,900,170.7,500
2026-01-16 09:35:46,170.15,170.16,2,169.96,100,170.34,500,170.34,169.96,169.96,100,169.94,500,169.86,400,169.85,400,169.82,200,169.72,400,169.71,500,169.69,1500,169.68,400,169.67,400,170.34,500,170.35,600,170.36,800,170.37,400,170.38,800,170.57,600,170.61,500,170.66,900,170.67,900,170.7,500
2026-01-16 09:35:47,170.15,170.16,2,169.96,100,170.34,500,170.34,169.96,169.96,100,169.94,500,169.86,400,169.85,400,169.82,200,169.72,400,169.71,500,169.69,1500,169.68,400,169.67,400,170.34,500,170.35,600,170.36,800,170.37,400,170.38,800,170.57,600,170.61,500,170.66,900,170.67,900,170.7,500
2026-01-16 09:35:48,170.15,170.16,2,169.96,100,170.34,500,170.34,169.96,169.96,100,169.94,500,169.86,400,169.85,400,169.82,200,169.72,400,169.71,500,169.69,1500,169.68,400,169.67,400,170.34,500,170.35,600,170.36,800,170.37,400,170.38,800,170.57,600,170.61,500,170.66,900,170.67,900,170.7,500
2026-01-16 09:35:49,170.15,170.16,2,169.96,100,170.34,500,170.34,169.96,169.96,100,169.94,500,169.86,400,169.85,400,169.82,200,169.72,400,169.71,500,169.69,1500,169.68,400,169.67,400,170.34,500,170.35,600,170.36,800,170.37,400,170.38,800,170.57,600,170.61,500,170.66,900,170.67,900,170.7,500
2026-01-16 09:35:50,170.15,170.16,2,169.96,100,170.34,500,170.34,169.96,169.96,100,169.94,500,169.86,400,169.85,400,169.82,200,169.72,400,169.71,500,169.69,1500,169.68,400,169.67,400,170.34,500,170.35,600,170.36,800,170.37,400,170.38,800,170.57,600,170.61,500,170.66,900,170.67,900,170.7,500
2026-01-16 09:35:51,170.15,170.16,2,169.96,100,170.34,500,170.34,169.96,169.96,100,169.94,500,169.86,400,169.85,400,169.82,200,169.72,400,169.71,500,169.69,1500,169.68,400,169.67,400,170.34,500,170.35,600,170.36,800,170.37,400,170.38,800,170.57,600,170.61,500,170.66,900,170.67,900,170.7,500
2026-01-16 09:35:52,170.15,170.16,2,169.96,100,170.34,500,170.34,169.96,169.96,100,169.94,500,169.86,400,169.85,400,169.82,200,169.72,400,169.71,500,169.69,1500,169.68,400,169.67,400,170.34,500,170.35,600,170.36,800,170.37,400,170.38,800,170.57,600,170.61,500,170.66,900,170.67,900,170.7,500
2026-01-16 09:35:53,170.15,170.16,2,169.96,100,170.34,500,170.34,169.96,169.96,100,169.94,500,169.86,400,169.85,400,169.82,200,169.72,400,169.71,500,169.69,1500,169.68,400,169.67,400,170.34,500,170.35,600,170.36,800,170.37,400,170.38,800,170.57,600,170.61,500,170.66,900,170.67,900,170.7,500
2026-01-16 09:35:54,170.15,170.16,2,169.96,200,170.34,600,170.34,169.96,169.96,200,169.94,500,169.86,400,169.85,400,169.82,200,169.72,400,169.71,500,169.69,1500,169.68,400,169.67,400,170.34,600,170.35,600,170.36,800,170.37,400,170.38,800,170.57,600,170.61,500,170.66,900,170.67,900,170.7,500
2026-01-16 09:35:55,170.15,170.16,2,169.96,200,170.34,600,170.34,169.96,169.96,200,169.94,500,169.86,400,169.85,400,169.82,200,169.72,400,169.71,500,169.69,1500,169.68,400,169.67,400,170.34,600,170.35,600,170.36,800,170.37,400,170.38,800,170.57,600,170.61,500,170.66,900,170.67,900,170.7,500
2026-01-16 09:35:56,170.15,170.16,2,169.96,200,170.34,600,170.34,169.96,169.96,200,169.94,500,169.86,400,169.85,400,169.82,200,169.72,400,169.71,500,169.69,1500,169.68,400,169.67,400,170.34,600,170.35,600,170.36,800,170.37,400,170.38,800,170.57,600,170.61,500,170.66,900,170.67,900,170.7,500
2026-01-16 09:35:57,170.15,170.16,2,169.96,200,170.34,600,170.34,169.96,169.96,200,169.94,500,169.86,400,169.85,400,169.82,200,169.72,400,169.71,500,169.69,1500,169.68,400,169.67,400,170.34,600,170.35,600,170.36,800,170.37,400,170.38,800,170.57,600,170.61,500,170.66,900,170.67,900,170.7,500
2026-01-16 09:35:58,170.15,170.16,2,169.96,200,170.34,600,170.34,169.96,169.96,200,169.94,500,169.86,400,169.85,400,169.82,200,169.72,400,169.71,500,169.69,1500,169.68,400,169.67,400,170.34,600,170.35,600,170.36,800,170.37,400,170.38,800,170.57,600,170.61,500,170.66,900,170.67,900,170.7,500
2026-01-16 09:35:59,170.15,170.16,2,169.96,200,170.34,600,170.34,169.96,169.96,200,169.94,500,169.86,400,169.85,400,169.82,200,169.72,400,169.71,500,169.69,1500,169.68,400,169.67,400,170.34,600,170.35,600,170.36,800,170.37,400,170.38,800,170.57,600,170.61,500,170.66,900,170.67,900,170.7,500
2026-01-16 09:36:00,170.15,170.16,2,169.96,200,170.34,600,170.34,169.96,169.96,200,169.94,500,169.86,400,169.85,400,169.82,200,169.72,400,169.71,500,169.69,1500,169.68,400,169.67,400,170.34,600,170.35,600,170.36,800,170.37,400,170.38,800,170.57,600,170.61,500,170.66,900,170.67,900,170.7,500
2026-01-16 09:36:01,170.15,170.16,2,169.96,200,170.34,600,170.34,169.96,169.96,200,169.94,500,169.86,400,169.85,400,169.82,200,169.72,400,169.71,500,169.69,1500,169.68,400,169.67,400,170.34,600,170.35,600,170.36,800,170.37,400,170.38,800,170.57,600,170.61,500,170.66,900,170.67,900,170.7,500
2026-01-16 09:36:02,170.085,170.06,2,169.96,100,170.21,200,170.21,169.96,169.96,100,169.94,500,169.86,400,169.85,400,169.82,200,169.72,400,169.71,500,169.69,1500,169.68,400,169.67,400,170.21,200,170.34,600,170.35,600,170.36,800,170.37,400,170.38,800,170.57,600,170.61,500,170.66,900,170.67,900
2026-01-16 09:36:03,170.085,170.06,2,169.96,100,170.21,200,170.21,169.96,169.96,100,169.94,500,169.86,400,169.85,400,169.82,200,169.72,400,169.71,500,169.69,1500,169.68,400,169.67,400,170.21,200,170.34,600,170.35,600,170.36,800,170.37,400,170.38,800,170.57,600,170.61,500,170.66,900,170.67,900
2026-01-16 09:36:04,170.085,170.06,2,169.96,100,170.21,300,170.21,169.96,169.96,100,169.94,500,169.86,400,169.85,400,169.82,200,169.72,400,169.71,500,169.69,1500,169.68,400,169.67,400,170.21,300,170.34,600,170.35,600,170.36,800,170.37,400,170.38,800,170.57,600,170.61,500,170.66,900,170.67,900
2026-01-16 09:36:05,170.085,170.06,2,169.96,100,170.21,300,170.21,169.96,169.96,100,169.94,500,169.86,400,169.85,400,169.82,200,169.72,400,169.71,500,169.69,1500,169.68,400,169.67,400,170.21,300,170.34,600,170.35,600,170.36,800,170.37,400,170.38,800,170.57,600,170.61,500,170.66,900,170.67,900
2026-01-16 09:36:06,170.08,170.06,2,169.96,100,170.2,600,170.2,169.96,169.96,100,169.94,500,169.86,400,169.85,400,169.82,200,169.72,400,169.71,500,169.69,1500,169.68,400,169.67,400,170.2,600,170.21,300,170.34,600,170.35,600,170.36,800,170.37,400,170.38,800,170.57,600,170.61,500,170.66,900
2026-01-16 09:36:07,170.075,170.06,2,169.96,100,170.19,100,170.19,169.96,169.96,100,169.94,500,169.86,400,169.85,400,169.82,200,169.72,400,169.71,500,169.69,1500,169.68,400,169.67,400,170.19,100,170.2,600,170.21,300,170.34,600,170.35,600,170.36,800,170.37,400,170.38,800,170.57,600,170.61,500
2026-01-16 09:36:08,170.075,170.06,2,169.96,100,170.19,100,170.19,169.96,169.96,100,169.94,500,169.86,400,169.85,400,169.82,200,169.72,400,169.71,500,169.69,1500,169.68,400,169.67,400,170.19,100,170.2,600,170.21,300,170.34,600,170.35,600,170.36,800,170.37,400,170.38,800,170.57,600,170.61,500
2026-01-16 09:36:09,170.075,170.06,2,169.96,100,170.19,100,170.19,169.96,169.96,100,169.94,500,169.86,400,169.85,400,169.82,200,169.72,400,169.71,500,169.69,1500,169.68,400,169.67,400,170.19,100,170.2,600,170.21,300,170.34,600,170.35,600,170.36,800,170.37,400,170.38,800,170.57,600,170.61,500
2026-01-16 09:36:10,170.075,170.06,2,169.96,100,170.19,100,170.19,169.96,169.96,100,169.94,500,169.86,400,169.85,400,169.82,200,169.72,400,169.71,500,169.69,1500,169.68,400,169.67,400,170.19,100,170.2,600,170.21,300,170.34,600,170.35,600,170.36,800,170.37,400,170.38,800,170.57,600,170.61,500
2026-01-16 09:36:11,170.075,170.06,2,169.96,100,170.19,300,170.19,169.96,169.96,100,169.94,500,169.86,400,169.85,400,169.82,200,169.72,400,169.71,500,169.69,1500,169.68,400,169.67,400,170.19,300,170.2,600,170.21,300,170.34,600,170.35,600,170.36,800,170.37,400,170.38,800,170.57,600,170.61,500
2026-01-16 09:36:12,169.99,169.96,1,169.85,400,170.13,100,170.13,169.85,169.85,400,169.82,200,169.72,400,169.71,500,169.69,1500,169.68,400,169.67,400,169.66,400,169.65,300,169.62,300,170.13,100,170.14,100,170.19,300,170.2,600,170.21,300,170.34,600,170.35,600,170.36,800,170.37,400,170.38,800
2026-01-16 09:36:13,169.925,169.92,1,169.69,100,170.16,100,170.16,169.69,169.69,100,169.68,400,169.67,400,169.66,400,169.65,300,169.62,300,169.57,200,169.46,100,169.45,300,169.43,700,170.16,100,170.19,300,170.2,600,170.21,300,170.34,600,170.35,600,170.36,800,170.37,400,170.38,800,170.57,600
2026-01-16 09:36:14,169.925,169.92,1,169.69,100,170.16,100,170.16,169.69,169.69,100,169.68,400,169.67,400,169.66,400,169.65,300,169.62,300,169.57,200,169.46,100,169.45,300,169.43,700,170.16,100,170.19,300,170.2,600,170.21,300,170.34,600,170.35,600,170.36,800,170.37,400,170.38,800,170.57,600
2026-01-16 09:36:15,169.94,169.92,1,169.69,100,170.19,300,170.19,169.69,169.69,100,169.68,400,169.67,400,169.66,400,169.65,300,169.62,300,169.57,200,169.46,100,169.45,300,169.43,700,170.19,300,170.2,600,170.21,300,170.34,600,170.35,600,170.36,800,170.37,400,170.38,800,170.57,600,170.61,500
2026-01-16 09:36:16,169.94,169.92,1,169.69,100,170.19,300,170.19,169.69,169.69,100,169.68,400,169.67,400,169.66,400,169.65,300,169.62,300,169.57,200,169.46,100,169.45,300,169.43,700,170.19,300,170.2,600,170.21,300,170.34,600,170.35,600,170.36,800,170.37,400,170.38,800,170.57,600,170.61,500
2026-01-16 09:36:17,169.905,169.92,1,169.69,200,170.12,400,170.12,169.69,169.69,200,169.68,400,169.67,400,169.66,400,169.65,300,169.62,300,169.57,200,169.46,100,169.45,300,169.43,700,170.12,400,170.19,300,170.2,600,170.21,300,170.34,600,170.35,600,170.36,800,170.37,400,170.38,800,170.57,600
2026-01-16 09:36:18,169.905,169.91,1,169.69,200,170.12,700,170.12,169.69,169.69,200,169.68,400,169.67,400,169.66,400,169.65,300,169.62,300,169.57,200,169.46,100,169.45,300,169.43,700,170.12,700,170.19,300,170.2,600,170.21,300,170.34,600,170.35,600,170.36,800,170.37,400,170.38,800,170.57,600
2026-01-16 09:36:19,169.94,169.91,1,169.69,200,170.19,300,170.19,169.69,169.69,200,169.68,400,169.67,400,169.66,400,169.65,300,169.62,300,169.57,200,169.46,100,169.45,300,169.43,700,170.19,300,170.2,600,170.21,300,170.34,600,170.35,600,170.36,800,170.37,400,170.38,800,170.57,600,170.61,500
2026-01-16 09:36:20,169.94,169.91,1,169.69,200,170.19,300,170.19,169.69,169.69,200,169.68,400,169.67,400,169.66,400,169.65,300,169.62,300,169.57,200,169.46,100,169.45,300,169.43,700,170.19,300,170.2,600,170.21,300,170.34,600,170.35,600,170.36,800,170.37,400,170.38,800,170.57,600,170.61,500
2026-01-16 09:36:21,169.94,169.91,1,169.69,200,170.19,300,170.19,169.69,169.69,200,169.68,400,169.67,400,169.66,400,169.65,300,169.62,300,169.57,200,169.46,100,169.45,300,169.43,700,170.19,300,170.2,600,170.21,300,170.34,600,170.35,600,170.36,800,170.37,400,170.38,800,170.57,600,170.61,500
2026-01-16 09:36:22,169.86,169.91,1,169.69,200,170.03,100,170.03,169.69,169.69,200,169.68,400,169.67,400,169.66,400,169.65,300,169.62,300,169.57,200,169.46,100,169.45,300,169.43,700,170.03,100,170.19,300,170.2,600,170.21,300,170.34,600,170.35,600,170.36,800,170.37,400,170.38,800,170.57,600
2026-01-16 09:36:23,169.86,169.91,1,169.69,200,170.03,400,170.03,169.69,169.69,200,169.68,400,169.67,400,169.66,400,169.65,300,169.62,300,169.57,200,169.46,100,169.45,300,169.43,700,170.03,400,170.19,300,170.2,600,170.21,300,170.34,600,170.35,600,170.36,800,170.37,400,170.38,800,170.57,600
2026-01-16 09:36:25,169.86,169.91,1,169.69,200,170.03,400,170.03,169.69,169.69,200,169.68,400,169.67,400,169.66,400,169.65,300,169.62,300,169.57,200,169.46,100,169.45,300,169.43,700,170.03,400,170.19,300,170.2,600,170.21,300,170.34,600,170.35,600,170.36,800,170.37,400,170.38,800,170.57,600
2026-01-16 09:36:26,169.86,169.91,1,169.69,200,170.03,400,170.03,169.69,169.69,200,169.68,400,169.67,400,169.66,400,169.65,300,169.62,300,169.57,200,169.46,100,169.45,300,169.43,700,170.03,400,170.19,300,170.2,600,170.21,300,170.34,600,170.35,600,170.36,800,170.37,400,170.38,800,170.57,600
2026-01-16 09:36:27,169.86,169.91,1,169.69,200,170.03,400,170.03,169.69,169.69,200,169.68,400,169.67,400,169.66,400,169.65,300,169.62,300,169.57,200,169.46,100,169.45,300,169.43,700,170.03,400,170.19,300,170.2,600,170.21,300,170.34,600,170.35,600,170.36,800,170.37,400,170.38,800,170.57,600
2026-01-16 09:36:28,169.86,169.91,1,169.69,200,170.03,700,170.03,169.69,169.69,200,169.68,400,169.67,400,169.66,400,169.65,300,169.62,300,169.57,200,169.46,100,169.45,300,169.43,700,170.03,700,170.19,300,170.2,600,170.21,300,170.34,600,170.35,600,170.36,800,170.37,400,170.38,800,170.57,600
2026-01-16 09:36:29,169.86,169.91,1,169.69,200,170.03,700,170.03,169.69,169.69,200,169.68,400,169.67,400,169.66,400,169.65,300,169.62,300,169.57,200,169.46,100,169.45,300,169.43,700,170.03,700,170.19,300,170.2,600,170.21,300,170.34,600,170.35,600,170.36,800,170.37,400,170.38,800,170.57,600
2026-01-16 09:36:30,169.86,169.91,1,169.69,200,170.03,700,170.03,169.69,169.69,200,169.68,400,169.67,400,169.66,400,169.65,300,169.62,300,169.57,200,169.46,100,169.45,300,169.43,700,170.03,700,170.19,300,170.2,600,170.21,300,170.34,600,170.35,600,170.36,800,170.37,400,170.38,800,170.57,600
2026-01-16 09:36:31,169.86,169.91,1,169.69,200,170.03,700,170.03,169.69,169.69,200,169.68,400,169.67,400,169.66,400,169.65,300,169.62,300,169.57,200,169.46,100,169.45,300,169.43,700,170.03,700,170.19,300,170.2,600,170.21,300,170.34,600,170.35,600,170.36,800,170.37,400,170.38,800,170.57,600
2026-01-16 09:36:32,170.005,170.0,1,169.85,100,170.16,100,170.16,169.85,169.85,100,169.69,200,169.68,400,169.67,400,169.66,400,169.65,300,169.62,300,169.57,200,169.46,100,169.45,300,170.16,100,170.2,600,170.21,300,170.34,600,170.35,600,170.36,800,170.37,400,170.38,800,170.57,600,170.61,500
2026-01-16 09:36:33,170.0,170.0,1,169.85,200,170.15,100,170.15,169.85,169.85,200,169.76,200,169.69,200,169.68,400,169.67,400,169.66,400,169.65,300,169.62,300,169.57,200,169.46,100,170.15,100,170.16,400,170.2,600,170.21,300,170.34,600,170.35,600,170.36,800,170.37,400,170.38,800,170.57,600
2026-01-16 09:36:34,170.0,170.0,1,169.85,200,170.15,100,170.15,169.85,169.85,200,169.76,200,169.69,200,169.68,400,169.67,400,169.66,400,169.65,300,169.62,300,169.57,200,169.46,100,170.15,100,170.16,400,170.2,600,170.21,300,170.34,600,170.35,600,170.36,800,170.37,400,170.38,800,170.57,600
2026-01-16 09:36:35,169.955,170.0,1,169.76,200,170.15,200,170.15,169.76,169.76,200,169.69,200,169.68,400,169.67,400,169.66,400,169.65,300,169.62,300,169.57,200,169.46,100,169.45,300,170.15,200,170.16,400,170.2,600,170.21,300,170.34,600,170.35,600,170.36,800,170.37,400,170.38,800,170.57,600
2026-01-16 09:36:36,169.955,170.0,1,169.76,200,170.15,200,170.15,169.76,169.76,200,169.69,200,169.68,400,169.67,400,169.66,400,169.65,300,169.62,300,169.57,200,169.46,100,169.45,300,170.15,200,170.16,400,170.2,600,170.21,300,170.34,600,170.35,600,170.36,800,170.37,400,170.38,800,170.57,600
2026-01-16 09:36:37,169.955,170.0,1,169.76,200,170.15,200,170.15,169.76,169.76,200,169.69,200,169.68,400,169.67,400,169.66,400,169.65,300,169.62,300,169.57,200,169.46,100,169.45,300,170.15,200,170.16,400,170.2,600,170.21,300,170.34,600,170.35,600,170.36,800,170.37,400,170.38,800,170.57,600
2026-01-16 09:36:38,169.95,169.8,1,169.76,300,170.14,100,170.14,169.76,169.76,300,169.69,200,169.68,400,169.67,400,169.66,400,169.65,300,169.62,300,169.57,200,169.46,100,169.45,300,170.14,100,170.15,400,170.16,400,170.2,600,170.21,300,170.34,600,170.35,600,170.36,800,170.37,400,170.38,800
2026-01-16 09:36:39,169.715,169.8,1,169.34,700,170.09,100,170.09,169.34,169.34,700,169.21,1300,169.08,400,169.02,100,168.51,100,168.47,400,168.2,500,,,,,,,170.09,100,170.1,300,170.14,300,170.15,400,170.16,400,170.2,600,170.21,300,170.34,600,170.35,600,170.36,800
2026-01-16 09:36:40,169.665,169.71,1,169.3,200,170.03,100,170.03,169.3,169.3,200,169.22,100,169.21,1300,169.08,400,169.02,100,168.51,100,168.47,400,168.2,500,,,,,170.03,100,170.08,500,170.09,100,170.1,300,170.14,300,170.15,400,170.16,400,170.2,600,170.21,300,170.34,600
2026-01-16 09:36:41,169.665,169.71,1,169.3,200,170.03,100,170.03,169.3,169.3,200,169.22,100,169.21,1300,169.08,400,169.02,100,168.51,100,168.47,400,168.2,500,,,,,170.03,100,170.08,500,170.09,100,170.1,300,170.14,300,170.15,400,170.16,400,170.2,600,170.21,300,170.34,600
2026-01-16 09:36:42,169.705,169.71,1,169.42,200,169.99,300,169.99,169.42,169.42,200,169.37,100,169.3,200,169.22,100,169.21,1300,169.08,400,169.02,100,168.51,100,168.47,400,168.2,500,169.99,300,170.03,100,170.08,500,170.09,100,170.1,300,170.14,300,170.15,400,170.16,400,170.2,600,170.21,300
2026-01-16 09:36:43,169.705,169.71,1,169.42,200,169.99,500,169.99,169.42,169.42,200,169.37,100,169.3,200,169.22,100,169.21,1300,169.08,400,169.02,100,168.51,100,168.47,400,168.2,500,169.99,500,170.03,100,170.08,500,170.09,100,170.1,300,170.14,300,170.15,400,170.16,400,170.2,600,170.21,300
2026-01-16 09:36:44,169.705,169.71,1,169.42,200,169.99,500,169.99,169.42,169.42,200,169.37,100,169.3,200,169.22,100,169.21,1300,169.08,400,169.02,100,168.51,100,168.47,400,168.2,500,169.99,500,170.03,100,170.08,500,170.09,100,170.1,300,170.14,300,170.15,400,170.16,400,170.2,600,170.21,300
2026-01-16 09:36:45,169.725,169.71,1,169.43,100,170.02,100,170.02,169.43,169.43,100,169.42,200,169.37,100,169.3,200,169.22,100,169.21,1300,169.08,400,169.02,100,168.51,100,168.47,400,170.02,100,170.03,100,170.08,500,170.09,100,170.1,300,170.14,300,170.15,400,170.16,400,170.2,600,170.21,300
2026-01-16 09:36:46,169.725,169.71,1,169.43,100,170.02,100,170.02,169.43,169.43,100,169.42,200,169.37,100,169.3,200,169.22,100,169.21,1300,169.08,400,169.02,100,168.51,100,168.47,400,170.02,100,170.03,100,170.08,500,170.09,100,170.1,300,170.14,300,170.15,400,170.16,400,170.2,600,170.21,300
2026-01-16 09:36:47,169.725,169.71,1,169.43,100,170.02,100,170.02,169.43,169.43,100,169.42,200,169.37,100,169.3,200,169.22,100,169.21,1300,169.08,400,169.02,100,168.51,100,168.47,400,170.02,100,170.03,100,170.08,500,170.09,100,170.1,300,170.14,300,170.15,400,170.16,400,170.2,600,170.21,300
2026-01-16 09:36:48,169.7,169.73,2,169.43,100,169.97,100,169.97,169.43,169.43,100,169.42,200,169.37,100,169.3,200,169.22,100,169.21,1300,169.08,400,169.02,100,168.51,100,168.47,400,169.97,100,170.02,100,170.03,100,170.08,500,170.09,100,170.1,300,170.14,300,170.15,400,170.16,400,170.2,600
2026-01-16 09:36:49,169.7,169.7,3,169.43,100,169.97,500,169.97,169.43,169.43,100,169.42,200,169.37,100,169.3,200,169.22,100,169.21,1300,169.08,400,169.02,100,168.51,100,168.47,400,169.97,500,170.02,100,170.03,100,170.08,500,170.09,100,170.1,300,170.14,300,170.15,400,170.16,400,170.2,600
2026-01-16 09:36:50,169.7,169.7,3,169.43,100,169.97,500,169.97,169.43,169.43,100,169.42,200,169.37,100,169.3,200,169.22,100,169.21,1300,169.08,400,169.02,100,168.51,100,168.47,400,169.97,500,170.02,100,170.03,100,170.08,500,170.09,100,170.1,300,170.14,300,170.15,400,170.16,400,170.2,600
2026-01-16 09:36:51,169.725,169.7,3,169.43,100,170.02,100,170.02,169.43,169.43,100,169.42,200,169.37,100,169.3,200,169.22,100,169.21,1300,169.08,400,169.02,100,168.51,100,168.47,400,170.02,100,170.03,100,170.08,500,170.09,100,170.1,300,170.14,300,170.15,400,170.16,400,170.2,600,170.21,300
2026-01-16 09:36:52,169.715,169.73,1,169.43,100,170.0,400,170.0,169.43,169.43,100,169.42,200,169.37,100,169.3,200,169.22,100,169.21,1300,169.08,400,169.02,100,168.51,100,168.47,400,170.0,400,170.02,100,170.03,100,170.08,500,170.09,100,170.1,300,170.14,300,170.15,400,170.16,400,170.2,600
2026-01-16 09:36:53,169.68,169.73,1,169.43,100,169.93,300,169.93,169.43,169.43,100,169.42,200,169.37,100,169.3,200,169.22,100,169.21,1300,169.08,400,169.02,100,168.51,100,168.47,400,169.93,300,170.0,400,170.02,100,170.03,100,170.08,500,170.09,100,170.1,300,170.14,300,170.15,400,170.16,400
2026-01-16 09:36:54,169.68,169.73,1,169.43,100,169.93,300,169.93,169.43,169.43,100,169.42,200,169.37,100,169.3,200,169.22,100,169.21,1300,169.08,400,169.02,100,168.51,100,168.47,400,169.93,300,170.0,400,170.02,100,170.03,100,170.08,500,170.09,100,170.1,300,170.14,300,170.15,400,170.16,400
