sim_time,mid_price,last_price,last_size,best_bid_price,best_bid_size,best_ask_price,best_ask_size,close_price_buy,close_price_sell,bid1_price,bid1_size,bid2_price,bid2_size,bid3_price,bid3_size,bid4_price,bid4_size,bid5_price,bid5_size,bid6_price,bid6_size,bid7_price,bid7_size,bid8_price,bid8_size,bid9_price,bid9_size,bid10_price,bid10_size,ask1_price,ask1_size,ask2_price,ask2_size,ask3_price,ask3_size,ask4_price,ask4_size,ask5_price,ask5_size,ask6_price,ask6_size,ask7_price,ask7_size,ask8_price,ask8_size,ask9_price,ask9_size,ask10_price,ask10_size
2026-01-16 09:30:36,110.785,110.73,1,110.57,200,111.0,100,111.0,110.57,110.57,200,110.54,200,110.5,200,110.41,300,110.31,200,110.22,100,110.12,100,110.04,100,109.9,300,,,111.0,100,,,,,,,,,,,,,,,,,,
2026-01-16 09:30:37,110.785,110.73,1,110.57,200,111.0,100,111.0,110.57,110.57,200,110.54,200,110.5,200,110.41,300,110.31,200,110.22,100,110.12,100,110.04,100,109.9,300,,,111.0,100,,,,,,,,,,,,,,,,,,
2026-01-16 09:30:38,110.785,110.73,1,110.57,200,111.0,100,111.0,110.57,110.57,200,110.54,200,110.5,200,110.41,300,110.31,200,110.22,100,110.12,100,110.04,100,109.9,300,,,111.0,100,,,,,,,,,,,,,,,,,,
2026-01-16 09:30:38,110.785,110.73,1,110.57,200,111.0,100,111.0,110.57,110.57,200,110.54,200,110.5,200,110.41,300,110.31,200,110.22,100,110.12,100,110.04,100,109.9,300,,,111.0,100,,,,,,,,,,,,,,,,,,
2026-01-16 09:30:39,110.785,110.73,1,110.57,200,111.0,100,111.0,110.57,110.57,200,110.54,200,110.5,200,110.41,300,110.31,200,110.22,100,110.12,100,110.04,100,109.9,300,,,111.0,100,,,,,,,,,,,,,,,,,,
2026-01-16 09:30:39,110.785,110.73,1,110.57,200,111.0,100,111.0,110.57,110.57,200,110.54,200,110.5,200,110.41,300,110.31,200,110.22,100,110.12,100,110.04,100,109.9,300,,,111.0,100,,,,,,,,,,,,,,,,,,
2026-01-16 09:30:41,110.785,110.73,1,110.57,200,111.0,100,111.0,110.57,110.57,200,110.54,200,110.5,200,110.41,300,110.31,200,110.22,100,110.12,100,110.04,100,109.9,300,,,111.0,100,,,,,,,,,,,,,,,,,,
2026-01-16 09:30:43,110.785,110.73,1,110.57,200,111.0,100,111.0,110.57,110.57,200,110.54,200,110.5,200,110.41,300,110.31,200,110.22,100,110.12,100,110.04,100,109.9,300,,,111.0,100,,,,,,,,,,,,,,,,,,
2026-01-16 09:30:44,110.785,110.73,1,110.57,200,111.0,100,111.0,110.57,110.57,200,110.54,200,110.5,200,110.41,300,110.31,200,110.22,100,110.12,100,110.04,100,109.9,300,,,111.0,100,,,,,,,,,,,,,,,,,,
2026-01-16 09:30:45,110.68,110.73,1,110.57,200,110.79,100,110.79,110.57,110.57,200,110.54,200,110.5,200,110.41,300,110.31,200,110.22,100,110.12,100,110.04,100,109.9,300,,,110.79,100,111.0,100,,,,,,,,,,,,,,,,
2026-01-16 09:30:46,110.68,110.73,1,110.57,200,110.79,100,110.79,110.57,110.57,200,110.54,200,110.5,200,110.41,300,110.31,200,110.22,100,110.12,100,110.04,100,109.9,300,,,110.79,100,111.0,100,,,,,,,,,,,,,,,,
2026-01-16 09:30:47,110.68,110.73,1,110.57,200,110.79,100,110.79,110.57,110.57,200,110.54,200,110.5,200,110.41,300,110.31,200,110.22,100,110.12,100,110.04,100,109.9,300,,,110.79,100,111.0,100,,,,,,,,,,,,,,,,
2026-01-16 09:30:48,110.68,110.73,1,110.57,200,110.79,100,110.79,110.57,110.57,200,110.54,200,110.5,200,110.41,300,110.31,200,110.22,100,110.12,100,110.04,100,109.9,300,,,110.79,100,111.0,100,,,,,,,,,,,,,,,,
2026-01-16 09:30:49,110.68,110.73,1,110.57,200,110.79,100,110.79,110.57,110.57,200,110.54,200,110.5,200,110.41,300,110.31,200,110.22,100,110.12,100,110.04,100,109.9,300,,,110.79,100,111.0,100,,,,,,,,,,,,,,,,
2026-01-16 09:30:50,110.485,110.63,434,110.4,200,110.57,200,110.57,110.4,110.4,200,110.28,400,110.22,100,110.12,100,110.04,100,109.9,300,,,,,,,,,110.57,200,110.61,100,110.67,100,110.68,200,110.74,400,110.79,100,111.0,100,,,,,,
2026-01-16 09:30:51,110.515,110.56,3,110.46,200,110.57,300,110.57,110.46,110.46,200,110.36,100,110.28,400,110.22,100,110.12,100,110.04,100,109.9,300,,,,,,,110.57,300,110.61,100,110.67,100,110.68,200,110.74,400,110.79,100,111.0,100,,,,,,
2026-01-16 09:30:52,110.515,110.56,3,110.46,200,110.57,300,110.57,110.46,110.46,200,110.36,100,110.28,400,110.22,100,110.12,100,110.04,100,109.9,300,,,,,,,110.57,300,110.61,100,110.67,100,110.68,200,110.74,400,110.79,100,111.0,100,,,,,,
2026-01-16 09:30:53,110.515,110.56,3,110.46,200,110.57,400,110.57,110.46,110.46,200,110.36,100,110.28,400,110.22,100,110.12,100,110.04,100,109.9,300,,,,,,,110.57,400,110.61,100,110.67,100,110.68,200,110.74,400,110.79,100,111.0,100,,,,,,
2026-01-16 09:30:54,110.515,110.56,3,110.46,200,110.57,400,110.57,110.46,110.46,200,110.36,100,110.28,400,110.22,100,110.12,100,110.04,100,109.9,300,,,,,,,110.57,400,110.61,100,110.67,100,110.68,200,110.74,400,110.79,100,111.0,100,,,,,,
2026-01-16 09:30:55,110.475,110.46,1,110.44,100,110.51,100,110.51,110.44,110.44,100,110.36,100,110.28,400,110.22,100,110.12,100,110.04,100,109.9,300,,,,,,,110.51,100,110.52,100,110.57,400,110.61,100,110.67,100,110.68,200,110.74,400,110.79,100,111.0,100,,
2026-01-16 09:30:56,110.495,110.46,1,110.44,100,110.55,100,110.55,110.44,110.44,100,110.36,100,110.28,400,110.22,100,110.12,100,110.04,100,109.9,300,,,,,,,110.55,100,110.57,400,110.61,100,110.67,100,110.68,200,110.74,400,110.79,100,111.0,100,,,,
2026-01-16 09:30:57,110.505,110.46,1,110.44,100,110.57,500,110.57,110.44,110.44,100,110.36,100,110.28,400,110.22,100,110.12,100,110.04,100,109.9,300,,,,,,,110.57,500,110.61,100,110.67,100,110.68,200,110.74,400,110.79,100,111.0,100,,,,,,
2026-01-16 09:30:58,110.505,110.46,1,110.44,100,110.57,500,110.57,110.44,110.44,100,110.36,100,110.28,400,110.22,100,110.12,100,110.04,100,109.9,300,,,,,,,110.57,500,110.61,100,110.67,100,110.68,200,110.74,400,110.79,100,111.0,100,,,,,,
2026-01-16 09:30:59,110.505,110.46,1,110.44,100,110.57,500,110.57,110.44,110.44,100,110.36,100,110.28,400,110.22,100,110.12,100,110.04,100,109.9,300,,,,,,,110.57,500,110.61,100,110.67,100,110.68,200,110.74,400,110.79,100,111.0,100,,,,,,
2026-01-16 09:31:00,110.505,110.46,1,110.44,300,110.57,700,110.57,110.44,110.44,300,110.36,100,110.28,400,110.22,100,110.12,100,110.04,100,109.9,300,,,,,,,110.57,700,110.61,100,110.67,100,110.68,200,110.74,400,110.79,100,111.0,100,,,,,,
2026-01-16 09:31:01,110.505,110.46,1,110.44,300,110.57,700,110.57,110.44,110.44,300,110.36,100,110.28,400,110.22,100,110.12,100,110.04,100,109.9,300,,,,,,,110.57,700,110.61,100,110.67,100,110.68,200,110.74,400,110.79,100,111.0,100,,,,,,
2026-01-16 09:31:02,110.505,110.51,1,110.44,300,110.57,700,110.57,110.44,110.44,300,110.36,100,110.28,400,110.22,100,110.12,100,110.04,100,109.9,300,,,,,,,110.57,700,110.61,100,110.67,100,110.68,200,110.74,400,110.79,100,111.0,100,,,,,,
2026-01-16 09:31:03,110.505,110.51,1,110.44,300,110.57,700,110.57,110.44,110.44,300,110.36,100,110.28,400,110.22,100,110.12,100,110.04,100,109.9,300,,,,,,,110.57,700,110.61,100,110.67,100,110.68,200,110.74,400,110.79,100,111.0,100,,,,,,
2026-01-16 09:31:04,110.505,110.51,1,110.44,300,110.57,700,110.57,110.44,110.44,300,110.36,100,110.28,400,110.22,100,110.12,100,110.04,100,109.9,300,,,,,,,110.57,700,110.61,100,110.67,100,110.68,200,110.74,400,110.79,100,111.0,100,,,,,,
2026-01-16 09:31:05,110.45,110.43,1,110.39,200,110.51,300,110.51,110.39,110.39,200,110.36,100,110.28,400,110.22,100,110.12,100,110.04,100,109.9,300,,,,,,,110.51,300,110.57,700,110.61,100,110.67,100,110.68,200,110.74,400,110.79,100,111.0,100,,,,
2026-01-16 09:31:06,110.45,110.45,1,110.39,200,110.51,400,110.51,110.39,110.39,200,110.36,100,110.28,400,110.22,100,110.12,100,110.04,100,109.9,300,,,,,,,110.51,400,110.57,700,110.61,100,110.67,100,110.68,200,110.74,400,110.79,100,111.0,100,,,,
2026-01-16 09:31:07,110.6,110.54,1,110.53,100,110.67,100,110.67,110.53,110.53,100,110.48,100,110.46,100,110.45,100,110.43,200,110.42,100,110.39,200,110.36,100,110.28,400,110.22,100,110.67,100,110.68,200,110.74,400,110.79,100,111.0,100,,,,,,,,,,
2026-01-16 09:31:08,110.6,110.6,2,110.53,100,110.67,100,110.67,110.53,110.53,100,110.48,100,110.46,100,110.45,100,110.43,200,110.42,100,110.39,200,110.36,100,110.28,400,110.22,100,110.67,100,110.68,200,110.74,400,110.79,100,111.0,100,,,,,,,,,,
2026-01-16 09:31:09,110.6,110.6,2,110.53,300,110.67,100,110.67,110.53,110.53,300,110.48,100,110.46,100,110.45,100,110.43,200,110.42,100,110.39,200,110.36,100,110.28,400,110.22,100,110.67,100,110.68,200,110.74,400,110.79,100,111.0,100,,,,,,,,,,
2026-01-16 09:31:10,110.6,110.6,2,110.53,300,110.67,100,110.67,110.53,110.53,300,110.48,100,110.46,100,110.45,100,110.43,200,110.42,100,110.39,200,110.36,100,110.28,400,110.22,100,110.67,100,110.68,200,110.74,400,110.79,100,111.0,100,,,,,,,,,,
2026-01-16 09:31:11,110.6,110.6,2,110.53,300,110.67,100,110.67,110.53,110.53,300,110.48,100,110.46,100,110.45,100,110.43,200,110.42,100,110.39,200,110.36,100,110.28,400,110.22,100,110.67,100,110.68,200,110.74,400,110.79,100,111.0,100,,,,,,,,,,
2026-01-16 09:31:12,110.6,110.6,2,110.53,500,110.67,100,110.67,110.53,110.53,500,110.48,100,110.46,100,110.45,100,110.43,200,110.42,100,110.39,200,110.36,100,110.28,400,110.22,100,110.67,100,110.68,200,110.74,400,110.79,100,111.0,100,,,,,,,,,,
2026-01-16 09:31:13,110.6,110.6,2,110.53,500,110.67,100,110.67,110.53,110.53,500,110.48,100,110.46,100,110.45,100,110.43,200,110.42,100,110.39,200,110.36,100,110.28,400,110.22,100,110.67,100,110.68,200,110.74,400,110.79,100,111.0,100,,,,,,,,,,
2026-01-16 09:31:14,110.6,110.6,2,110.53,500,110.67,100,110.67,110.53,110.53,500,110.48,100,110.46,100,110.45,100,110.43,200,110.42,100,110.39,200,110.36,100,110.28,400,110.22,100,110.67,100,110.68,200,110.74,400,110.79,100,111.0,100,,,,,,,,,,
2026-01-16 09:31:15,110.6,110.6,2,110.53,500,110.67,100,110.67,110.53,110.53,500,110.48,100,110.46,100,110.45,100,110.43,200,110.42,100,110.39,200,110.36,100,110.28,400,110.22,100,110.67,100,110.68,200,110.74,400,110.79,100,111.0,100,,,,,,,,,,
2026-01-16 09:31:16,110.69,110.67,1,110.59,200,110.79,200,110.79,110.59,110.59,200,110.57,100,110.54,200,110.53,500,110.48,100,110.46,100,110.45,100,110.43,200,110.42,100,110.39,200,110.79,200,111.0,100,,,,,,,,,,,,,,,,
2026-01-16 09:31:17,110.665,110.67,1,110.55,200,110.78,100,110.78,110.55,110.55,200,110.54,200,110.53,500,110.48,100,110.46,100,110.45,100,110.43,200,110.42,100,110.39,200,110.36,100,110.78,100,110.79,300,111.0,100,,,,,,,,,,,,,,
2026-01-16 09:31:18,110.665,110.67,1,110.55,200,110.78,100,110.78,110.55,110.55,200,110.54,200,110.53,500,110.48,100,110.46,100,110.45,100,110.43,200,110.42,100,110.39,200,110.36,100,110.78,100,110.79,300,111.0,100,,,,,,,,,,,,,,
2026-01-16 09:31:19,110.665,110.67,1,110.55,200,110.78,100,110.78,110.55,110.55,200,110.54,200,110.53,500,110.48,100,110.46,100,110.45,100,110.43,200,110.42,100,110.39,200,110.36,100,110.78,100,110.79,300,111.0,100,,,,,,,,,,,,,,
2026-01-16 09:31:20,110.665,110.67,1,110.55,500,110.78,100,110.78,110.55,110.55,500,110.54,200,110.53,500,110.48,100,110.46,100,110.45,100,110.43,200,110.42,100,110.39,200,110.36,100,110.78,100,110.79,300,111.0,100,,,,,,,,,,,,,,
2026-01-16 09:31:21,110.665,110.67,1,110.55,400,110.78,100,110.78,110.55,110.55,400,110.54,200,110.53,500,110.48,100,110.46,100,110.45,100,110.43,200,110.42,100,110.39,200,110.36,100,110.78,100,110.79,300,111.0,100,,,,,,,,,,,,,,
2026-01-16 09:31:22,110.655,110.67,1,110.56,200,110.75,400,110.75,110.56,110.56,200,110.55,400,110.54,200,110.53,500,110.48,100,110.46,100,110.45,100,110.43,200,110.42,100,110.39,200,110.75,400,110.78,100,110.79,300,111.0,100,,,,,,,,,,,,
2026-01-16 09:31:23,110.655,110.67,1,110.56,300,110.75,400,110.75,110.56,110.56,300,110.55,400,110.54,200,110.53,500,110.48,100,110.46,100,110.45,100,110.43,200,110.42,100,110.39,200,110.75,400,110.78,100,110.79,300,111.0,100,,,,,,,,,,,,
2026-01-16 09:31:24,110.655,110.67,1,110.56,300,110.75,400,110.75,110.56,110.56,300,110.55,400,110.54,200,110.53,500,110.48,100,110.46,100,110.45,100,110.43,200,110.42,100,110.39,200,110.75,400,110.78,100,110.79,300,111.0,100,,,,,,,,,,,,
2026-01-16 09:31:25,110.655,110.66,1,110.56,300,110.75,500,110.75,110.56,110.56,300,110.55,400,110.54,200,110.53,500,110.48,100,110.46,100,110.45,100,110.43,200,110.42,100,110.39,200,110.75,500,110.78,100,110.79,300,111.0,100,,,,,,,,,,,,
2026-01-16 09:31:26,110.655,110.66,1,110.56,300,110.75,500,110.75,110.56,110.56,300,110.55,400,110.54,200,110.53,500,110.48,100,110.46,100,110.45,100,110.43,200,110.42,100,110.39,200,110.75,500,110.78,100,110.79,300,111.0,100,,,,,,,,,,,,
2026-01-16 09:31:27,110.635,110.66,1,110.56,300,110.71,100,110.71,110.56,110.56,300,110.55,400,110.54,200,110.53,500,110.48,100,110.46,100,110.45,100,110.43,200,110.42,100,110.39,200,110.71,100,110.75,500,110.78,100,110.79,300,111.0,100,,,,,,,,,,
2026-01-16 09:31:28,110.635,110.66,1,110.56,500,110.71,100,110.71,110.56,110.56,500,110.55,400,110.54,200,110.53,500,110.48,100,110.46,100,110.45,100,110.43,200,110.42,100,110.39,200,110.71,100,110.75,500,110.78,100,110.79,300,111.0,100,,,,,,,,,,
2026-01-16 09:31:29,110.635,110.66,1,110.56,500,110.71,100,110.71,110.56,110.56,500,110.55,400,110.54,200,110.53,500,110.48,100,110.46,100,110.45,100,110.43,200,110.42,100,110.39,200,110.71,100,110.75,500,110.78,100,110.79,300,111.0,100,,,,,,,,,,
2026-01-16 09:31:30,110.635,110.71,1,110.56,500,110.71,100,110.71,110.56,110.56,500,110.55,400,110.54,200,110.53,500,110.48,100,110.46,100,110.45,100,110.43,200,110.42,100,110.39,200,110.71,100,110.75,500,110.78,100,110.79,300,111.0,100,,,,,,,,,,
2026-01-16 09:31:31,110.635,110.71,1,110.56,500,110.71,100,110.71,110.56,110.56,500,110.55,400,110.54,200,110.53,500,110.48,100,110.46,100,110.45,100,110.43,200,110.42,100,110.39,200,110.71,100,110.75,500,110.78,100,110.79,300,111.0,100,,,,,,,,,,
2026-01-16 09:31:32,110.66,110.69,1,110.57,300,110.75,700,110.75,110.57,110.57,300,110.56,600,110.55,400,110.54,200,110.53,500,110.48,100,110.46,100,110.45,100,110.43,200,110.42,100,110.75,700,110.78,100,110.79,300,111.0,100,,,,,,,,,,,,
2026-01-16 09:31:33,110.66,110.69,1,110.57,300,110.75,700,110.75,110.57,110.57,300,110.56,600,110.55,400,110.54,200,110.53,500,110.48,100,110.46,100,110.45,100,110.43,200,110.42,100,110.75,700,110.78,100,110.79,300,111.0,100,,,,,,,,,,,,
2026-01-16 09:31:34,110.66,110.69,1,110.57,300,110.75,700,110.75,110.57,110.57,300,110.56,600,110.55,400,110.54,200,110.53,500,110.48,100,110.46,100,110.45,100,110.43,200,110.42,100,110.75,700,110.78,100,110.79,300,111.0,100,,,,,,,,,,,,
2026-01-16 09:31:35,110.66,110.69,1,110.57,300,110.75,700,110.75,110.57,110.57,300,110.56,600,110.55,400,110.54,200,110.53,500,110.48,100,110.46,100,110.45,100,110.43,200,110.42,100,110.75,700,110.78,100,110.79,300,111.0,100,,,,,,,,,,,,
2026-01-16 09:31:36,110.63,110.67,1,110.59,100,110.67,200,110.67,110.59,110.59,100,110.58,200,110.57,300,110.56,600,110.55,400,110.54,200,110.53,500,110.48,100,110.46,100,110.45,100,110.67,200,110.74,100,110.75,700,110.78,100,110.79,300,111.0,100,,,,,,,,
2026-01-16 09:31:37,110.675,110.69,2,110.6,200,110.75,700,110.75,110.6,110.6,200,110.59,100,110.58,200,110.57,300,110.56,600,110.55,400,110.54,200,110.53,500,110.48,100,110.46,100,110.75,700,110.78,100,110.79,300,111.0,100,,,,,,,,,,,,
2026-01-16 09:31:38,110.675,110.69,2,110.6,400,110.75,700,110.75,110.6,110.6,400,110.59,100,110.58,200,110.57,300,110.56,600,110.55,400,110.54,200,110.53,500,110.48,100,110.46,100,110.75,700,110.78,100,110.79,300,111.0,100,,,,,,,,,,,,
2026-01-16 09:31:39,110.675,110.69,1,110.6,400,110.75,700,110.75,110.6,110.6,400,110.59,100,110.58,200,110.57,300,110.56,600,110.55,400,110.54,200,110.53,500,110.48,100,110.46,100,110.75,700,110.78,100,110.79,300,111.0,100,,,,,,,,,,,,
2026-01-16 09:31:40,110.655,110.68,1,110.6,600,110.71,200,110.71,110.6,110.6,600,110.59,100,110.58,200,110.57,300,110.56,600,110.55,400,110.54,200,110.53,500,110.48,100,110.46,100,110.71,200,110.75,700,110.78,100,110.79,300,111.0,100,,,,,,,,,,
2026-01-16 09:31:41,110.635,110.6,1,110.6,600,110.67,100,110.67,110.6,110.6,600,110.59,100,110.58,200,110.57,300,110.56,600,110.55,400,110.54,200,110.53,500,110.48,100,110.46,100,110.67,100,110.68,100,110.71,300,110.75,700,110.78,100,110.79,300,111.0,100,,,,,,
2026-01-16 09:31:42,110.635,110.61,1,110.6,600,110.67,100,110.67,110.6,110.6,600,110.59,100,110.58,200,110.57,300,110.56,600,110.55,400,110.54,200,110.53,500,110.48,100,110.46,100,110.67,100,110.68,100,110.71,300,110.75,700,110.78,100,110.79,300,111.0,100,,,,,,
2026-01-16 09:31:43,110.47,110.49,1,110.39,300,110.55,400,110.55,110.39,110.39,300,110.36,100,110.28,400,110.22,100,110.12,100,110.04,100,109.9,300,,,,,,,110.55,400,110.58,200,110.59,200,110.6,100,110.61,100,110.62,200,110.63,200,110.64,100,110.67,100,110.68,100
2026-01-16 09:31:44,110.455,110.49,1,110.36,300,110.55,500,110.55,110.36,110.36,300,110.28,400,110.22,100,110.12,100,110.04,100,109.9,300,,,,,,,,,110.55,500,110.58,200,110.59,200,110.6,100,110.61,100,110.62,200,110.63,200,110.64,100,110.67,100,110.68,100
2026-01-16 09:31:45,110.46,110.43,1,110.37,300,110.55,500,110.55,110.37,110.37,300,110.36,300,110.28,400,110.22,100,110.12,100,110.04,100,109.9,300,,,,,,,110.55,500,110.58,200,110.59,200,110.6,100,110.61,100,110.62,200,110.63,200,110.64,100,110.67,100,110.68,100
2026-01-16 09:31:46,110.46,110.46,1,110.37,300,110.55,500,110.55,110.37,110.37,300,110.36,300,110.28,400,110.22,100,110.12,100,110.04,100,109.9,300,,,,,,,110.55,500,110.58,200,110.59,200,110.6,100,110.61,100,110.62,200,110.63,200,110.64,100,110.67,100,110.68,100
2026-01-16 09:31:47,110.46,110.46,1,110.37,300,110.55,500,110.55,110.37,110.37,300,110.36,300,110.28,400,110.22,100,110.12,100,110.04,100,109.9,300,,,,,,,110.55,500,110.58,200,110.59,200,110.6,100,110.61,100,110.62,200,110.63,200,110.64,100,110.67,100,110.68,100
2026-01-16 09:31:48,110.46,110.46,1,110.37,300,110.55,500,110.55,110.37,110.37,300,110.36,300,110.28,400,110.22,100,110.12,100,110.04,100,109.9,300,,,,,,,110.55,500,110.58,200,110.59,200,110.6,100,110.61,100,110.62,200,110.63,200,110.64,100,110.67,100,110.68,100
2026-01-16 09:31:49,110.46,110.46,1,110.37,300,110.55,500,110.55,110.37,110.37,300,110.36,300,110.28,400,110.22,100,110.12,100,110.04,100,109.9,300,,,,,,,110.55,500,110.58,200,110.59,200,110.6,100,110.61,100,110.62,200,110.63,200,110.64,100,110.67,100,110.68,100
2026-01-16 09:31:50,110.315,110.25,3,110.26,200,110.37,300,110.37,110.26,110.26,200,110.25,200,110.22,100,110.12,100,110.04,100,109.9,300,,,,,,,,,110.37,300,110.4,100,110.41,100,110.44,100,110.48,200,110.52,100,110.53,200,110.55,500,110.58,200,110.59,200
2026-01-16 09:31:51,110.33,110.25,3,110.26,300,110.4,300,110.4,110.26,110.26,300,110.25,200,110.22,100,110.12,100,110.04,100,109.9,300,,,,,,,,,110.4,300,110.41,100,110.44,100,110.48,200,110.52,100,110.53,200,110.55,500,110.58,200,110.59,200,110.6,100
2026-01-16 09:31:52,110.33,110.39,1,110.26,400,110.4,400,110.4,110.26,110.26,400,110.25,200,110.22,100,110.12,100,110.04,100,109.9,300,,,,,,,,,110.4,400,110.41,100,110.44,100,110.48,200,110.52,100,110.53,200,110.55,500,110.58,200,110.59,200,110.6,100
2026-01-16 09:31:53,110.33,110.33,1,110.26,400,110.4,400,110.4,110.26,110.26,400,110.25,200,110.22,100,110.12,100,110.04,100,109.9,300,,,,,,,,,110.4,400,110.41,100,110.44,100,110.48,200,110.52,100,110.53,200,110.55,500,110.58,200,110.59,200,110.6,100
2026-01-16 09:31:54,110.33,110.33,1,110.26,400,110.4,400,110.4,110.26,110.26,400,110.25,200,110.22,100,110.12,100,110.04,100,109.9,300,,,,,,,,,110.4,400,110.41,100,110.44,100,110.48,200,110.52,100,110.53,200,110.55,500,110.58,200,110.59,200,110.6,100
2026-01-16 09:31:55,110.33,110.33,2,110.26,400,110.4,400,110.4,110.26,110.26,400,110.25,200,110.22,100,110.12,100,110.04,100,109.9,300,,,,,,,,,110.4,400,110.41,100,110.44,100,110.48,200,110.52,100,110.53,200,110.55,500,110.58,200,110.59,200,110.6,100
2026-01-16 09:31:56,110.37,110.33,2,110.34,100,110.4,400,110.4,110.34,110.34,100,110.26,400,110.25,200,110.22,100,110.12,100,110.04,100,109.9,300,,,,,,,110.4,400,110.41,100,110.44,100,110.48,200,110.52,100,110.53,200,110.55,500,110.58,200,110.59,200,110.6,100
2026-01-16 09:31:57,110.33,110.34,2,110.26,400,110.4,400,110.4,110.26,110.26,400,110.25,200,110.22,100,110.12,100,110.04,100,109.9,300,,,,,,,,,110.4,400,110.41,100,110.44,100,110.48,200,110.52,100,110.53,200,110.55,500,110.58,200,110.59,200,110.6,100
2026-01-16 09:31:58,110.33,110.33,2,110.26,400,110.4,400,110.4,110.26,110.26,400,110.25,200,110.22,100,110.12,100,110.04,100,109.9,300,,,,,,,,,110.4,400,110.41,100,110.44,100,110.48,200,110.52,100,110.53,200,110.55,500,110.58,200,110.59,200,110.6,100
2026-01-16 09:31:59,110.33,110.33,2,110.26,400,110.4,400,110.4,110.26,110.26,400,110.25,200,110.22,100,110.12,100,110.04,100,109.9,300,,,,,,,,,110.4,400,110.41,100,110.44,100,110.48,200,110.52,100,110.53,200,110.55,500,110.58,200,110.59,200,110.6,100
2026-01-16 09:32:00,110.33,110.33,2,110.26,400,110.4,400,110.4,110.26,110.26,400,110.25,200,110.22,100,110.12,100,110.04,100,109.9,300,,,,,,,,,110.4,400,110.41,100,110.44,100,110.48,200,110.52,100,110.53,200,110.55,500,110.58,200,110.59,200,110.6,100
2026-01-16 09:32:01,110.33,110.28,1,110.26,400,110.4,400,110.4,110.26,110.26,400,110.25,200,110.22,100,110.12,100,110.04,100,109.9,300,,,,,,,,,110.4,400,110.41,100,110.44,100,110.48,200,110.52,100,110.53,200,110.55,500,110.58,200,110.59,200,110.6,100
2026-01-16 09:32:02,110.23,110.2,1,110.2,100,110.26,400,110.26,110.2,110.2,100,110.16,200,110.15,100,110.12,100,110.04,100,109.9,300,,,,,,,,,110.26,400,110.28,300,110.29,100,110.32,100,110.35,400,110.36,100,110.38,100,110.41,200,110.44,100,110.48,200
2026-01-16 09:32:03,110.23,110.22,4,110.2,300,110.26,400,110.26,110.2,110.2,300,110.16,200,110.15,100,110.12,100,110.04,100,109.9,300,,,,,,,,,110.26,400,110.28,300,110.29,100,110.32,100,110.35,400,110.36,100,110.38,100,110.41,200,110.44,100,110.48,200
2026-01-16 09:32:04,110.155,110.11,1,110.1,600,110.21,500,110.21,110.1,110.1,600,110.09,300,110.04,100,109.9,300,,,,,,,,,,,,,110.21,500,110.26,400,110.28,300,110.29,100,110.32,100,110.35,400,110.36,100,110.38,100,110.41,200,110.44,100
2026-01-16 09:32:05,110.155,110.12,1,110.1,700,110.21,600,110.21,110.1,110.1,700,110.09,300,110.04,100,109.9,300,,,,,,,,,,,,,110.21,600,110.26,400,110.28,300,110.29,100,110.32,100,110.35,400,110.36,100,110.38,100,110.41,200,110.44,100
2026-01-16 09:32:06,110.125,110.1,1,110.09,400,110.16,100,110.16,110.09,110.09,400,110.04,100,109.9,300,,,,,,,,,,,,,,,110.16,100,110.21,600,110.26,400,110.28,300,110.29,100,110.32,100,110.35,400,110.36,100,110.38,100,110.41,200
2026-01-16 09:32:07,110.13,110.1,1,110.1,600,110.16,200,110.16,110.1,110.1,600,110.09,400,110.04,100,109.9,300,,,,,,,,,,,,,110.16,200,110.21,600,110.26,400,110.28,300,110.29,100,110.32,100,110.35,400,110.36,100,110.38,100,110.41,200
2026-01-16 09:32:08,110.08,110.05,1,110.04,100,110.12,100,110.12,110.04,110.04,100,109.9,300,,,,,,,,,,,,,,,,,110.12,100,110.13,300,110.14,100,110.16,700,110.21,600,110.26,400,110.28,300,110.29,100,110.32,100,110.35,400
2026-01-16 09:32:09,110.055,110.0,1,110.01,400,110.1,500,110.1,110.01,110.01,400,110.0,300,109.9,300,,,,,,,,,,,,,,,110.1,500,110.12,300,110.13,300,110.14,100,110.16,700,110.21,600,110.26,400,110.28,300,110.29,100,110.32,100
2026-01-16 09:32:10,110.045,110.0,1,110.01,400,110.08,300,110.08,110.01,110.01,400,110.0,300,109.9,300,,,,,,,,,,,,,,,110.08,300,110.1,500,110.12,300,110.13,300,110.14,100,110.16,700,110.21,600,110.26,400,110.28,300,110.29,100
2026-01-16 09:32:11,109.97,110.01,2,109.9,300,110.04,300,110.04,109.9,109.9,300,,,,,,,,,,,,,,,,,,,110.04,300,110.05,100,110.08,500,110.1,500,110.12,300,110.13,300,110.14,100,110.16,700,110.21,600,110.26,400
2026-01-16 09:32:12,109.97,109.92,1,109.9,300,110.04,700,110.04,109.9,109.9,300,,,,,,,,,,,,,,,,,,,110.04,700,110.05,100,110.08,500,110.1,500,110.12,300,110.13,300,110.14,100,110.16,700,110.21,600,110.26,400
2026-01-16 09:32:13,109.975,109.92,1,109.91,500,110.04,700,110.04,109.91,109.91,500,109.9,300,,,,,,,,,,,,,,,,,110.04,700,110.05,100,110.08,500,110.1,500,110.12,300,110.13,300,110.14,100,110.16,700,110.21,600,110.26,400
2026-01-16 09:32:14,109.975,110.01,1,109.91,500,110.04,700,110.04,109.91,109.91,500,109.9,300,,,,,,,,,,,,,,,,,110.04,700,110.05,100,110.08,500,110.1,500,110.12,300,110.13,300,110.14,100,110.16,700,110.21,600,110.26,400
2026-01-16 09:32:15,109.975,110.01,1,109.91,500,110.04,700,110.04,109.91,109.91,500,109.9,300,,,,,,,,,,,,,,,,,110.04,700,110.05,100,110.08,500,110.1,500,110.12,300,110.13,300,110.14,100,110.16,700,110.21,600,110.26,400
2026-01-16 09:32:16,109.975,109.98,2,109.91,500,110.04,700,110.04,109.91,109.91,500,109.9,300,,,,,,,,,,,,,,,,,110.04,700,110.05,100,110.08,500,110.1,500,110.12,300,110.13,300,110.14,100,110.16,700,110.21,600,110.26,400
2026-01-16 09:32:17,109.975,109.98,1,109.91,600,110.04,700,110.04,109.91,109.91,600,109.9,300,,,,,,,,,,,,,,,,,110.04,700,110.05,100,110.08,500,110.1,500,110.12,300,110.13,300,110.14,100,110.16,700,110.21,600,110.26,400
2026-01-16 09:32:18,109.975,109.98,1,109.91,600,110.04,700,110.04,109.91,109.91,600,109.9,300,,,,,,,,,,,,,,,,,110.04,700,110.05,100,110.08,500,110.1,500,110.12,300,110.13,300,110.14,100,110.16,700,110.21,600,110.26,400
2026-01-16 09:32:19,109.975,109.98,1,109.91,600,110.04,900,110.04,109.91,109.91,600,109.9,300,,,,,,,,,,,,,,,,,110.04,900,110.05,100,110.08,500,110.1,500,110.12,300,110.13,300,110.14,100,110.16,700,110.21,600,110.26,400
2026-01-16 09:32:20,109.89,109.9,3,109.86,100,109.92,200,109.92,109.86,109.86,100,,,,,,,,,,,,,,,,,,,109.92,200,109.97,300,109.99,300,110.04,900,110.05,100,110.08,500,110.1,500,110.12,300,110.13,300,110.14,100
2026-01-16 09:32:21,109.89,109.99,1,109.86,100,109.92,200,109.92,109.86,109.86,100,,,,,,,,,,,,,,,,,,,109.92,200,109.97,300,109.99,300,110.04,900,110.05,100,110.08,500,110.1,500,110.12,300,110.13,300,110.14,100
2026-01-16 09:32:22,109.78,109.86,1,109.66,100,109.9,200,109.9,109.66,109.66,100,,,,,,,,,,,,,,,,,,,109.9,200,109.92,400,109.97,300,109.99,300,110.04,900,110.05,100,110.08,500,110.1,500,110.12,300,110.13,300
2026-01-16 09:32:24,109.785,109.71,2,109.67,100,109.9,200,109.9,109.67,109.67,100,109.66,100,,,,,,,,,,,,,,,,,109.9,200,109.92,400,109.97,300,109.99,300,110.04,900,110.05,100,110.08,500,110.1,500,110.12,300,110.13,300
2026-01-16 09:32:25,109.785,109.79,1,109.67,100,109.9,400,109.9,109.67,109.67,100,109.66,100,,,,,,,,,,,,,,,,,109.9,400,109.92,400,109.97,300,109.99,300,110.04,900,110.05,100,110.08,500,110.1,500,110.12,300,110.13,300
2026-01-16 09:32:26,109.785,109.79,2,109.67,100,109.9,400,109.9,109.67,109.67,100,109.66,100,,,,,,,,,,,,,,,,,109.9,400,109.92,400,109.97,300,109.99,300,110.04,900,110.05,100,110.08,500,110.1,500,110.12,300,110.13,300
2026-01-16 09:32:26,109.79,109.75,3,109.68,100,109.9,600,109.9,109.68,109.68,100,109.67,100,109.66,100,,,,,,,,,,,,,,,109.9,600,109.92,400,109.97,300,109.99,300,110.04,900,110.05,100,110.08,500,110.1,500,110.12,300,110.13,300
2026-01-16 09:32:28,109.79,109.79,1,109.68,100,109.9,800,109.9,109.68,109.68,100,109.67,100,109.66,100,,,,,,,,,,,,,,,109.9,800,109.92,400,109.97,300,109.99,300,110.04,900,110.05,100,110.08,500,110.1,500,110.12,300,110.13,300
2026-01-16 09:32:29,109.845,109.85,1,109.79,100,109.9,800,109.9,109.79,109.79,100,109.68,100,109.67,100,109.66,100,,,,,,,,,,,,,109.9,800,109.92,400,109.97,300,109.99,300,110.04,900,110.05,100,110.08,500,110.1,500,110.12,300,110.13,300
2026-01-16 09:32:30,109.825,109.9,10,109.75,200,109.9,800,109.9,109.75,109.75,200,109.68,100,109.67,100,109.66,100,,,,,,,,,,,,,109.9,800,109.92,400,109.97,300,109.99,300,110.04,900,110.05,100,110.08,500,110.1,500,110.12,300,110.13,300
2026-01-16 09:32:31,109.825,109.9,10,109.75,300,109.9,800,109.9,109.75,109.75,300,109.68,100,109.67,100,109.66,100,,,,,,,,,,,,,109.9,800,109.92,400,109.97,300,109.99,300,110.04,900,110.05,100,110.08,500,110.1,500,110.12,300,110.13,300
2026-01-16 09:32:31,109.825,109.87,1,109.75,400,109.9,800,109.9,109.75,109.75,400,109.68,100,109.67,100,109.66,100,,,,,,,,,,,,,109.9,800,109.92,400,109.97,300,109.99,300,110.04,900,110.05,100,110.08,500,110.1,500,110.12,300,110.13,300
2026-01-16 09:32:33,109.835,109.9,1,109.75,500,109.92,500,109.92,109.75,109.75,500,109.68,100,109.67,100,109.66,100,,,,,,,,,,,,,109.92,500,109.97,300,109.99,300,110.04,900,110.05,100,110.08,500,110.1,500,110.12,300,110.13,300,110.14,100
2026-01-16 09:32:33,109.835,109.9,1,109.75,500,109.92,500,109.92,109.75,109.75,500,109.68,100,109.67,100,109.66,100,,,,,,,,,,,,,109.92,500,109.97,300,109.99,300,110.04,900,110.05,100,110.08,500,110.1,500,110.12,300,110.13,300,110.14,100
2026-01-16 09:32:35,109.9,109.9,1,109.85,300,109.95,200,109.95,109.85,109.85,300,109.75,500,109.68,100,109.67,100,109.66,100,,,,,,,,,,,109.95,200,109.97,300,109.99,300,110.04,900,110.05,100,110.08,500,110.1,500,110.12,300,110.13,300,110.14,100
2026-01-16 09:32:36,109.925,109.92,1,109.9,200,109.95,200,109.95,109.9,109.9,200,109.85,300,109.75,500,109.68,100,109.67,100,109.66,100,,,,,,,,,109.95,200,109.97,300,109.99,300,110.04,900,110.05,100,110.08,500,110.1,500,110.12,300,110.13,300,110.14,100
2026-01-16 09:32:36,109.935,109.94,1,109.9,200,109.97,100,109.97,109.9,109.9,200,109.85,300,109.75,500,109.68,100,109.67,100,109.66,100,,,,,,,,,109.97,100,110.02,100,110.04,900,110.05,100,110.08,500,110.1,500,110.12,300,110.13,300,110.14,100,110.16,700
2026-01-16 09:32:37,109.85,109.87,1,109.75,400,109.95,400,109.95,109.75,109.75,400,109.68,100,109.67,100,109.66,100,,,,,,,,,,,,,109.95,400,109.97,700,110.02,100,110.04,900,110.05,100,110.08,500,110.1,500,110.12,300,110.13,300,110.14,100
2026-01-16 09:32:39,109.845,109.87,1,109.75,400,109.94,300,109.94,109.75,109.75,400,109.68,100,109.67,100,109.66,100,,,,,,,,,,,,,109.94,300,109.95,400,109.97,700,110.02,100,110.04,900,110.05,100,110.08,500,110.1,500,110.12,300,110.13,300
2026-01-16 09:32:40,109.845,109.87,1,109.75,400,109.94,300,109.94,109.75,109.75,400,109.68,100,109.67,100,109.66,100,,,,,,,,,,,,,109.94,300,109.95,400,109.97,700,110.02,100,110.04,900,110.05,100,110.08,500,110.1,500,110.12,300,110.13,300
2026-01-16 09:32:41,109.845,109.87,1,109.75,400,109.94,300,109.94,109.75,109.75,400,109.68,100,109.67,100,109.66,100,,,,,,,,,,,,,109.94,300,109.95,400,109.97,700,110.02,100,110.04,900,110.05,100,110.08,500,110.1,500,110.12,300,110.13,300
2026-01-16 09:32:42,109.845,109.91,1,109.75,400,109.94,300,109.94,109.75,109.75,400,109.68,100,109.67,100,109.66,100,,,,,,,,,,,,,109.94,300,109.95,400,109.97,700,110.02,100,110.04,900,110.05,100,110.08,500,110.1,500,110.12,300,110.13,300
2026-01-16 09:32:43,109.73,109.75,1,109.65,300,109.81,500,109.81,109.65,109.65,300,,,,,,,,,,,,,,,,,,,109.81,500,109.83,100,109.85,200,109.91,100,109.92,100,109.94,300,109.95,400,109.97,700,110.02,100,110.04,900
2026-01-16 09:32:44,109.725,109.75,1,109.64,300,109.81,700,109.81,109.64,109.64,300,,,,,,,,,,,,,,,,,,,109.81,700,109.83,100,109.85,200,109.91,100,109.92,100,109.94,300,109.95,400,109.97,700,110.02,100,110.04,900
2026-01-16 09:32:45,109.725,109.75,1,109.64,300,109.81,700,109.81,109.64,109.64,300,,,,,,,,,,,,,,,,,,,109.81,700,109.83,100,109.85,200,109.91,100,109.92,100,109.94,300,109.95,400,109.97,700,110.02,100,110.04,900
2026-01-16 09:32:46,109.725,109.73,1,109.64,300,109.81,700,109.81,109.64,109.64,300,,,,,,,,,,,,,,,,,,,109.81,700,109.83,100,109.85,200,109.91,100,109.92,100,109.94,300,109.95,400,109.97,700,110.02,100,110.04,900
2026-01-16 09:32:47,109.7,109.73,1,109.59,400,109.81,700,109.81,109.59,109.59,400,,,,,,,,,,,,,,,,,,,109.81,700,109.83,100,109.85,200,109.91,100,109.92,100,109.94,300,109.95,400,109.97,700,110.02,100,110.04,900
2026-01-16 09:32:48,109.7,109.73,1,109.59,400,109.81,700,109.81,109.59,109.59,400,,,,,,,,,,,,,,,,,,,109.81,700,109.83,100,109.85,200,109.91,100,109.92,100,109.94,300,109.95,400,109.97,700,110.02,100,110.04,900
2026-01-16 09:32:48,109.7,109.73,1,109.59,400,109.81,700,109.81,109.59,109.59,400,,,,,,,,,,,,,,,,,,,109.81,700,109.83,100,109.85,200,109.91,100,109.92,100,109.94,300,109.95,400,109.97,700,110.02,100,110.04,900
2026-01-16 09:32:50,109.7,109.73,1,109.59,400,109.81,700,109.81,109.59,109.59,400,,,,,,,,,,,,,,,,,,,109.81,700,109.83,100,109.85,200,109.91,100,109.92,100,109.94,300,109.95,400,109.97,700,110.02,100,110.04,900
2026-01-16 09:32:51,109.695,109.73,1,109.59,400,109.8,200,109.8,109.59,109.59,400,,,,,,,,,,,,,,,,,,,109.8,200,109.81,700,109.83,100,109.85,200,109.91,100,109.92,100,109.94,300,109.95,400,109.97,700,110.02,100
2026-01-16 09:32:52,109.695,109.7,6,109.59,500,109.8,1000,109.8,109.59,109.59,500,,,,,,,,,,,,,,,,,,,109.8,1000,109.81,700,109.83,100,109.85,200,109.91,100,109.92,100,109.94,300,109.95,400,109.97,700,110.02,100
2026-01-16 09:32:52,109.695,109.7,6,109.59,500,109.8,1000,109.8,109.59,109.59,500,,,,,,,,,,,,,,,,,,,109.8,1000,109.81,700,109.83,100,109.85,200,109.91,100,109.92,100,109.94,300,109.95,400,109.97,700,110.02,100
2026-01-16 09:32:54,109.68,109.7,6,109.59,500,109.77,300,109.77,109.59,109.59,500,,,,,,,,,,,,,,,,,,,109.77,300,109.8,1000,109.81,700,109.83,100,109.85,200,109.91,100,109.92,100,109.94,300,109.95,400,109.97,700
2026-01-16 09:32:55,109.68,109.7,6,109.59,500,109.77,1200,109.77,109.59,109.59,500,,,,,,,,,,,,,,,,,,,109.77,1200,109.8,1000,109.81,700,109.83,100,109.85,200,109.91,100,109.92,100,109.94,300,109.95,400,109.97,700
2026-01-16 09:32:56,109.645,109.7,6,109.59,500,109.7,300,109.7,109.59,109.59,500,,,,,,,,,,,,,,,,,,,109.7,300,109.77,1200,109.8,1000,109.81,700,109.83,100,109.85,200,109.91,100,109.92,100,109.94,300,109.95,400
2026-01-16 09:32:57,109.645,109.7,6,109.59,500,109.7,1200,109.7,109.59,109.59,500,,,,,,,,,,,,,,,,,,,109.7,1200,109.77,1200,109.8,1000,109.81,700,109.83,100,109.85,200,109.91,100,109.92,100,109.94,300,109.95,400
2026-01-16 09:32:58,109.645,109.6,1,109.59,600,109.7,1200,109.7,109.59,109.59,600,,,,,,,,,,,,,,,,,,,109.7,1200,109.77,1200,109.8,1000,109.81,700,109.83,100,109.85,200,109.91,100,109.92,100,109.94,300,109.95,400
2026-01-16 09:32:59,109.645,109.6,1,109.59,600,109.7,1200,109.7,109.59,109.59,600,,,,,,,,,,,,,,,,,,,109.7,1200,109.77,1200,109.8,1000,109.81,700,109.83,100,109.85,200,109.91,100,109.92,100,109.94,300,109.95,400
2026-01-16 09:33:00,109.645,109.6,1,109.59,600,109.7,1200,109.7,109.59,109.59,600,,,,,,,,,,,,,,,,,,,109.7,1200,109.77,1200,109.8,1000,109.81,700,109.83,100,109.85,200,109.91,100,109.92,100,109.94,300,109.95,400
2026-01-16 09:33:01,109.685,109.69,1,109.6,500,109.77,1200,109.77,109.6,109.6,500,109.59,600,,,,,,,,,,,,,,,,,109.77,1200,109.8,1000,109.81,700,109.83,100,109.85,200,109.91,100,109.92,100,109.94,300,109.95,400,109.97,700
2026-01-16 09:33:02,109.68,109.69,1,109.59,600,109.77,1200,109.77,109.59,109.59,600,,,,,,,,,,,,,,,,,,,109.77,1200,109.8,1000,109.81,700,109.83,100,109.85,200,109.91,100,109.92,100,109.94,300,109.95,400,109.97,700
2026-01-16 09:33:03,109.68,109.69,1,109.59,600,109.77,1200,109.77,109.59,109.59,600,,,,,,,,,,,,,,,,,,,109.77,1200,109.8,1000,109.81,700,109.83,100,109.85,200,109.91,100,109.92,100,109.94,300,109.95,400,109.97,700
2026-01-16 09:33:04,109.68,109.69,1,109.59,600,109.77,1200,109.77,109.59,109.59,600,,,,,,,,,,,,,,,,,,,109.77,1200,109.8,1000,109.81,700,109.83,100,109.85,200,109.91,100,109.92,100,109.94,300,109.95,400,109.97,700
2026-01-16 09:33:05,109.68,109.69,1,109.59,600,109.77,1200,109.77,109.59,109.59,600,,,,,,,,,,,,,,,,,,,109.77,1200,109.8,1000,109.81,700,109.83,100,109.85,200,109.91,100,109.92,100,109.94,300,109.95,400,109.97,700
2026-01-16 09:33:06,109.68,109.69,1,109.59,600,109.77,1200,109.77,109.59,109.59,600,,,,,,,,,,,,,,,,,,,109.77,1200,109.8,1000,109.81,700,109.83,100,109.85,200,109.91,100,109.92,100,109.94,300,109.95,400,109.97,700
2026-01-16 09:33:07,109.68,109.59,2,109.59,700,109.77,1200,109.77,109.59,109.59,700,,,,,,,,,,,,,,,,,,,109.77,1200,109.8,1000,109.81,700,109.83,100,109.85,200,109.91,100,109.92,100,109.94,300,109.95,400,109.97,700
2026-01-16 09:33:08,109.68,109.59,2,109.59,700,109.77,1200,109.77,109.59,109.59,700,,,,,,,,,,,,,,,,,,,109.77,1200,109.8,1000,109.81,700,109.83,100,109.85,200,109.91,100,109.92,100,109.94,300,109.95,400,109.97,700
2026-01-16 09:33:09,109.68,109.59,2,109.59,700,109.77,1200,109.77,109.59,109.59,700,,,,,,,,,,,,,,,,,,,109.77,1200,109.8,1000,109.81,700,109.83,100,109.85,200,109.91,100,109.92,100,109.94,300,109.95,400,109.97,700
2026-01-16 09:33:10,109.68,109.59,2,109.59,700,109.77,1200,109.77,109.59,109.59,700,,,,,,,,,,,,,,,,,,,109.77,1200,109.8,1000,109.81,700,109.83,100,109.85,200,109.91,100,109.92,100,109.94,300,109.95,400,109.97,700
2026-01-16 09:33:11,109.68,109.68,1,109.59,600,109.77,1200,109.77,109.59,109.59,600,,,,,,,,,,,,,,,,,,,109.77,1200,109.8,1000,109.81,700,109.83,100,109.85,200,109.91,100,109.92,100,109.94,300,109.95,400,109.97,700
2026-01-16 09:33:12,109.68,109.68,2,109.59,600,109.77,1200,109.77,109.59,109.59,600,,,,,,,,,,,,,,,,,,,109.77,1200,109.8,1000,109.81,700,109.83,100,109.85,200,109.91,100,109.92,100,109.94,300,109.95,400,109.97,700
2026-01-16 09:33:13,109.68,109.68,2,109.59,600,109.77,1200,109.77,109.59,109.59,600,,,,,,,,,,,,,,,,,,,109.77,1200,109.8,1000,109.81,700,109.83,100,109.85,200,109.91,100,109.92,100,109.94,300,109.95,400,109.97,700
2026-01-16 09:33:14,109.655,109.62,2,109.59,500,109.72,500,109.72,109.59,109.59,500,,,,,,,,,,,,,,,,,,,109.72,500,109.73,100,109.77,1200,109.8,1000,109.81,700,109.83,100,109.85,200,109.91,100,109.92,100,109.94,300
2026-01-16 09:33:15,109.48,109.5,2,109.38,100,109.58,300,109.58,109.38,109.38,100,,,,,,,,,,,,,,,,,,,109.58,300,109.6,500,109.65,300,109.7,100,109.72,500,109.73,100,109.77,1200,109.8,1000,109.81,700,109.83,100
2026-01-16 09:33:16,109.49,109.48,1,109.39,300,109.59,100,109.59,109.39,109.39,300,109.38,400,,,,,,,,,,,,,,,,,109.59,100,109.6,500,109.65,300,109.7,100,109.72,500,109.73,100,109.77,1200,109.8,1000,109.81,700,109.83,100
2026-01-16 09:33:17,109.49,109.48,1,109.39,300,109.59,700,109.59,109.39,109.39,300,109.38,400,,,,,,,,,,,,,,,,,109.59,700,109.6,500,109.65,300,109.7,100,109.72,500,109.73,100,109.77,1200,109.8,1000,109.81,700,109.83,100
2026-01-16 09:33:18,109.49,109.48,1,109.39,500,109.59,700,109.59,109.39,109.39,500,109.38,400,,,,,,,,,,,,,,,,,109.59,700,109.6,500,109.65,300,109.7,100,109.72,500,109.73,100,109.77,1200,109.8,1000,109.81,700,109.83,100
2026-01-16 09:33:19,109.49,109.49,1,109.39,500,109.59,700,109.59,109.39,109.39,500,109.38,400,,,,,,,,,,,,,,,,,109.59,700,109.6,500,109.65,300,109.7,100,109.72,500,109.73,100,109.77,1200,109.8,1000,109.81,700,109.83,100
2026-01-16 09:33:20,109.49,109.49,1,109.39,500,109.59,700,109.59,109.39,109.39,500,109.38,400,,,,,,,,,,,,,,,,,109.59,700,109.6,500,109.65,300,109.7,100,109.72,500,109.73,100,109.77,1200,109.8,1000,109.81,700,109.83,100
2026-01-16 09:33:21,109.49,109.49,1,109.39,500,109.59,700,109.59,109.39,109.39,500,109.38,400,,,,,,,,,,,,,,,,,109.59,700,109.6,500,109.65,300,109.7,100,109.72,500,109.73,100,109.77,1200,109.8,1000,109.81,700,109.83,100
2026-01-16 09:33:22,109.49,109.49,1,109.39,500,109.59,700,109.59,109.39,109.39,500,109.38,400,,,,,,,,,,,,,,,,,109.59,700,109.6,500,109.65,300,109.7,100,109.72,500,109.73,100,109.77,1200,109.8,1000,109.81,700,109.83,100
2026-01-16 09:33:23,109.49,109.49,1,109.39,500,109.59,700,109.59,109.39,109.39,500,109.38,400,,,,,,,,,,,,,,,,,109.59,700,109.6,500,109.65,300,109.7,100,109.72,500,109.73,100,109.77,1200,109.8,1000,109.81,700,109.83,100
2026-01-16 09:33:24,109.49,109.49,1,109.39,500,109.59,700,109.59,109.39,109.39,500,109.38,400,,,,,,,,,,,,,,,,,109.59,700,109.6,500,109.65,300,109.7,100,109.72,500,109.73,100,109.77,1200,109.8,1000,109.81,700,109.83,100
2026-01-16 09:33:25,109.49,109.49,1,109.39,500,109.59,700,109.59,109.39,109.39,500,109.38,400,,,,,,,,,,,,,,,,,109.59,700,109.6,500,109.65,300,109.7,100,109.72,500,109.73,100,109.77,1200,109.8,1000,109.81,700,109.83,100
2026-01-16 09:33:26,109.49,109.49,1,109.39,500,109.59,700,109.59,109.39,109.39,500,109.38,400,,,,,,,,,,,,,,,,,109.59,700,109.6,500,109.65,300,109.7,100,109.72,500,109.73,100,109.77,1200,109.8,1000,109.81,700,109.83,100
2026-01-16 09:33:27,109.49,109.49,1,109.39,500,109.59,700,109.59,109.39,109.39,500,109.38,400,,,,,,,,,,,,,,,,,109.59,700,109.6,500,109.65,300,109.7,100,109.72,500,109.73,100,109.77,1200,109.8,1000,109.81,700,109.83,100
2026-01-16 09:33:28,109.49,109.49,1,109.39,500,109.59,700,109.59,109.39,109.39,500,109.38,400,,,,,,,,,,,,,,,,,109.59,700,109.6,500,109.65,300,109.7,100,109.72,500,109.73,100,109.77,1200,109.8,1000,109.81,700,109.83,100
2026-01-16 09:33:29,109.49,109.49,1,109.39,500,109.59,700,109.59,109.39,109.39,500,109.38,400,,,,,,,,,,,,,,,,,109.59,700,109.6,500,109.65,300,109.7,100,109.72,500,109.73,100,109.77,1200,109.8,1000,109.81,700,109.83,100
2026-01-16 09:33:30,109.49,109.39,5,109.39,600,109.59,700,109.59,109.39,109.39,600,109.38,400,,,,,,,,,,,,,,,,,109.59,700,109.6,500,109.65,300,109.7,100,109.72,500,109.73,100,109.77,1200,109.8,1000,109.81,700,109.83,100
2026-01-16 09:33:31,109.49,109.39,5,109.39,600,109.59,700,109.59,109.39,109.39,600,109.38,400,,,,,,,,,,,,,,,,,109.59,700,109.6,500,109.65,300,109.7,100,109.72,500,109.73,100,109.77,1200,109.8,1000,109.81,700,109.83,100
2026-01-16 09:33:32,109.49,109.39,1,109.39,1000,109.59,700,109.59,109.39,109.39,1000,109.38,400,,,,,,,,,,,,,,,,,109.59,700,109.6,500,109.65,300,109.7,100,109.72,500,109.73,100,109.77,1200,109.8,1000,109.81,700,109.83,100
2026-01-16 09:33:33,109.49,109.39,1,109.39,1000,109.59,700,109.59,109.39,109.39,1000,109.38,400,,,,,,,,,,,,,,,,,109.59,700,109.6,500,109.65,300,109.7,100,109.72,500,109.73,100,109.77,1200,109.8,1000,109.81,700,109.83,100
2026-01-16 09:33:34,109.49,109.49,1,109.39,1000,109.59,700,109.59,109.39,109.39,1000,109.38,400,,,,,,,,,,,,,,,,,109.59,700,109.6,500,109.65,300,109.7,100,109.72,500,109.73,100,109.77,1200,109.8,1000,109.81,700,109.83,100
2026-01-16 09:33:35,109.49,109.49,1,109.39,1000,109.59,700,109.59,109.39,109.39,1000,109.38,400,,,,,,,,,,,,,,,,,109.59,700,109.6,500,109.65,300,109.7,100,109.72,500,109.73,100,109.77,1200,109.8,1000,109.81,700,109.83,100
2026-01-16 09:33:36,109.49,109.49,1,109.39,1000,109.59,700,109.59,109.39,109.39,1000,109.38,400,,,,,,,,,,,,,,,,,109.59,700,109.6,500,109.65,300,109.7,100,109.72,500,109.73,100,109.77,1200,109.8,1000,109.81,700,109.83,100
2026-01-16 09:33:37,109.49,109.49,1,109.39,1000,109.59,700,109.59,109.39,109.39,1000,109.38,400,,,,,,,,,,,,,,,,,109.59,700,109.6,500,109.65,300,109.7,100,109.72,500,109.73,100,109.77,1200,109.8,1000,109.81,700,109.83,100
2026-01-16 09:33:38,109.49,109.49,1,109.39,1000,109.59,700,109.59,109.39,109.39,1000,109.38,400,,,,,,,,,,,,,,,,,109.59,700,109.6,500,109.65,300,109.7,100,109.72,500,109.73,100,109.77,1200,109.8,1000,109.81,700,109.83,100
2026-01-16 09:33:39,109.49,109.49,1,109.39,1000,109.59,700,109.59,109.39,109.39,1000,109.38,400,,,,,,,,,,,,,,,,,109.59,700,109.6,500,109.65,300,109.7,100,109.72,500,109.73,100,109.77,1200,109.8,1000,109.81,700,109.83,100
2026-01-16 09:33:40,109.49,109.49,1,109.39,1000,109.59,700,109.59,109.39,109.39,1000,109.38,400,,,,,,,,,,,,,,,,,109.59,700,109.6,500,109.65,300,109.7,100,109.72,500,109.73,100,109.77,1200,109.8,1000,109.81,700,109.83,100
2026-01-16 09:33:41,109.49,109.49,1,109.39,1000,109.59,700,109.59,109.39,109.39,1000,109.38,400,,,,,,,,,,,,,,,,,109.59,700,109.6,500,109.65,300,109.7,100,109.72,500,109.73,100,109.77,1200,109.8,1000,109.81,700,109.83,100
2026-01-16 09:33:42,109.49,109.49,1,109.39,1000,109.59,700,109.59,109.39,109.39,1000,109.38,400,,,,,,,,,,,,,,,,,109.59,700,109.6,500,109.65,300,109.7,100,109.72,500,109.73,100,109.77,1200,109.8,1000,109.81,700,109.83,100
2026-01-16 09:33:43,109.49,109.49,1,109.39,1100,109.59,700,109.59,109.39,109.39,1100,109.38,400,,,,,,,,,,,,,,,,,109.59,700,109.6,500,109.65,300,109.7,100,109.72,500,109.73,100,109.77,1200,109.8,1000,109.81,700,109.83,100
2026-01-16 09:33:44,109.49,109.43,1,109.39,1100,109.59,700,109.59,109.39,109.39,1100,109.38,400,,,,,,,,,,,,,,,,,109.59,700,109.6,500,109.65,300,109.7,100,109.72,500,109.73,100,109.77,1200,109.8,1000,109.81,700,109.83,100
2026-01-16 09:33:45,109.49,109.43,1,109.39,1100,109.59,700,109.59,109.39,109.39,1100,109.38,400,,,,,,,,,,,,,,,,,109.59,700,109.6,500,109.65,300,109.7,100,109.72,500,109.73,100,109.77,1200,109.8,1000,109.81,700,109.83,100
2026-01-16 09:33:46,109.495,109.4,1,109.4,400,109.59,700,109.59,109.4,109.4,400,109.39,1100,109.38,400,,,,,,,,,,,,,,,109.59,700,109.6,500,109.65,300,109.7,100,109.72,500,109.73,100,109.77,1200,109.8,1000,109.81,700,109.83,100
2026-01-16 09:33:47,109.495,109.4,1,109.4,400,109.59,700,109.59,109.4,109.4,400,109.39,1100,109.38,400,,,,,,,,,,,,,,,109.59,700,109.6,500,109.65,300,109.7,100,109.72,500,109.73,100,109.77,1200,109.8,1000,109.81,700,109.83,100
2026-01-16 09:33:48,109.495,109.4,1,109.4,400,109.59,700,109.59,109.4,109.4,400,109.39,1100,109.38,400,,,,,,,,,,,,,,,109.59,700,109.6,500,109.65,300,109.7,100,109.72,500,109.73,100,109.77,1200,109.8,1000,109.81,700,109.83,100
2026-01-16 09:33:49,109.45,109.45,21,109.4,400,109.5,600,109.5,109.4,109.4,400,109.39,1100,109.38,400,,,,,,,,,,,,,,,109.5,600,109.59,700,109.6,500,109.65,300,109.7,100,109.72,500,109.73,100,109.77,1200,109.8,1000,109.81,700
2026-01-16 09:33:50,109.29,109.25,1,109.21,200,109.37,200,109.37,109.21,109.21,200,,,,,,,,,,,,,,,,,,,109.37,200,109.38,200,109.39,500,109.45,100,109.48,100,109.5,600,109.59,700,109.6,500,109.65,300,109.7,100
2026-01-16 09:33:51,109.42,109.43,1,109.36,400,109.48,600,109.48,109.36,109.36,400,109.31,100,109.29,600,109.21,200,,,,,,,,,,,,,109.48,600,109.5,600,109.59,700,109.6,500,109.65,300,109.7,100,109.72,500,109.73,100,109.77,1200,109.8,1000
2026-01-16 09:33:52,109.42,109.43,1,109.36,400,109.48,600,109.48,109.36,109.36,400,109.31,100,109.29,600,109.21,200,,,,,,,,,,,,,109.48,600,109.5,600,109.59,700,109.6,500,109.65,300,109.7,100,109.72,500,109.73,100,109.77,1200,109.8,1000
2026-01-16 09:33:53,109.535,109.51,1,109.5,200,109.57,200,109.57,109.5,109.5,200,109.47,200,109.44,400,109.4,100,109.39,100,109.36,400,109.31,100,109.29,600,109.21,200,,,109.57,200,109.59,100,109.6,300,109.61,300,109.62,200,109.65,300,109.7,100,109.72,500,109.73,100,109.77,1200
2026-01-16 09:33:54,109.495,109.51,1,109.47,300,109.52,300,109.52,109.47,109.47,300,109.44,400,109.4,100,109.39,100,109.36,400,109.31,100,109.29,600,109.21,200,,,,,109.52,300,109.54,100,109.57,200,109.59,100,109.6,300,109.61,300,109.62,200,109.65,300,109.7,100,109.72,500
2026-01-16 09:33:55,109.455,109.46,1,109.39,400,109.52,500,109.52,109.39,109.39,400,109.36,400,109.31,100,109.29,600,109.21,200,,,,,,,,,,,109.52,500,109.54,100,109.57,200,109.59,100,109.6,300,109.61,300,109.62,200,109.65,300,109.7,100,109.72,500
2026-01-16 09:33:56,109.455,109.46,1,109.39,500,109.52,500,109.52,109.39,109.39,500,109.36,400,109.31,100,109.29,600,109.21,200,,,,,,,,,,,109.52,500,109.54,100,109.57,200,109.59,100,109.6,300,109.61,300,109.62,200,109.65,300,109.7,100,109.72,500
2026-01-16 09:33:57,109.46,109.46,1,109.4,600,109.52,500,109.52,109.4,109.4,600,109.39,600,109.36,400,109.31,100,109.29,600,109.21,200,,,,,,,,,109.52,500,109.54,100,109.57,200,109.59,100,109.6,300,109.61,300,109.62,200,109.65,300,109.7,100,109.72,500
2026-01-16 09:33:58,109.525,109.52,1,109.46,400,109.59,400,109.59,109.46,109.46,400,109.43,100,109.42,100,109.4,600,109.39,600,109.36,400,109.31,100,109.29,600,109.21,200,,,109.59,400,109.6,300,109.61,300,109.62,200,109.65,300,109.7,100,109.72,500,109.73,100,109.77,1200,109.8,1000
2026-01-16 09:33:59,109.525,109.53,1,109.46,400,109.59,400,109.59,109.46,109.46,400,109.43,100,109.42,100,109.4,600,109.39,600,109.36,400,109.31,100,109.29,600,109.21,200,,,109.59,400,109.6,300,109.61,300,109.62,200,109.65,300,109.7,100,109.72,500,109.73,100,109.77,1200,109.8,1000
2026-01-16 09:34:00,109.525,109.53,1,109.46,400,109.59,400,109.59,109.46,109.46,400,109.43,100,109.42,100,109.4,600,109.39,600,109.36,400,109.31,100,109.29,600,109.21,200,,,109.59,400,109.6,300,109.61,300,109.62,200,109.65,300,109.7,100,109.72,500,109.73,100,109.77,1200,109.8,1000
2026-01-16 09:34:01,109.525,109.53,3,109.46,400,109.59,400,109.59,109.46,109.46,400,109.43,100,109.42,100,109.4,600,109.39,600,109.36,400,109.31,100,109.29,600,109.21,200,,,109.59,400,109.6,300,109.61,300,109.62,200,109.65,300,109.7,100,109.72,500,109.73,100,109.77,1200,109.8,1000
2026-01-16 09:34:02,109.555,109.53,3,109.52,400,109.59,400,109.59,109.52,109.52,400,109.46,400,109.43,100,109.42,100,109.4,600,109.39,600,109.36,400,109.31,100,109.29,600,109.21,200,109.59,400,109.6,300,109.61,300,109.62,200,109.65,300,109.7,100,109.72,500,109.73,100,109.77,1200,109.8,1000
2026-01-16 09:34:03,109.5,109.52,1,109.43,500,109.57,400,109.57,109.43,109.43,500,109.42,100,109.4,600,109.39,600,109.36,400,109.31,100,109.29,600,109.21,200,,,,,109.57,400,109.59,400,109.6,300,109.61,300,109.62,200,109.65,300,109.7,100,109.72,500,109.73,100,109.77,1200
2026-01-16 09:34:04,109.5,109.5,1,109.43,500,109.57,400,109.57,109.43,109.43,500,109.42,100,109.4,600,109.39,600,109.36,400,109.31,100,109.29,600,109.21,200,,,,,109.57,400,109.59,400,109.6,300,109.61,300,109.62,200,109.65,300,109.7,100,109.72,500,109.73,100,109.77,1200
2026-01-16 09:34:05,109.5,109.5,2,109.43,500,109.57,400,109.57,109.43,109.43,500,109.42,100,109.4,600,109.39,600,109.36,400,109.31,100,109.29,600,109.21,200,,,,,109.57,400,109.59,400,109.6,300,109.61,300,109.62,200,109.65,300,109.7,100,109.72,500,109.73,100,109.77,1200
2026-01-16 09:34:06,109.5,109.5,2,109.43,500,109.57,400,109.57,109.43,109.43,500,109.42,100,109.4,600,109.39,600,109.36,400,109.31,100,109.29,600,109.21,200,,,,,109.57,400,109.59,400,109.6,300,109.61,300,109.62,200,109.65,300,109.7,100,109.72,500,109.73,100,109.77,1200
2026-01-16 09:34:07,109.39,109.4,1,109.31,300,109.47,300,109.47,109.31,109.31,300,109.3,100,109.29,600,109.21,200,,,,,,,,,,,,,109.47,300,109.48,200,109.51,100,109.52,100,109.53,600,109.56,100,109.57,400,109.59,400,109.6,300,109.61,300
2026-01-16 09:34:08,109.39,109.4,1,109.31,300,109.47,300,109.47,109.31,109.31,300,109.3,100,109.29,600,109.21,200,,,,,,,,,,,,,109.47,300,109.48,200,109.51,100,109.52,100,109.53,600,109.56,100,109.57,400,109.59,400,109.6,300,109.61,300
2026-01-16 09:34:09,109.39,109.4,1,109.31,300,109.47,500,109.47,109.31,109.31,300,109.3,100,109.29,600,109.21,200,,,,,,,,,,,,,109.47,500,109.48,200,109.51,100,109.52,100,109.53,600,109.56,100,109.57,400,109.59,400,109.6,300,109.61,300
2026-01-16 09:34:10,109.41,109.4,1,109.35,300,109.47,500,109.47,109.35,109.35,300,109.31,300,109.3,100,109.29,600,109.21,200,,,,,,,,,,,109.47,500,109.48,200,109.51,100,109.52,100,109.53,600,109.56,100,109.57,400,109.59,400,109.6,300,109.61,300
2026-01-16 09:34:11,109.41,109.4,1,109.35,400,109.47,500,109.47,109.35,109.35,400,109.31,300,109.3,100,109.29,600,109.21,200,,,,,,,,,,,109.47,500,109.48,200,109.51,100,109.52,100,109.53,600,109.56,100,109.57,400,109.59,400,109.6,300,109.61,300
2026-01-16 09:34:12,109.41,109.4,1,109.35,400,109.47,500,109.47,109.35,109.35,400,109.31,300,109.3,100,109.29,600,109.21,200,,,,,,,,,,,109.47,500,109.48,200,109.51,100,109.52,100,109.53,600,109.56,100,109.57,400,109.59,400,109.6,300,109.61,300
2026-01-16 09:34:13,109.41,109.47,2,109.35,400,109.47,500,109.47,109.35,109.35,400,109.31,300,109.3,100,109.29,600,109.21,200,,,,,,,,,,,109.47,500,109.48,200,109.51,100,109.52,100,109.53,600,109.56,100,109.57,400,109.59,400,109.6,300,109.61,300
2026-01-16 09:34:14,109.41,109.47,2,109.35,400,109.47,500,109.47,109.35,109.35,400,109.31,300,109.3,100,109.29,600,109.21,200,,,,,,,,,,,109.47,500,109.48,200,109.51,100,109.52,100,109.53,600,109.56,100,109.57,400,109.59,400,109.6,300,109.61,300
2026-01-16 09:34:15,109.41,109.47,2,109.35,400,109.47,500,109.47,109.35,109.35,400,109.31,300,109.3,100,109.29,600,109.21,200,,,,,,,,,,,109.47,500,109.48,200,109.51,100,109.52,100,109.53,600,109.56,100,109.57,400,109.59,400,109.6,300,109.61,300
2026-01-16 09:34:16,109.41,109.47,2,109.35,400,109.47,500,109.47,109.35,109.35,400,109.31,300,109.3,100,109.29,600,109.21,200,,,,,,,,,,,109.47,500,109.48,200,109.51,100,109.52,100,109.53,600,109.56,100,109.57,400,109.59,400,109.6,300,109.61,300
2026-01-16 09:34:17,109.41,109.47,2,109.35,400,109.47,500,109.47,109.35,109.35,400,109.31,300,109.3,100,109.29,600,109.21,200,,,,,,,,,,,109.47,500,109.48,200,109.51,100,109.52,100,109.53,600,109.56,100,109.57,400,109.59,400,109.6,300,109.61,300
2026-01-16 09:34:18,109.26,109.26,7,109.18,300,109.34,400,109.34,109.18,109.18,300,,,,,,,,,,,,,,,,,,,109.34,400,109.38,100,109.39,100,109.4,200,109.41,200,109.44,100,109.47,500,109.48,200,109.51,100,109.52,100
2026-01-16 09:34:19,109.26,109.26,2,109.18,400,109.34,400,109.34,109.18,109.18,400,,,,,,,,,,,,,,,,,,,109.34,400,109.38,100,109.39,100,109.4,200,109.41,200,109.44,100,109.47,500,109.48,200,109.51,100,109.52,100
2026-01-16 09:34:20,109.26,109.26,2,109.18,300,109.34,400,109.34,109.18,109.18,300,,,,,,,,,,,,,,,,,,,109.34,400,109.38,100,109.39,100,109.4,200,109.41,200,109.44,100,109.47,500,109.48,200,109.51,100,109.52,100
2026-01-16 09:34:21,109.26,109.26,2,109.18,300,109.34,400,109.34,109.18,109.18,300,,,,,,,,,,,,,,,,,,,109.34,400,109.38,100,109.39,100,109.4,200,109.41,200,109.44,100,109.47,500,109.48,200,109.51,100,109.52,100
2026-01-16 09:34:22,109.255,109.21,1,109.18,300,109.33,400,109.33,109.18,109.18,300,,,,,,,,,,,,,,,,,,,109.33,400,109.34,400,109.38,100,109.39,100,109.4,200,109.41,200,109.44,100,109.47,500,109.48,200,109.51,100
2026-01-16 09:34:23,109.17,109.15,1,109.09,400,109.25,600,109.25,109.09,109.09,400,109.06,100,,,,,,,,,,,,,,,,,109.25,600,109.32,400,109.33,600,109.34,400,109.38,100,109.39,100,109.4,200,109.41,200,109.44,100,109.47,500
2026-01-16 09:34:24,109.17,109.17,1,109.09,400,109.25,600,109.25,109.09,109.09,400,109.06,100,,,,,,,,,,,,,,,,,109.25,600,109.32,400,109.33,600,109.34,400,109.38,100,109.39,100,109.4,200,109.41,200,109.44,100,109.47,500
2026-01-16 09:34:25,109.17,109.17,1,109.09,400,109.25,600,109.25,109.09,109.09,400,109.06,100,,,,,,,,,,,,,,,,,109.25,600,109.32,400,109.33,600,109.34,400,109.38,100,109.39,100,109.4,200,109.41,200,109.44,100,109.47,500
2026-01-16 09:34:26,109.17,109.17,1,109.09,400,109.25,600,109.25,109.09,109.09,400,109.06,100,,,,,,,,,,,,,,,,,109.25,600,109.32,400,109.33,600,109.34,400,109.38,100,109.39,100,109.4,200,109.41,200,109.44,100,109.47,500
2026-01-16 09:34:27,109.17,109.17,1,109.09,400,109.25,600,109.25,109.09,109.09,400,109.06,100,,,,,,,,,,,,,,,,,109.25,600,109.32,400,109.33,600,109.34,400,109.38,100,109.39,100,109.4,200,109.41,200,109.44,100,109.47,500
2026-01-16 09:34:28,109.17,109.17,1,109.09,400,109.25,600,109.25,109.09,109.09,400,109.06,100,,,,,,,,,,,,,,,,,109.25,600,109.32,400,109.33,600,109.34,400,109.38,100,109.39,100,109.4,200,109.41,200,109.44,100,109.47,500
2026-01-16 09:34:29,109.17,109.17,1,109.09,700,109.25,600,109.25,109.09,109.09,700,109.06,100,,,,,,,,,,,,,,,,,109.25,600,109.32,400,109.33,600,109.34,400,109.38,100,109.39,100,109.4,200,109.41,200,109.44,100,109.47,500
2026-01-16 09:34:30,109.135,109.11,1,109.09,400,109.18,300,109.18,109.09,109.09,400,109.06,100,,,,,,,,,,,,,,,,,109.18,300,109.25,600,109.32,400,109.33,600,109.34,400,109.38,100,109.39,100,109.4,200,109.41,200,109.44,100
2026-01-16 09:34:31,109.135,109.11,1,109.09,800,109.18,300,109.18,109.09,109.09,800,109.06,100,,,,,,,,,,,,,,,,,109.18,300,109.25,600,109.32,400,109.33,600,109.34,400,109.38,100,109.39,100,109.4,200,109.41,200,109.44,100
2026-01-16 09:34:32,109.165,109.15,1,109.12,600,109.21,300,109.21,109.12,109.12,600,109.09,800,109.06,100,,,,,,,,,,,,,,,109.21,300,109.25,600,109.32,400,109.33,600,109.34,400,109.38,100,109.39,100,109.4,200,109.41,200,109.44,100
2026-01-16 09:34:33,109.325,109.32,1,109.31,300,109.34,800,109.34,109.31,109.31,300,109.3,200,109.28,100,109.26,200,109.25,400,109.24,500,109.21,100,109.2,200,109.17,100,109.16,500,109.34,800,109.38,100,109.39,100,109.4,200,109.41,200,109.44,100,109.47,500,109.48,200,109.51,100,109.52,100
2026-01-16 09:34:34,109.305,109.33,1,109.28,300,109.33,600,109.33,109.28,109.28,300,109.26,200,109.25,400,109.24,500,109.21,100,109.2,200,109.17,100,109.16,500,109.12,600,109.09,800,109.33,600,109.34,800,109.38,100,109.39,100,109.4,200,109.41,200,109.44,100,109.47,500,109.48,200,109.51,100
2026-01-16 09:34:35,109.305,109.33,1,109.28,300,109.33,600,109.33,109.28,109.28,300,109.26,200,109.25,400,109.24,500,109.21,100,109.2,200,109.17,100,109.16,500,109.12,600,109.09,800,109.33,600,109.34,800,109.38,100,109.39,100,109.4,200,109.41,200,109.44,100,109.47,500,109.48,200,109.51,100
2026-01-16 09:34:36,109.315,109.3,1,109.3,100,109.33,600,109.33,109.3,109.3,100,109.28,200,109.26,200,109.25,400,109.24,500,109.21,100,109.2,200,109.17,100,109.16,500,109.12,600,109.33,600,109.34,800,109.38,100,109.39,100,109.4,200,109.41,200,109.44,100,109.47,500,109.48,200,109.51,100
2026-01-16 09:34:37,109.19,109.27,3,109.13,500,109.25,300,109.25,109.13,109.13,500,109.07,100,109.06,100,,,,,,,,,,,,,,,109.25,300,109.27,100,109.28,200,109.29,100,109.3,100,109.31,100,109.32,100,109.33,600,109.34,800,109.38,100
2026-01-16 09:34:38,109.19,109.19,1,109.13,500,109.25,500,109.25,109.13,109.13,500,109.07,100,109.06,100,,,,,,,,,,,,,,,109.25,500,109.27,100,109.28,200,109.29,100,109.3,100,109.31,100,109.32,100,109.33,600,109.34,800,109.38,100
2026-01-16 09:34:39,109.275,109.24,1,109.22,300,109.33,900,109.33,109.22,109.22,300,109.19,100,109.13,500,109.07,100,109.06,100,,,,,,,,,,,109.33,900,109.34,800,109.38,100,109.39,100,109.4,200,109.41,200,109.44,100,109.47,500,109.48,200,109.51,100
2026-01-16 09:34:40,109.275,109.24,1,109.22,300,109.33,900,109.33,109.22,109.22,300,109.19,100,109.13,500,109.07,100,109.06,100,,,,,,,,,,,109.33,900,109.34,800,109.38,100,109.39,100,109.4,200,109.41,200,109.44,100,109.47,500,109.48,200,109.51,100
2026-01-16 09:34:41,109.28,109.27,1,109.23,200,109.33,900,109.33,109.23,109.23,200,109.22,300,109.19,100,109.13,500,109.07,100,109.06,100,,,,,,,,,109.33,900,109.34,800,109.38,100,109.39,100,109.4,200,109.41,200,109.44,100,109.47,500,109.48,200,109.51,100
2026-01-16 09:34:42,109.28,109.28,1,109.23,200,109.33,900,109.33,109.23,109.23,200,109.22,300,109.19,100,109.13,500,109.07,100,109.06,100,,,,,,,,,109.33,900,109.34,800,109.38,100,109.39,100,109.4,200,109.41,200,109.44,100,109.47,500,109.48,200,109.51,100
2026-01-16 09:34:43,109.28,109.28,1,109.23,200,109.33,900,109.33,109.23,109.23,200,109.22,300,109.19,100,109.13,500,109.07,100,109.06,100,,,,,,,,,109.33,900,109.34,800,109.38,100,109.39,100,109.4,200,109.41,200,109.44,100,109.47,500,109.48,200,109.51,100
2026-01-16 09:34:44,109.22,109.26,1,109.15,600,109.29,400,109.29,109.15,109.15,600,109.14,200,109.12,100,109.07,100,109.06,100,,,,,,,,,,,109.29,400,109.31,100,109.32,200,109.33,900,109.34,800,109.38,100,109.39,100,109.4,200,109.41,200,109.44,100
2026-01-16 09:34:45,109.225,109.17,1,109.16,700,109.29,400,109.29,109.16,109.16,700,109.15,700,109.14,200,109.12,100,109.07,100,109.06,100,,,,,,,,,109.29,400,109.31,100,109.32,200,109.33,900,109.34,800,109.38,100,109.39,100,109.4,200,109.41,200,109.44,100
2026-01-16 09:34:46,109.225,109.17,1,109.16,700,109.29,400,109.29,109.16,109.16,700,109.15,700,109.14,200,109.12,100,109.07,100,109.06,100,,,,,,,,,109.29,400,109.31,100,109.32,200,109.33,900,109.34,800,109.38,100,109.39,100,109.4,200,109.41,200,109.44,100
2026-01-16 09:34:47,109.225,109.17,1,109.16,700,109.29,400,109.29,109.16,109.16,700,109.15,700,109.14,200,109.12,100,109.07,100,109.06,100,,,,,,,,,109.29,400,109.31,100,109.32,200,109.33,900,109.34,800,109.38,100,109.39,100,109.4,200,109.41,200,109.44,100
2026-01-16 09:34:48,109.225,109.17,1,109.16,900,109.29,400,109.29,109.16,109.16,900,109.15,700,109.14,200,109.12,100,109.07,100,109.06,100,,,,,,,,,109.29,400,109.31,100,109.32,200,109.33,900,109.34,800,109.38,100,109.39,100,109.4,200,109.41,200,109.44,100
2026-01-16 09:34:49,109.285,109.25,1,109.25,400,109.32,300,109.32,109.25,109.25,400,109.24,800,109.2,100,109.16,900,109.15,700,109.14,200,109.12,100,109.07,100,109.06,100,,,109.32,300,109.33,900,109.34,800,109.38,100,109.39,100,109.4,200,109.41,200,109.44,100,109.47,500,109.48,200
2026-01-16 09:34:50,109.22,109.25,1,109.16,800,109.28,400,109.28,109.16,109.16,800,109.15,700,109.14,200,109.12,100,109.07,100,109.06,100,,,,,,,,,109.28,400,109.32,400,109.33,900,109.34,800,109.38,100,109.39,100,109.4,200,109.41,200,109.44,100,109.47,500
2026-01-16 09:34:51,109.22,109.22,1,109.16,800,109.28,400,109.28,109.16,109.16,800,109.15,700,109.14,200,109.12,100,109.07,100,109.06,100,,,,,,,,,109.28,400,109.32,400,109.33,900,109.34,800,109.38,100,109.39,100,109.4,200,109.41,200,109.44,100,109.47,500
2026-01-16 09:34:52,109.22,109.22,1,109.16,800,109.28,400,109.28,109.16,109.16,800,109.15,700,109.14,200,109.12,100,109.07,100,109.06,100,,,,,,,,,109.28,400,109.32,400,109.33,900,109.34,800,109.38,100,109.39,100,109.4,200,109.41,200,109.44,100,109.47,500
2026-01-16 09:34:53,109.225,109.22,1,109.17,700,109.28,400,109.28,109.17,109.17,700,109.16,700,109.15,700,109.14,200,109.12,100,109.07,100,109.06,100,,,,,,,109.28,400,109.32,400,109.33,900,109.34,800,109.38,100,109.39,100,109.4,200,109.41,200,109.44,100,109.47,500
2026-01-16 09:34:54,109.205,109.22,1,109.17,700,109.24,600,109.24,109.17,109.17,700,109.16,700,109.15,700,109.14,200,109.12,100,109.07,100,109.06,100,,,,,,,109.24,600,109.28,400,109.32,400,109.33,900,109.34,800,109.38,100,109.39,100,109.4,200,109.41,200,109.44,100
2026-01-16 09:34:55,109.205,109.22,1,109.17,700,109.24,600,109.24,109.17,109.17,700,109.16,700,109.15,700,109.14,200,109.12,100,109.07,100,109.06,100,,,,,,,109.24,600,109.28,400,109.32,400,109.33,900,109.34,800,109.38,100,109.39,100,109.4,200,109.41,200,109.44,100
2026-01-16 09:34:56,109.205,109.22,1,109.17,700,109.24,600,109.24,109.17,109.17,700,109.16,700,109.15,700,109.14,200,109.12,100,109.07,100,109.06,100,,,,,,,109.24,600,109.28,400,109.32,400,109.33,900,109.34,800,109.38,100,109.39,100,109.4,200,109.41,200,109.44,100
2026-01-16 09:34:57,109.205,109.17,1,109.17,700,109.24,600,109.24,109.17,109.17,700,109.16,700,109.15,700,109.14,200,109.12,100,109.07,100,109.06,100,,,,,,,109.24,600,109.28,400,109.32,400,109.33,900,109.34,800,109.38,100,109.39,100,109.4,200,109.41,200,109.44,100
2026-01-16 09:34:58,109.13,109.17,1,109.06,400,109.2,600,109.2,109.06,109.06,400,109.05,200,,,,,,,,,,,,,,,,,109.2,600,109.22,100,109.24,600,109.28,400,109.32,400,109.33,900,109.34,800,109.38,100,109.39,100,109.4,200
2026-01-16 09:34:59,109.13,109.17,1,109.06,300,109.2,600,109.2,109.06,109.06,300,109.05,200,,,,,,,,,,,,,,,,,109.2,600,109.22,100,109.24,600,109.28,400,109.32,400,109.33,900,109.34,800,109.38,100,109.39,100,109.4,200
2026-01-16 09:35:00,109.13,109.17,1,109.06,300,109.2,600,109.2,109.06,109.06,300,109.05,200,,,,,,,,,,,,,,,,,109.2,600,109.22,100,109.24,600,109.28,400,109.32,400,109.33,900,109.34,800,109.38,100,109.39,100,109.4,200
2026-01-16 09:35:01,109.13,109.17,1,109.06,300,109.2,600,109.2,109.06,109.06,300,109.05,200,,,,,,,,,,,,,,,,,109.2,600,109.22,100,109.24,600,109.28,400,109.32,400,109.33,900,109.34,800,109.38,100,109.39,100,109.4,200
2026-01-16 09:35:02,109.145,109.16,1,109.09,500,109.2,600,109.2,109.09,109.09,500,109.06,300,109.05,200,,,,,,,,,,,,,,,109.2,600,109.22,100,109.24,600,109.28,400,109.32,400,109.33,900,109.34,800,109.38,100,109.39,100,109.4,200
2026-01-16 09:35:03,109.045,109.04,1,109.0,1000,109.09,400,109.09,109.0,109.0,1000,,,,,,,,,,,,,,,,,,,109.09,400,109.13,900,109.14,500,109.15,700,109.2,600,109.22,100,109.24,600,109.28,400,109.32,400,109.33,900
2026-01-16 09:35:04,109.045,109.01,1,109.0,900,109.09,300,109.09,109.0,109.0,900,,,,,,,,,,,,,,,,,,,109.09,300,109.13,900,109.14,500,109.15,700,109.2,600,109.22,100,109.24,600,109.28,400,109.32,400,109.33,900
2026-01-16 09:35:05,109.045,109.01,1,109.0,900,109.09,600,109.09,109.0,109.0,900,,,,,,,,,,,,,,,,,,,109.09,600,109.13,900,109.14,500,109.15,700,109.2,600,109.22,100,109.24,600,109.28,400,109.32,400,109.33,900
2026-01-16 09:35:06,109.045,109.01,1,109.0,900,109.09,600,109.09,109.0,109.0,900,,,,,,,,,,,,,,,,,,,109.09,600,109.13,900,109.14,500,109.15,700,109.2,600,109.22,100,109.24,600,109.28,400,109.32,400,109.33,900
2026-01-16 09:35:07,109.045,109.01,1,109.0,900,109.09,600,109.09,109.0,109.0,900,,,,,,,,,,,,,,,,,,,109.09,600,109.13,900,109.14,500,109.15,700,109.2,600,109.22,100,109.24,600,109.28,400,109.32,400,109.33,900
2026-01-16 09:35:08,109.045,109.05,1,109.0,800,109.09,600,109.09,109.0,109.0,800,,,,,,,,,,,,,,,,,,,109.09,600,109.13,900,109.14,500,109.15,700,109.2,600,109.22,100,109.24,600,109.28,400,109.32,400,109.33,900
2026-01-16 09:35:09,109.0,109.03,1,108.97,100,109.03,400,109.03,108.97,108.97,100,,,,,,,,,,,,,,,,,,,109.03,400,109.04,200,109.05,300,109.06,300,109.09,600,109.13,900,109.14,500,109.15,700,109.2,600,109.22,100
2026-01-16 09:35:10,109.11,109.11,1,109.09,200,109.13,100,109.13,109.09,109.09,200,109.08,300,109.07,400,109.05,100,109.04,300,109.02,400,109.0,300,108.97,200,,,,,109.13,100,109.15,700,109.17,100,109.18,300,109.2,600,109.22,100,109.24,600,109.28,400,109.32,400,109.33,900
2026-01-16 09:35:11,109.11,109.11,1,109.09,200,109.13,100,109.13,109.09,109.09,200,109.08,300,109.07,400,109.05,100,109.04,300,109.02,400,109.0,300,108.97,200,,,,,109.13,100,109.15,700,109.17,100,109.18,300,109.2,600,109.22,100,109.24,600,109.28,400,109.32,400,109.33,900
2026-01-16 09:35:12,109.08,109.12,3,109.06,100,109.1,300,109.1,109.06,109.06,100,109.05,100,109.04,300,109.02,400,109.0,300,108.97,200,,,,,,,,,109.1,300,109.11,100,109.12,200,109.13,100,109.14,300,109.15,100,109.16,400,109.17,100,109.18,300,109.2,600
2026-01-16 09:35:13,109.08,109.12,3,109.06,100,109.1,300,109.1,109.06,109.06,100,109.05,100,109.04,300,109.02,400,109.0,300,108.97,200,,,,,,,,,109.1,300,109.11,100,109.12,200,109.13,100,109.14,300,109.15,100,109.16,400,109.17,100,109.18,300,109.2,600
2026-01-16 09:35:14,109.08,109.08,1,109.06,100,109.1,300,109.1,109.06,109.06,100,109.05,100,109.04,300,109.02,400,109.0,300,108.97,200,,,,,,,,,109.1,300,109.11,100,109.12,200,109.13,100,109.14,300,109.15,100,109.16,400,109.17,100,109.18,300,109.2,600
2026-01-16 09:35:15,109.025,109.06,1,108.97,500,109.08,300,109.08,108.97,108.97,500,,,,,,,,,,,,,,,,,,,109.08,300,109.1,300,109.11,100,109.12,200,109.13,100,109.14,300,109.15,100,109.16,400,109.17,100,109.18,300
2026-01-16 09:35:16,109.025,109.08,1,108.97,500,109.08,300,109.08,108.97,108.97,500,,,,,,,,,,,,,,,,,,,109.08,300,109.1,300,109.11,100,109.12,200,109.13,100,109.14,300,109.15,100,109.16,400,109.17,100,109.18,300
2026-01-16 09:35:17,109.025,109.08,1,108.97,500,109.08,400,109.08,108.97,108.97,500,,,,,,,,,,,,,,,,,,,109.08,400,109.1,300,109.11,100,109.12,200,109.13,100,109.14,300,109.15,100,109.16,400,109.17,100,109.18,300
2026-01-16 09:35:18,109.025,109.08,1,108.97,500,109.08,400,109.08,108.97,108.97,500,,,,,,,,,,,,,,,,,,,109.08,400,109.1,300,109.11,100,109.12,200,109.13,100,109.14,300,109.15,100,109.16,400,109.17,100,109.18,300
2026-01-16 09:35:19,109.025,109.08,1,108.97,500,109.08,400,109.08,108.97,108.97,500,,,,,,,,,,,,,,,,,,,109.08,400,109.1,300,109.11,100,109.12,200,109.13,100,109.14,300,109.15,100,109.16,400,109.17,100,109.18,300
2026-01-16 09:35:20,109.0,109.0,1,108.97,600,109.03,300,109.03,108.97,108.97,600,,,,,,,,,,,,,,,,,,,109.03,300,109.08,400,109.1,300,109.11,100,109.12,200,109.13,100,109.14,300,109.15,100,109.16,400,109.17,100
2026-01-16 09:35:21,108.99,109.0,1,108.97,700,109.01,200,109.01,108.97,108.97,700,,,,,,,,,,,,,,,,,,,109.01,200,109.03,400,109.08,400,109.1,300,109.11,100,109.12,200,109.13,100,109.14,300,109.15,100,109.16,400
2026-01-16 09:35:22,108.99,109.0,1,108.97,700,109.01,300,109.01,108.97,108.97,700,,,,,,,,,,,,,,,,,,,109.01,300,109.03,400,109.08,400,109.1,300,109.11,100,109.12,200,109.13,100,109.14,300,109.15,100,109.16,400
2026-01-16 09:35:23,108.99,109.0,1,108.97,700,109.01,300,109.01,108.97,108.97,700,,,,,,,,,,,,,,,,,,,109.01,300,109.03,400,109.08,400,109.1,300,109.11,100,109.12,200,109.13,100,109.14,300,109.15,100,109.16,400
2026-01-16 09:35:24,109.065,109.07,4,109.04,300,109.09,100,109.09,109.04,109.04,300,109.03,100,109.02,200,109.01,100,108.99,700,108.97,700,,,,,,,,,109.09,100,109.1,500,109.11,100,109.12,200,109.13,100,109.14,300,109.15,100,109.16,400,109.17,100,109.18,300
2026-01-16 09:35:25,109.06,109.04,1,109.05,300,109.07,100,109.07,109.05,109.05,300,109.04,100,109.03,100,109.02,200,109.01,100,108.99,700,108.97,700,,,,,,,109.07,100,109.08,100,109.09,300,109.1,500,109.11,100,109.12,200,109.13,100,109.14,300,109.15,100,109.16,400
2026-01-16 09:35:26,109.095,109.09,1,109.06,200,109.13,200,109.13,109.06,109.06,200,109.05,400,109.04,100,109.03,100,109.02,200,109.01,100,108.99,700,108.97,700,,,,,109.13,200,109.14,500,109.15,100,109.16,400,109.17,100,109.18,300,109.2,600,109.22,100,109.24,600,109.28,400
2026-01-16 09:35:27,109.095,109.09,1,109.06,500,109.13,300,109.13,109.06,109.06,500,109.05,400,109.04,100,109.03,100,109.02,200,109.01,100,108.99,700,108.97,700,,,,,109.13,300,109.14,500,109.15,100,109.16,400,109.17,100,109.18,300,109.2,600,109.22,100,109.24,600,109.28,400
2026-01-16 09:35:28,109.095,109.09,1,109.06,500,109.13,500,109.13,109.06,109.06,500,109.05,400,109.04,100,109.03,100,109.02,200,109.01,100,108.99,700,108.97,700,,,,,109.13,500,109.14,500,109.15,100,109.16,400,109.17,100,109.18,300,109.2,600,109.22,100,109.24,600,109.28,400
2026-01-16 09:35:29,109.095,109.09,1,109.06,500,109.13,500,109.13,109.06,109.06,500,109.05,400,109.04,100,109.03,100,109.02,200,109.01,100,108.99,700,108.97,700,,,,,109.13,500,109.14,500,109.15,100,109.16,400,109.17,100,109.18,300,109.2,600,109.22,100,109.24,600,109.28,400
2026-01-16 09:35:30,109.1,109.09,1,109.07,500,109.13,500,109.13,109.07,109.07,500,109.06,500,109.05,400,109.04,100,109.03,100,109.02,200,109.01,100,108.99,700,108.97,700,,,109.13,500,109.14,500,109.15,100,109.16,400,109.17,100,109.18,300,109.2,600,109.22,100,109.24,600,109.28,400
2026-01-16 09:35:31,109.1,109.09,1,109.07,600,109.13,500,109.13,109.07,109.07,600,109.06,500,109.05,400,109.04,100,109.03,100,109.02,200,109.01,100,108.99,700,108.97,700,,,109.13,500,109.14,500,109.15,100,109.16,400,109.17,100,109.18,300,109.2,600,109.22,100,109.24,600,109.28,400
2026-01-16 09:35:32,109.1,109.09,1,109.07,600,109.13,500,109.13,109.07,109.07,600,109.06,500,109.05,400,109.04,100,109.03,100,109.02,200,109.01,100,108.99,700,108.97,700,,,109.13,500,109.14,500,109.15,100,109.16,400,109.17,100,109.18,300,109.2,600,109.22,100,109.24,600,109.28,400
2026-01-16 09:35:33,109.1,109.1,1,109.07,600,109.13,500,109.13,109.07,109.07,600,109.06,500,109.05,400,109.04,100,109.03,100,109.02,200,109.01,100,108.99,700,108.97,700,,,109.13,500,109.14,500,109.15,100,109.16,400,109.17,100,109.18,300,109.2,600,109.22,100,109.24,600,109.28,400
2026-01-16 09:35:34,109.1,109.1,1,109.07,600,109.13,500,109.13,109.07,109.07,600,109.06,500,109.05,400,109.04,100,109.03,100,109.02,200,109.01,100,108.99,700,108.97,700,,,109.13,500,109.14,500,109.15,100,109.16,400,109.17,100,109.18,300,109.2,600,109.22,100,109.24,600,109.28,400
2026-01-16 09:35:35,109.095,109.1,1,109.07,500,109.12,200,109.12,109.07,109.07,500,109.06,500,109.05,400,109.04,100,109.03,100,109.02,200,109.01,100,108.99,700,108.97,700,,,109.12,200,109.13,500,109.14,500,109.15,100,109.16,400,109.17,100,109.18,300,109.2,600,109.22,100,109.24,600
2026-01-16 09:35:36,109.07,109.09,4,109.05,400,109.09,300,109.09,109.05,109.05,400,109.04,100,109.03,100,109.02,200,109.01,100,108.99,700,108.97,700,,,,,,,109.09,300,109.11,100,109.12,1000,109.13,100,109.14,900,109.17,400,109.18,300,109.2,600,109.22,100,109.24,600
2026-01-16 09:35:37,109.07,109.09,4,109.05,500,109.09,300,109.09,109.05,109.05,500,109.04,100,109.03,100,109.02,200,109.01,100,108.99,700,108.97,700,,,,,,,109.09,300,109.11,100,109.12,1000,109.13,100,109.14,900,109.17,400,109.18,300,109.2,600,109.22,100,109.24,600
2026-01-16 09:35:38,109.05,109.05,2,109.03,200,109.07,700,109.07,109.03,109.03,200,109.02,300,109.01,100,108.99,700,108.97,700,,,,,,,,,,,109.07,700,109.09,300,109.11,100,109.12,1000,109.13,100,109.14,900,109.17,400,109.18,300,109.2,600,109.22,100
2026-01-16 09:35:39,109.05,109.03,1,109.03,200,109.07,700,109.07,109.03,109.03,200,109.02,300,109.01,100,108.99,700,108.97,700,,,,,,,,,,,109.07,700,109.09,300,109.11,100,109.12,1000,109.13,100,109.14,900,109.17,400,109.18,300,109.2,600,109.22,100
2026-01-16 09:35:40,109.05,109.03,1,109.03,200,109.07,700,109.07,109.03,109.03,200,109.02,300,109.01,100,108.99,700,108.97,700,,,,,,,,,,,109.07,700,109.09,300,109.11,100,109.12,1000,109.13,100,109.14,900,109.17,400,109.18,300,109.2,600,109.22,100
2026-01-16 09:35:41,109.05,109.03,1,109.03,200,109.07,700,109.07,109.03,109.03,200,109.02,300,109.01,100,108.99,700,108.97,700,,,,,,,,,,,109.07,700,109.09,300,109.11,100,109.12,1000,109.13,100,109.14,900,109.17,400,109.18,300,109.2,600,109.22,100
2026-01-16 09:35:42,109.05,109.03,1,109.03,200,109.07,700,109.07,109.03,109.03,200,109.02,300,109.01,100,108.99,700,108.97,700,,,,,,,,,,,109.07,700,109.09,300,109.11,100,109.12,1000,109.13,100,109.14,900,109.17,400,109.18,300,109.2,600,109.22,100
2026-01-16 09:35:43,109.05,109.05,1,109.03,200,109.07,700,109.07,109.03,109.03,200,109.02,300,109.01,100,108.99,700,108.97,700,,,,,,,,,,,109.07,700,109.09,300,109.11,100,109.12,1000,109.13,100,109.14,900,109.17,400,109.18,300,109.2,600,109.22,100
2026-01-16 09:35:44,109.05,109.05,1,109.03,200,109.07,700,109.07,109.03,109.03,200,109.02,300,109.01,100,108.99,700,108.97,700,,,,,,,,,,,109.07,700,109.09,300,109.11,100,109.12,1000,109.13,100,109.14,900,109.17,400,109.18,300,109.2,600,109.22,100
2026-01-16 09:35:45,109.05,109.05,1,109.03,200,109.07,700,109.07,109.03,109.03,200,109.02,300,109.01,100,108.99,700,108.97,700,,,,,,,,,,,109.07,700,109.09,300,109.11,100,109.12,1000,109.13,100,109.14,900,109.17,400,109.18,300,109.2,600,109.22,100
2026-01-16 09:35:46,109.05,109.05,1,109.03,300,109.07,700,109.07,109.03,109.03,300,109.02,300,109.01,100,108.99,700,108.97,700,,,,,,,,,,,109.07,700,109.09,300,109.11,100,109.12,1000,109.13,100,109.14,900,109.17,400,109.18,300,109.2,600,109.22,100
2026-01-16 09:35:47,109.06,109.05,1,109.03,300,109.09,100,109.09,109.03,109.03,300,109.02,300,109.01,100,108.99,700,108.97,700,,,,,,,,,,,109.09,100,109.1,100,109.11,100,109.12,1000,109.13,100,109.14,900,109.17,400,109.18,300,109.2,600,109.22,100
2026-01-16 09:35:48,109.06,109.05,1,109.03,300,109.09,200,109.09,109.03,109.03,300,109.02,300,109.01,100,108.99,700,108.97,700,,,,,,,,,,,109.09,200,109.1,100,109.11,100,109.12,1000,109.13,100,109.14,900,109.17,400,109.18,300,109.2,600,109.22,100
2026-01-16 09:35:49,109.06,109.05,1,109.03,300,109.09,200,109.09,109.03,109.03,300,109.02,300,109.01,100,108.99,700,108.97,700,,,,,,,,,,,109.09,200,109.1,100,109.11,100,109.12,1000,109.13,100,109.14,900,109.17,400,109.18,300,109.2,600,109.22,100
2026-01-16 09:35:50,109.025,109.03,1,109.0,2100,109.05,300,109.05,109.0,109.0,2100,108.99,700,108.97,700,,,,,,,,,,,,,,,109.05,300,109.06,100,109.08,100,109.09,200,109.1,100,109.11,100,109.12,1000,109.13,100,109.14,900,109.17,400
2026-01-16 09:35:51,109.03,109.0,1,109.0,300,109.06,600,109.06,109.0,109.0,300,108.98,200,108.97,200,108.95,200,108.93,300,,,,,,,,,,,109.06,600,109.07,100,109.08,100,109.09,200,109.1,100,109.11,100,109.12,1000,109.13,100,109.14,900,109.17,400
2026-01-16 09:35:52,109.035,109.0,1,109.01,300,109.06,600,109.06,109.01,109.01,300,109.0,300,108.98,200,108.97,200,108.95,200,108.93,300,,,,,,,,,109.06,600,109.07,100,109.08,100,109.09,200,109.1,100,109.11,100,109.12,1000,109.13,100,109.14,900,109.17,400
2026-01-16 09:35:53,108.94,108.98,1,108.91,200,108.97,200,108.97,108.91,108.91,200,,,,,,,,,,,,,,,,,,,108.97,200,108.98,200,108.99,300,109.0,100,109.01,400,109.02,200,109.04,100,109.05,100,109.06,600,109.07,100
2026-01-16 09:35:54,109.025,109.02,1,108.99,200,109.06,400,109.06,108.99,108.99,200,108.97,100,108.96,200,108.95,200,108.94,200,108.88,300,,,,,,,,,109.06,400,109.07,100,109.08,100,109.09,200,109.1,100,109.11,100,109.12,1000,109.13,100,109.14,900,109.17,400
2026-01-16 09:35:55,109.025,109.02,1,108.99,400,109.06,400,109.06,108.99,108.99,400,108.97,100,108.96,200,108.95,200,108.94,200,108.88,300,,,,,,,,,109.06,400,109.07,100,109.08,100,109.09,200,109.1,100,109.11,100,109.12,1000,109.13,100,109.14,900,109.17,400
2026-01-16 09:35:56,109.025,109.03,1,108.99,600,109.06,500,109.06,108.99,108.99,600,108.97,100,108.96,200,108.95,200,108.94,200,108.88,300,,,,,,,,,109.06,500,109.07,100,109.08,100,109.09,200,109.1,100,109.11,100,109.12,1000,109.13,100,109.14,900,109.17,400
2026-01-16 09:35:57,109.025,109.03,1,108.99,600,109.06,500,109.06,108.99,108.99,600,108.97,100,108.96,200,108.95,200,108.94,200,108.88,300,,,,,,,,,109.06,500,109.07,100,109.08,100,109.09,200,109.1,100,109.11,100,109.12,1000,109.13,100,109.14,900,109.17,400
2026-01-16 09:35:58,108.975,108.98,45,108.96,500,108.99,300,108.99,108.96,108.96,500,108.95,200,108.94,200,108.88,300,,,,,,,,,,,,,108.99,300,109.0,400,109.01,100,109.02,100,109.04,100,109.06,500,109.07,100,109.08,100,109.09,200,109.1,100
2026-01-16 09:35:59,109.115,109.11,2,109.09,300,109.14,1000,109.14,109.09,109.09,300,109.08,400,109.07,300,109.03,400,109.02,600,109.01,100,108.99,200,108.98,400,108.97,100,108.96,500,109.14,1000,109.17,400,109.18,300,109.2,600,109.22,100,109.24,600,109.28,400,109.32,400,109.33,900,109.34,800
2026-01-16 09:36:00,109.09,109.08,1,109.06,200,109.12,200,109.12,109.06,109.06,200,109.04,200,109.03,400,109.02,600,109.01,100,108.99,200,108.98,400,108.97,100,108.96,500,108.95,200,109.12,200,109.14,1300,109.17,400,109.18,300,109.2,600,109.22,100,109.24,600,109.28,400,109.32,400,109.33,900
2026-01-16 09:36:01,109.06,109.06,1,109.03,200,109.09,400,109.09,109.03,109.03,200,109.02,600,109.01,100,108.99,200,108.98,400,108.97,100,108.96,500,108.95,200,108.94,200,108.88,300,109.09,400,109.12,400,109.14,1300,109.17,400,109.18,300,109.2,600,109.22,100,109.24,600,109.28,400,109.32,400
2026-01-16 09:36:02,108.995,109.02,1,108.92,200,109.07,300,109.07,108.92,108.92,200,108.88,300,,,,,,,,,,,,,,,,,109.07,300,109.08,300,109.09,400,109.12,400,109.14,1300,109.17,400,109.18,300,109.2,600,109.22,100,109.24,600
2026-01-16 09:36:03,108.97,109.0,1,108.89,300,109.05,400,109.05,108.89,108.89,300,108.88,300,,,,,,,,,,,,,,,,,109.05,400,109.07,600,109.08,300,109.09,400,109.12,400,109.14,1300,109.17,400,109.18,300,109.2,600,109.22,100
2026-01-16 09:36:04,108.965,108.93,1,108.89,300,109.04,200,109.04,108.89,108.89,300,108.88,300,,,,,,,,,,,,,,,,,109.04,200,109.05,400,109.07,600,109.08,300,109.09,400,109.12,400,109.14,1300,109.17,400,109.18,300,109.2,600
2026-01-16 09:36:05,108.96,108.93,1,108.89,300,109.03,600,109.03,108.89,108.89,300,108.88,300,,,,,,,,,,,,,,,,,109.03,600,109.04,300,109.05,400,109.07,600,109.08,300,109.09,400,109.12,400,109.14,1300,109.17,400,109.18,300
2026-01-16 09:36:06,108.96,108.93,1,108.89,300,109.03,600,109.03,108.89,108.89,300,108.88,300,,,,,,,,,,,,,,,,,109.03,600,109.04,300,109.05,400,109.07,600,109.08,300,109.09,400,109.12,400,109.14,1300,109.17,400,109.18,300
2026-01-16 09:36:07,108.955,108.96,1,108.89,400,109.02,500,109.02,108.89,108.89,400,108.88,300,,,,,,,,,,,,,,,,,109.02,500,109.03,600,109.04,300,109.05,400,109.07,600,109.08,300,109.09,400,109.12,400,109.14,1300,109.17,400
2026-01-16 09:36:08,108.955,108.96,1,108.89,600,109.02,1000,109.02,108.89,108.89,600,108.88,300,,,,,,,,,,,,,,,,,109.02,1000,109.03,600,109.04,300,109.05,400,109.07,600,109.08,300,109.09,400,109.12,400,109.14,1300,109.17,400
2026-01-16 09:36:09,108.955,108.95,1,108.89,600,109.02,1000,109.02,108.89,108.89,600,108.88,300,,,,,,,,,,,,,,,,,109.02,1000,109.03,600,109.04,300,109.05,400,109.07,600,109.08,300,109.09,400,109.12,400,109.14,1300,109.17,400
2026-01-16 09:36:10,108.955,108.93,1,108.89,600,109.02,1000,109.02,108.89,108.89,600,108.88,300,,,,,,,,,,,,,,,,,109.02,1000,109.03,600,109.04,300,109.05,400,109.07,600,109.08,300,109.09,400,109.12,400,109.14,1300,109.17,400
2026-01-16 09:36:11,108.955,108.93,1,108.89,600,109.02,1000,109.02,108.89,108.89,600,108.88,300,,,,,,,,,,,,,,,,,109.02,1000,109.03,600,109.04,300,109.05,400,109.07,600,109.08,300,109.09,400,109.12,400,109.14,1300,109.17,400
2026-01-16 09:36:12,108.95,108.9,1,108.89,700,109.01,500,109.01,108.89,108.89,700,108.88,300,,,,,,,,,,,,,,,,,109.01,500,109.02,1000,109.03,600,109.04,300,109.05,400,109.07,600,109.08,300,109.09,400,109.12,400,109.14,1300
2026-01-16 09:36:13,108.95,108.9,1,108.89,700,109.01,1000,109.01,108.89,108.89,700,108.88,300,,,,,,,,,,,,,,,,,109.01,1000,109.02,1000,109.03,600,109.04,300,109.05,400,109.07,600,109.08,300,109.09,400,109.12,400,109.14,1300
2026-01-16 09:36:14,108.95,108.9,1,108.89,700,109.01,1000,109.01,108.89,108.89,700,108.88,300,,,,,,,,,,,,,,,,,109.01,1000,109.02,1000,109.03,600,109.04,300,109.05,400,109.07,600,109.08,300,109.09,400,109.12,400,109.14,1300
2026-01-16 09:36:15,108.95,108.9,1,108.89,700,109.01,1000,109.01,108.89,108.89,700,108.88,300,,,,,,,,,,,,,,,,,109.01,1000,109.02,1000,109.03,600,109.04,300,109.05,400,109.07,600,109.08,300,109.09,400,109.12,400,109.14,1300
2026-01-16 09:36:16,108.95,108.9,1,108.89,700,109.01,1000,109.01,108.89,108.89,700,108.88,300,,,,,,,,,,,,,,,,,109.01,1000,109.02,1000,109.03,600,109.04,300,109.05,400,109.07,600,109.08,300,109.09,400,109.12,400,109.14,1300
2026-01-16 09:36:17,108.95,108.9,1,108.89,700,109.01,1000,109.01,108.89,108.89,700,108.88,300,,,,,,,,,,,,,,,,,109.01,1000,109.02,1000,109.03,600,109.04,300,109.05,400,109.07,600,109.08,300,109.09,400,109.12,400,109.14,1300
2026-01-16 09:36:18,108.95,108.9,1,108.89,700,109.01,1000,109.01,108.89,108.89,700,108.88,300,,,,,,,,,,,,,,,,,109.01,1000,109.02,1000,109.03,600,109.04,300,109.05,400,109.07,600,109.08,300,109.09,400,109.12,400,109.14,1300
2026-01-16 09:36:19,108.95,108.9,1,108.89,700,109.01,1000,109.01,108.89,108.89,700,108.88,300,,,,,,,,,,,,,,,,,109.01,1000,109.02,1000,109.03,600,109.04,300,109.05,400,109.07,600,109.08,300,109.09,400,109.12,400,109.14,1300
2026-01-16 09:36:20,108.95,108.9,1,108.89,700,109.01,1000,109.01,108.89,108.89,700,108.88,300,,,,,,,,,,,,,,,,,109.01,1000,109.02,1000,109.03,600,109.04,300,109.05,400,109.07,600,109.08,300,109.09,400,109.12,400,109.14,1300
2026-01-16 09:36:21,108.95,108.9,1,108.89,700,109.01,1000,109.01,108.89,108.89,700,108.88,300,,,,,,,,,,,,,,,,,109.01,1000,109.02,1000,109.03,600,109.04,300,109.05,400,109.07,600,109.08,300,109.09,400,109.12,400,109.14,1300
2026-01-16 09:36:22,108.95,108.9,1,108.89,700,109.01,1000,109.01,108.89,108.89,700,108.88,300,,,,,,,,,,,,,,,,,109.01,1000,109.02,1000,109.03,600,109.04,300,109.05,400,109.07,600,109.08,300,109.09,400,109.12,400,109.14,1300
2026-01-16 09:36:23,108.89,108.89,4,108.86,100,108.92,400,108.92,108.86,108.86,100,,,,,,,,,,,,,,,,,,,108.92,400,108.94,100,108.96,100,109.0,100,109.01,1000,109.02,1000,109.03,600,109.04,300,109.05,400,109.07,600
2026-01-16 09:36:25,108.925,108.92,1,108.9,200,108.95,300,108.95,108.9,108.9,200,108.89,100,108.88,100,108.86,200,,,,,,,,,,,,,108.95,300,108.96,100,109.0,100,109.01,1000,109.02,1000,109.03,600,109.04,300,109.05,400,109.07,600,109.08,300
2026-01-16 09:36:26,108.93,108.92,1,108.91,200,108.95,300,108.95,108.91,108.91,200,108.9,200,108.89,100,108.88,100,108.86,200,,,,,,,,,,,108.95,300,108.96,100,109.0,100,109.01,1000,109.02,1000,109.03,600,109.04,300,109.05,400,109.07,600,109.08,300
2026-01-16 09:36:27,108.93,108.92,1,108.91,200,108.95,500,108.95,108.91,108.91,200,108.9,200,108.89,100,108.88,100,108.86,200,,,,,,,,,,,108.95,500,108.96,100,109.0,100,109.01,1000,109.02,1000,109.03,600,109.04,300,109.05,400,109.07,600,109.08,300
2026-01-16 09:36:28,108.965,108.95,1,108.92,400,109.01,1000,109.01,108.92,108.92,400,108.91,200,108.9,200,108.89,100,108.88,100,108.86,200,,,,,,,,,109.01,1000,109.02,1000,109.03,600,109.04,300,109.05,400,109.07,600,109.08,300,109.09,400,109.12,400,109.14,1300
2026-01-16 09:36:29,108.965,108.95,1,108.92,300,109.01,1000,109.01,108.92,108.92,300,108.91,200,108.9,200,108.89,100,108.88,100,108.86,200,,,,,,,,,109.01,1000,109.02,1000,109.03,600,109.04,300,109.05,400,109.07,600,109.08,300,109.09,400,109.12,400,109.14,1300
2026-01-16 09:36:30,108.965,108.97,1,108.92,300,109.01,1000,109.01,108.92,108.92,300,108.91,200,108.9,200,108.89,100,108.88,100,108.86,200,,,,,,,,,109.01,1000,109.02,1000,109.03,600,109.04,300,109.05,400,109.07,600,109.08,300,109.09,400,109.12,400,109.14,1300
2026-01-16 09:36:31,108.965,108.97,1,108.92,500,109.01,1000,109.01,108.92,108.92,500,108.91,200,108.9,200,108.89,100,108.88,100,108.86,200,,,,,,,,,109.01,1000,109.02,1000,109.03,600,109.04,300,109.05,400,109.07,600,109.08,300,109.09,400,109.12,400,109.14,1300
2026-01-16 09:36:32,108.965,108.97,1,108.92,500,109.01,1000,109.01,108.92,108.92,500,108.91,200,108.9,200,108.89,100,108.88,100,108.86,200,,,,,,,,,109.01,1000,109.02,1000,109.03,600,109.04,300,109.05,400,109.07,600,109.08,300,109.09,400,109.12,400,109.14,1300
2026-01-16 09:36:33,108.965,108.97,1,108.92,500,109.01,1000,109.01,108.92,108.92,500,108.91,200,108.9,200,108.89,100,108.88,100,108.86,200,,,,,,,,,109.01,1000,109.02,1000,109.03,600,109.04,300,109.05,400,109.07,600,109.08,300,109.09,400,109.12,400,109.14,1300
2026-01-16 09:36:34,109.04,109.02,1,109.01,300,109.07,700,109.07,109.01,109.01,300,109.0,100,108.98,100,108.97,400,108.94,100,108.93,100,108.92,700,108.91,200,108.9,200,108.89,100,109.07,700,109.08,300,109.09,400,109.12,400,109.14,1300,109.17,400,109.18,300,109.2,600,109.22,100,109.24,600
2026-01-16 09:36:35,109.01,109.01,1,109.0,300,109.02,200,109.02,109.0,109.0,300,108.98,100,108.97,400,108.94,100,108.93,100,108.92,700,108.91,200,108.9,200,108.89,100,108.88,100,109.02,200,109.03,100,109.05,100,109.06,300,109.07,700,109.08,300,109.09,400,109.12,400,109.14,1300,109.17,400
2026-01-16 09:36:36,108.97,108.97,2,108.93,500,109.01,500,109.01,108.93,108.93,500,108.92,700,108.91,200,108.9,200,108.89,100,108.88,100,108.86,200,,,,,,,109.01,500,109.02,200,109.04,200,109.05,300,109.06,400,109.07,700,109.08,300,109.09,400,109.12,400,109.14,1300
2026-01-16 09:36:37,109.22,109.18,1,109.18,300,109.26,500,109.26,109.18,109.18,300,109.17,300,109.16,100,109.15,100,109.13,400,109.12,300,109.11,100,109.1,100,109.09,100,109.08,100,109.26,500,109.28,400,109.32,400,109.33,900,109.34,800,109.38,100,109.39,100,109.4,200,109.41,200,109.44,100
2026-01-16 09:36:38,109.215,109.2,1,109.17,400,109.26,400,109.26,109.17,109.17,400,109.16,100,109.15,100,109.13,400,109.12,300,109.11,100,109.1,100,109.09,100,109.08,100,109.07,100,109.26,400,109.28,400,109.32,400,109.33,900,109.34,800,109.38,100,109.39,100,109.4,200,109.41,200,109.44,100
2026-01-16 09:36:39,109.22,109.25,1,109.18,200,109.26,400,109.26,109.18,109.18,200,109.17,400,109.16,100,109.15,100,109.13,400,109.12,300,109.11,100,109.1,100,109.09,100,109.08,100,109.26,400,109.28,400,109.32,400,109.33,900,109.34,800,109.38,100,109.39,100,109.4,200,109.41,200,109.44,100
2026-01-16 09:36:40,109.22,109.22,2,109.18,200,109.26,400,109.26,109.18,109.18,200,109.17,400,109.16,100,109.15,100,109.13,400,109.12,300,109.11,100,109.1,100,109.09,100,109.08,100,109.26,400,109.28,400,109.32,400,109.33,900,109.34,800,109.38,100,109.39,100,109.4,200,109.41,200,109.44,100
2026-01-16 09:36:41,109.24,109.24,2,109.19,600,109.29,400,109.29,109.19,109.19,600,109.18,200,109.17,400,109.16,100,109.15,100,109.13,400,109.12,300,109.11,100,109.1,100,109.09,100,109.29,400,109.32,400,109.33,900,109.34,800,109.38,100,109.39,100,109.4,200,109.41,200,109.44,100,109.47,500
2026-01-16 09:36:42,109.24,109.24,2,109.19,600,109.29,400,109.29,109.19,109.19,600,109.18,200,109.17,400,109.16,100,109.15,100,109.13,400,109.12,300,109.11,100,109.1,100,109.09,100,109.29,400,109.32,400,109.33,900,109.34,800,109.38,100,109.39,100,109.4,200,109.41,200,109.44,100,109.47,500
2026-01-16 09:36:43,109.24,109.24,4,109.19,600,109.29,400,109.29,109.19,109.19,600,109.18,200,109.17,400,109.16,100,109.15,100,109.13,400,109.12,300,109.11,100,109.1,100,109.09,100,109.29,400,109.32,400,109.33,900,109.34,800,109.38,100,109.39,100,109.4,200,109.41,200,109.44,100,109.47,500
2026-01-16 09:36:44,109.245,109.25,2,109.2,400,109.29,800,109.29,109.2,109.2,400,109.19,1000,109.18,200,109.17,400,109.16,100,109.15,100,109.13,400,109.12,300,109.11,100,109.1,100,109.29,800,109.32,400,109.33,900,109.34,800,109.38,100,109.39,100,109.4,200,109.41,200,109.44,100,109.47,500
2026-01-16 09:36:45,109.245,109.25,8,109.2,400,109.29,800,109.29,109.2,109.2,400,109.19,1000,109.18,200,109.17,400,109.16,100,109.15,100,109.13,400,109.12,300,109.11,100,109.1,100,109.29,800,109.32,400,109.33,900,109.34,800,109.38,100,109.39,100,109.4,200,109.41,200,109.44,100,109.47,500
2026-01-16 09:36:46,109.25,109.25,8,109.21,200,109.29,800,109.29,109.21,109.21,200,109.2,400,109.19,1000,109.18,200,109.17,400,109.16,100,109.15,100,109.13,400,109.12,300,109.11,100,109.29,800,109.32,400,109.33,900,109.34,800,109.38,100,109.39,100,109.4,200,109.41,200,109.44,100,109.47,500
2026-01-16 09:36:47,109.265,109.25,8,109.24,300,109.29,800,109.29,109.24,109.24,300,109.21,200,109.2,400,109.19,1000,109.18,200,109.17,400,109.16,100,109.15,100,109.13,400,109.12,300,109.29,800,109.32,400,109.33,900,109.34,800,109.38,100,109.39,100,109.4,200,109.41,200,109.44,100,109.47,500
2026-01-16 09:36:48,109.265,109.25,8,109.24,600,109.29,800,109.29,109.24,109.24,600,109.21,200,109.2,400,109.19,1000,109.18,200,109.17,400,109.16,100,109.15,100,109.13,400,109.12,300,109.29,800,109.32,400,109.33,900,109.34,800,109.38,100,109.39,100,109.4,200,109.41,200,109.44,100,109.47,500
2026-01-16 09:36:49,109.305,109.32,1,109.28,400,109.33,1000,109.33,109.28,109.28,400,109.27,300,109.25,200,109.24,700,109.21,200,109.2,400,109.19,1000,109.18,200,109.17,400,109.16,100,109.33,1000,109.34,800,109.38,100,109.39,100,109.4,200,109.41,200,109.44,100,109.47,500,109.48,200,109.51,100
2026-01-16 09:36:50,109.235,109.24,2,109.2,700,109.27,300,109.27,109.2,109.2,700,109.19,1000,109.18,200,109.17,400,109.16,100,109.15,100,109.13,400,109.12,300,109.11,100,109.1,100,109.27,300,109.28,400,109.3,300,109.33,1000,109.34,800,109.38,100,109.39,100,109.4,200,109.41,200,109.44,100
2026-01-16 09:36:51,109.24,109.22,1,109.21,100,109.27,300,109.27,109.21,109.21,100,109.2,700,109.19,1000,109.18,200,109.17,400,109.16,100,109.15,100,109.13,400,109.12,300,109.11,100,109.27,300,109.28,400,109.3,300,109.33,1000,109.34,800,109.38,100,109.39,100,109.4,200,109.41,200,109.44,100
2026-01-16 09:36:52,109.27,109.27,1,109.24,200,109.3,400,109.3,109.24,109.24,200,109.23,100,109.22,300,109.21,400,109.2,700,109.19,1000,109.18,200,109.17,400,109.16,100,109.15,100,109.3,400,109.33,1000,109.34,800,109.38,100,109.39,100,109.4,200,109.41,200,109.44,100,109.47,500,109.48,200
2026-01-16 09:36:53,109.27,109.27,1,109.24,300,109.3,400,109.3,109.24,109.24,300,109.23,100,109.22,300,109.21,400,109.2,700,109.19,1000,109.18,200,109.17,400,109.16,100,109.15,100,109.3,400,109.33,1000,109.34,800,109.38,100,109.39,100,109.4,200,109.41,200,109.44,100,109.47,500,109.48,200
2026-01-16 09:36:54,109.27,109.27,1,109.24,200,109.3,400,109.3,109.24,109.24,200,109.23,100,109.22,300,109.21,400,109.2,700,109.19,1000,109.18,200,109.17,400,109.16,100,109.15,100,109.3,400,109.33,1000,109.34,800,109.38,100,109.39,100,109.4,200,109.41,200,109.44,100,109.47,500,109.48,200
2026-01-16 09:36:55,109.27,109.27,1,109.24,200,109.3,400,109.3,109.24,109.24,200,109.23,100,109.22,300,109.21,400,109.2,700,109.19,1000,109.18,200,109.17,400,109.16,100,109.15,100,109.3,400,109.33,1000,109.34,800,109.38,100,109.39,100,109.4,200,109.41,200,109.44,100,109.47,500,109.48,200
2026-01-16 09:36:56,109.27,109.27,1,109.24,300,109.3,400,109.3,109.24,109.24,300,109.23,100,109.22,300,109.21,400,109.2,700,109.19,1000,109.18,200,109.17,400,109.16,100,109.15,100,109.3,400,109.33,1000,109.34,800,109.38,100,109.39,100,109.4,200,109.41,200,109.44,100,109.47,500,109.48,200
2026-01-16 09:36:57,109.27,109.27,1,109.24,300,109.3,400,109.3,109.24,109.24,300,109.23,100,109.22,300,109.21,400,109.2,700,109.19,1000,109.18,200,109.17,400,109.16,100,109.15,100,109.3,400,109.33,1000,109.34,800,109.38,100,109.39,100,109.4,200,109.41,200,109.44,100,109.47,500,109.48,200
2026-01-16 09:36:58,109.27,109.27,1,109.24,700,109.3,400,109.3,109.24,109.24,700,109.23,100,109.22,300,109.21,400,109.2,700,109.19,1000,109.18,200,109.17,400,109.16,100,109.15,100,109.3,400,109.33,1000,109.34,800,109.38,100,109.39,100,109.4,200,109.41,200,109.44,100,109.47,500,109.48,200
2026-01-16 09:36:59,109.27,109.27,1,109.24,700,109.3,600,109.3,109.24,109.24,700,109.23,100,109.22,300,109.21,400,109.2,700,109.19,1000,109.18,200,109.17,400,109.16,100,109.15,100,109.3,600,109.33,1000,109.34,800,109.38,100,109.39,100,109.4,200,109.41,200,109.44,100,109.47,500,109.48,200
2026-01-16 09:37:00,109.24,109.24,1,109.21,300,109.27,500,109.27,109.21,109.21,300,109.2,700,109.19,1000,109.18,200,109.17,400,109.16,100,109.15,100,109.13,400,109.12,300,109.11,100,109.27,500,109.29,200,109.3,600,109.33,1000,109.34,800,109.38,100,109.39,100,109.4,200,109.41,200,109.44,100
2026-01-16 09:37:01,109.24,109.23,3,109.21,300,109.27,800,109.27,109.21,109.21,300,109.2,700,109.19,1000,109.18,200,109.17,400,109.16,100,109.15,100,109.13,400,109.12,300,109.11,100,109.27,800,109.29,200,109.3,600,109.33,1000,109.34,800,109.38,100,109.39,100,109.4,200,109.41,200,109.44,100
2026-01-16 09:37:02,109.24,109.23,3,109.21,300,109.27,800,109.27,109.21,109.21,300,109.2,700,109.19,1000,109.18,200,109.17,400,109.16,100,109.15,100,109.13,400,109.12,300,109.11,100,109.27,800,109.29,200,109.3,600,109.33,1000,109.34,800,109.38,100,109.39,100,109.4,200,109.41,200,109.44,100
2026-01-16 09:37:03,109.235,109.22,1,109.21,300,109.26,200,109.26,109.21,109.21,300,109.2,700,109.19,1000,109.18,200,109.17,400,109.16,100,109.15,100,109.13,400,109.12,300,109.11,100,109.26,200,109.27,800,109.29,200,109.3,600,109.33,1000,109.34,800,109.38,100,109.39,100,109.4,200,109.41,200
2026-01-16 09:37:04,109.235,109.22,1,109.21,300,109.26,300,109.26,109.21,109.21,300,109.2,700,109.19,1000,109.18,200,109.17,400,109.16,100,109.15,100,109.13,400,109.12,300,109.11,100,109.26,300,109.27,800,109.29,200,109.3,600,109.33,1000,109.34,800,109.38,100,109.39,100,109.4,200,109.41,200
2026-01-16 09:37:05,109.2,109.21,1,109.17,600,109.23,400,109.23,109.17,109.17,600,109.16,100,109.15,100,109.13,400,109.12,300,109.11,100,109.1,100,109.09,100,109.08,100,109.07,100,109.23,400,109.25,600,109.26,600,109.27,800,109.29,200,109.3,600,109.33,1000,109.34,800,109.38,100,109.39,100
2026-01-16 09:37:06,109.2,109.21,1,109.18,100,109.22,300,109.22,109.18,109.18,100,109.17,600,109.16,100,109.15,100,109.13,400,109.12,300,109.11,100,109.1,100,109.09,100,109.08,100,109.22,300,109.23,400,109.25,600,109.26,600,109.27,800,109.29,200,109.3,600,109.33,1000,109.34,800,109.38,100
2026-01-16 09:37:07,109.2,109.18,6,109.18,400,109.22,300,109.22,109.18,109.18,400,109.17,600,109.16,100,109.15,100,109.13,400,109.12,300,109.11,100,109.1,100,109.09,100,109.08,100,109.22,300,109.23,400,109.25,600,109.26,600,109.27,800,109.29,200,109.3,600,109.33,1000,109.34,800,109.38,100
2026-01-16 09:37:08,109.195,109.19,1,109.18,400,109.21,100,109.21,109.18,109.18,400,109.17,600,109.16,100,109.15,100,109.13,400,109.12,300,109.11,100,109.1,100,109.09,100,109.08,100,109.21,100,109.22,600,109.23,400,109.25,600,109.26,600,109.27,800,109.29,200,109.3,600,109.33,1000,109.34,800
2026-01-16 09:37:09,109.195,109.19,1,109.18,500,109.21,500,109.21,109.18,109.18,500,109.17,600,109.16,100,109.15,100,109.13,400,109.12,300,109.11,100,109.1,100,109.09,100,109.08,100,109.21,500,109.22,600,109.23,400,109.25,600,109.26,600,109.27,800,109.29,200,109.3,600,109.33,1000,109.34,800
2026-01-16 09:37:10,109.265,109.27,1,109.23,300,109.3,800,109.3,109.23,109.23,300,109.22,300,109.21,500,109.2,200,109.18,500,109.17,600,109.16,100,109.15,100,109.13,400,109.12,300,109.3,800,109.33,1000,109.34,800,109.38,100,109.39,100,109.4,200,109.41,200,109.44,100,109.47,500,109.48,200
2026-01-16 09:37:11,109.265,109.27,1,109.23,500,109.3,800,109.3,109.23,109.23,500,109.22,300,109.21,500,109.2,200,109.18,500,109.17,600,109.16,100,109.15,100,109.13,400,109.12,300,109.3,800,109.33,1000,109.34,800,109.38,100,109.39,100,109.4,200,109.41,200,109.44,100,109.47,500,109.48,200
2026-01-16 09:37:12,109.265,109.27,1,109.23,500,109.3,800,109.3,109.23,109.23,500,109.22,300,109.21,500,109.2,200,109.18,500,109.17,600,109.16,100,109.15,100,109.13,400,109.12,300,109.3,800,109.33,1000,109.34,800,109.38,100,109.39,100,109.4,200,109.41,200,109.44,100,109.47,500,109.48,200
2026-01-16 09:37:13,109.215,109.22,1,109.18,600,109.25,300,109.25,109.18,109.18,600,109.17,600,109.16,100,109.15,100,109.13,400,109.12,300,109.11,100,109.1,100,109.09,100,109.08,100,109.25,300,109.27,100,109.29,300,109.3,800,109.33,1000,109.34,800,109.38,100,109.39,100,109.4,200,109.41,200
2026-01-16 09:37:14,109.24,109.24,4,109.19,400,109.29,200,109.29,109.19,109.19,400,109.18,700,109.17,600,109.16,100,109.15,100,109.13,400,109.12,300,109.11,100,109.1,100,109.09,100,109.29,200,109.3,800,109.33,1000,109.34,800,109.38,100,109.39,100,109.4,200,109.41,200,109.44,100,109.47,500
2026-01-16 09:37:15,109.24,109.24,2,109.19,400,109.29,200,109.29,109.19,109.19,400,109.18,700,109.17,600,109.16,100,109.15,100,109.13,400,109.12,300,109.11,100,109.1,100,109.09,100,109.29,200,109.3,800,109.33,1000,109.34,800,109.38,100,109.39,100,109.4,200,109.41,200,109.44,100,109.47,500
2026-01-16 09:37:16,109.24,109.21,2,109.19,400,109.29,300,109.29,109.19,109.19,400,109.18,700,109.17,600,109.16,100,109.15,100,109.13,400,109.12,300,109.11,100,109.1,100,109.09,100,109.29,300,109.3,800,109.33,1000,109.34,800,109.38,100,109.39,100,109.4,200,109.41,200,109.44,100,109.47,500
2026-01-16 09:37:17,109.06,109.07,1,109.01,400,109.11,700,109.11,109.01,109.01,400,108.99,100,108.98,100,108.97,400,108.96,100,108.95,400,108.94,300,108.93,400,108.92,700,108.91,200,109.11,700,109.12,600,109.14,300,109.15,200,109.16,100,109.17,200,109.18,100,109.19,200,109.2,100,109.21,100
2026-01-16 09:37:18,109.135,109.06,2,109.1,300,109.17,300,109.17,109.1,109.1,300,109.07,400,109.05,100,109.04,100,109.03,300,109.01,400,108.99,100,108.98,100,108.97,400,108.96,100,109.17,300,109.19,300,109.2,100,109.21,100,109.22,100,109.23,100,109.24,200,109.27,100,109.28,300,109.29,300
2026-01-16 09:37:19,109.11,109.1,1,109.05,500,109.17,300,109.17,109.05,109.05,500,109.04,100,109.03,300,109.01,400,108.99,100,108.98,100,108.97,400,108.96,100,108.95,400,108.94,300,109.17,300,109.19,300,109.2,100,109.21,100,109.22,100,109.23,100,109.24,200,109.27,100,109.28,300,109.29,300
2026-01-16 09:37:20,109.11,109.1,1,109.05,500,109.17,300,109.17,109.05,109.05,500,109.04,100,109.03,300,109.01,400,108.99,100,108.98,100,108.97,400,108.96,100,108.95,400,108.94,300,109.17,300,109.19,300,109.2,100,109.21,100,109.22,100,109.23,100,109.24,200,109.27,100,109.28,300,109.29,300
2026-01-16 09:37:21,109.11,109.1,1,109.05,500,109.17,300,109.17,109.05,109.05,500,109.04,100,109.03,300,109.01,400,108.99,100,108.98,100,108.97,400,108.96,100,108.95,400,108.94,300,109.17,300,109.19,300,109.2,100,109.21,100,109.22,100,109.23,100,109.24,200,109.27,100,109.28,300,109.29,300
2026-01-16 09:37:22,109.055,109.1,1,108.97,300,109.14,600,109.14,108.97,108.97,300,108.96,100,108.95,400,108.94,300,108.93,400,108.92,700,108.91,200,108.9,200,108.89,100,108.88,100,109.14,600,109.16,200,109.17,300,109.19,300,109.2,100,109.21,100,109.22,100,109.23,100,109.24,200,109.27,100
2026-01-16 09:37:23,109.045,109.1,1,108.95,600,109.14,600,109.14,108.95,108.95,600,108.94,300,108.93,400,108.92,700,108.91,200,108.9,200,108.89,100,108.88,100,108.86,200,,,109.14,600,109.16,200,109.17,300,109.19,300,109.2,100,109.21,100,109.22,100,109.23,100,109.24,200,109.27,100
2026-01-16 09:37:24,109.04,109.1,1,108.95,400,109.13,300,109.13,108.95,108.95,400,108.94,300,108.93,400,108.92,700,108.91,200,108.9,200,108.89,100,108.88,100,108.86,200,,,109.13,300,109.14,600,109.16,200,109.17,300,109.19,300,109.2,100,109.21,100,109.22,100,109.23,100,109.24,200
2026-01-16 09:37:25,109.04,109.1,1,108.95,400,109.13,500,109.13,108.95,108.95,400,108.94,300,108.93,400,108.92,700,108.91,200,108.9,200,108.89,100,108.88,100,108.86,200,,,109.13,500,109.14,600,109.16,200,109.17,300,109.19,300,109.2,100,109.21,100,109.22,100,109.23,100,109.24,200
2026-01-16 09:37:26,109.01,109.1,1,108.92,800,109.1,500,109.1,108.92,108.92,800,108.91,200,108.9,200,108.89,100,108.88,100,108.86,200,,,,,,,,,109.1,500,109.11,100,109.12,100,109.13,500,109.14,600,109.16,200,109.17,300,109.19,300,109.2,100,109.21,100
