sim_time,mid_price,last_price,last_size,best_bid_price,best_bid_size,best_ask_price,best_ask_size,close_price_buy,close_price_sell,bid1_price,bid1_size,bid2_price,bid2_size,bid3_price,bid3_size,bid4_price,bid4_size,bid5_price,bid5_size,bid6_price,bid6_size,bid7_price,bid7_size,bid8_price,bid8_size,bid9_price,bid9_size,bid10_price,bid10_size,ask1_price,ask1_size,ask2_price,ask2_size,ask3_price,ask3_size,ask4_price,ask4_size,ask5_price,ask5_size,ask6_price,ask6_size,ask7_price,ask7_size,ask8_price,ask8_size,ask9_price,ask9_size,ask10_price,ask10_size
2026-01-16 09:30:36,457.72,457.71,1,457.66,120,457.78,280,457.78,457.66,457.66,120,457.65,80,457.64,200,457.2,200,,,,,,,,,,,,,457.78,280,457.8,40,457.82,40,457.88,160,457.9,120,458.0,240,,,,,,,,
2026-01-16 09:30:37,457.495,457.53,1,457.4,1640,457.59,120,457.59,457.4,457.4,1640,457.39,160,457.31,200,457.29,80,457.28,200,457.27,120,457.2,80,457.19,200,457.18,200,457.17,80,457.59,120,457.6,280,457.65,80,457.67,40,457.68,120,457.69,80,457.71,160,457.84,80,457.86,80,457.92,120
2026-01-16 09:30:38,457.49,457.53,1,457.4,1600,457.58,200,457.58,457.4,457.4,1600,457.39,160,457.31,200,457.29,80,457.28,200,457.27,120,457.2,80,457.19,200,457.18,200,457.17,80,457.58,200,457.59,120,457.6,280,457.65,80,457.67,40,457.68,120,457.69,80,457.71,160,457.84,80,457.86,80
2026-01-16 09:30:38,457.39,457.41,1,457.29,80,457.49,160,457.49,457.29,457.29,80,457.28,120,457.27,120,457.2,80,457.19,200,457.18,200,457.17,80,457.11,80,457.1,1400,,,457.49,160,457.58,200,457.59,120,457.6,280,457.65,80,457.67,40,457.68,120,457.69,80,457.71,160,457.84,80
2026-01-16 09:30:39,457.39,457.39,1,457.29,80,457.49,40,457.49,457.29,457.29,80,457.28,120,457.27,120,457.2,80,457.19,200,457.18,200,457.17,80,457.11,80,457.1,1400,,,457.49,40,457.5,80,457.54,40,457.58,200,457.59,120,457.6,280,457.65,80,457.67,40,457.68,120,457.69,80
2026-01-16 09:30:39,457.39,457.39,1,457.29,120,457.49,120,457.49,457.29,457.29,120,457.28,120,457.27,120,457.2,80,457.19,200,457.18,200,457.17,80,457.11,80,457.1,1400,,,457.49,120,457.5,80,457.54,40,457.58,200,457.59,120,457.6,280,457.65,80,457.67,40,457.68,120,457.69,80
2026-01-16 09:30:41,457.28,457.18,6,457.18,80,457.38,80,457.38,457.18,457.18,80,457.17,80,457.16,160,457.11,80,457.1,1400,,,,,,,,,,,457.38,80,457.39,120,457.43,120,457.44,80,457.45,200,457.49,160,457.5,80,457.54,40,457.58,200,457.59,120
2026-01-16 09:30:43,457.265,457.38,1,457.17,120,457.36,200,457.36,457.17,457.17,120,457.16,160,457.11,80,457.1,1400,,,,,,,,,,,,,457.36,200,457.37,160,457.38,240,457.39,120,457.43,120,457.44,80,457.45,200,457.49,160,457.5,80,457.54,40
2026-01-16 09:30:44,457.17,457.11,1,457.1,200,457.24,80,457.24,457.1,457.1,200,,,,,,,,,,,,,,,,,,,457.24,80,457.27,120,457.35,120,457.36,200,457.37,160,457.38,240,457.39,120,457.43,120,457.44,80,457.45,200
2026-01-16 09:30:45,457.005,457.0,3,456.92,160,457.09,40,457.09,456.92,456.92,160,,,,,,,,,,,,,,,,,,,457.09,40,457.11,120,457.15,80,457.16,160,457.23,40,457.24,240,457.27,120,457.35,120,457.36,200,457.37,160
2026-01-16 09:30:46,457.005,457.02,1,456.92,240,457.09,200,457.09,456.92,456.92,240,,,,,,,,,,,,,,,,,,,457.09,200,457.1,40,457.11,120,457.15,80,457.16,160,457.23,40,457.24,240,457.27,120,457.35,120,457.36,200
2026-01-16 09:30:47,456.975,456.98,1,456.9,200,457.05,120,457.05,456.9,456.9,200,,,,,,,,,,,,,,,,,,,457.05,120,457.07,40,457.08,120,457.09,320,457.1,40,457.11,120,457.15,80,457.16,160,457.23,40,457.24,240
2026-01-16 09:30:48,456.98,456.92,1,456.91,120,457.05,160,457.05,456.91,456.91,120,456.9,40,456.88,40,456.87,240,,,,,,,,,,,,,457.05,160,457.07,40,457.08,120,457.09,320,457.1,40,457.11,120,457.15,80,457.16,160,457.23,40,457.24,240
2026-01-16 09:30:49,457.19,457.11,1,457.05,40,457.33,160,457.33,457.05,457.05,40,457.04,80,457.03,80,456.98,40,456.97,80,456.92,80,456.91,160,456.9,40,456.88,40,456.87,240,457.33,160,457.35,120,457.36,200,457.37,160,457.38,240,457.39,120,457.43,120,457.44,80,457.45,200,457.49,160
2026-01-16 09:30:50,457.2,457.33,4,457.07,40,457.33,160,457.33,457.07,457.07,40,457.05,120,457.04,80,457.03,80,456.98,40,456.97,80,456.92,80,456.91,160,456.9,40,456.88,40,457.33,160,457.35,120,457.36,200,457.37,160,457.38,240,457.39,120,457.43,120,457.44,80,457.45,200,457.49,160
2026-01-16 09:30:51,457.205,457.33,4,457.08,40,457.33,200,457.33,457.08,457.08,40,457.07,80,457.05,120,457.04,80,457.03,80,456.98,40,456.97,80,456.92,80,456.91,160,456.9,40,457.33,200,457.35,120,457.36,200,457.37,160,457.38,240,457.39,120,457.43,120,457.44,80,457.45,200,457.49,160
2026-01-16 09:30:52,457.205,457.22,1,457.08,120,457.33,200,457.33,457.08,457.08,120,457.07,80,457.05,120,457.04,80,457.03,80,456.98,40,456.97,80,456.92,80,456.91,160,456.9,40,457.33,200,457.35,120,457.36,200,457.37,160,457.38,240,457.39,120,457.43,120,457.44,80,457.45,200,457.49,160
2026-01-16 09:30:53,457.175,457.09,1,457.07,80,457.28,120,457.28,457.07,457.07,80,457.05,120,457.04,80,457.03,80,456.98,40,456.97,80,456.92,80,456.91,160,456.9,40,456.88,40,457.28,120,457.32,80,457.33,280,457.35,120,457.36,200,457.37,160,457.38,240,457.39,120,457.43,120,457.44,80
2026-01-16 09:30:54,457.175,457.18,4,457.08,40,457.27,120,457.27,457.08,457.08,40,457.07,80,457.05,120,457.04,80,457.03,80,456.98,40,456.97,80,456.92,80,456.91,160,456.9,40,457.27,120,457.28,160,457.32,80,457.33,280,457.35,120,457.36,200,457.37,160,457.38,240,457.39,120,457.43,120
2026-01-16 09:30:55,457.28,457.28,1,457.18,40,457.38,40,457.38,457.18,457.18,40,457.17,200,457.09,80,457.07,80,457.05,120,457.04,80,457.03,80,456.98,40,456.97,80,456.92,80,457.38,40,457.39,120,457.43,120,457.44,80,457.45,200,457.49,160,457.5,80,457.54,40,457.58,200,457.59,120
2026-01-16 09:30:56,457.28,457.28,1,457.18,80,457.38,40,457.38,457.18,457.18,80,457.17,200,457.09,80,457.07,80,457.05,120,457.04,80,457.03,80,456.98,40,456.97,80,456.92,80,457.38,40,457.39,120,457.43,120,457.44,80,457.45,200,457.49,160,457.5,80,457.54,40,457.58,200,457.59,120
2026-01-16 09:30:57,457.25,457.38,1,457.12,40,457.38,120,457.38,457.12,457.12,40,457.09,80,457.07,80,457.05,120,457.04,80,457.03,80,456.98,40,456.97,80,456.92,80,456.91,160,457.38,120,457.39,120,457.43,120,457.44,80,457.45,200,457.49,160,457.5,80,457.54,40,457.58,200,457.59,120
2026-01-16 09:30:58,457.25,457.25,1,457.12,80,457.38,120,457.38,457.12,457.12,80,457.09,80,457.07,80,457.05,120,457.04,80,457.03,80,456.98,40,456.97,80,456.92,80,456.91,160,457.38,120,457.39,120,457.43,120,457.44,80,457.45,200,457.49,160,457.5,80,457.54,40,457.58,200,457.59,120
2026-01-16 09:30:59,457.26,457.15,1,457.14,40,457.38,240,457.38,457.14,457.14,40,457.13,40,457.12,80,457.09,80,457.07,80,457.05,120,457.04,80,457.03,80,456.98,40,456.97,80,457.38,240,457.39,120,457.43,120,457.44,80,457.45,200,457.49,160,457.5,80,457.54,40,457.58,200,457.59,120
2026-01-16 09:31:00,457.41,457.38,2,457.27,160,457.55,160,457.55,457.27,457.27,160,457.26,80,457.25,40,457.15,120,457.14,200,457.13,40,457.12,80,457.09,80,457.07,80,457.05,120,457.55,160,457.58,200,457.59,120,457.6,280,457.65,80,457.67,40,457.68,120,457.69,80,457.71,160,457.84,80
2026-01-16 09:31:01,457.335,457.32,20,457.23,40,457.44,200,457.44,457.23,457.23,40,457.22,40,457.15,120,457.14,200,457.13,40,457.12,80,457.09,80,457.07,80,457.05,120,457.04,80,457.44,200,457.55,120,457.58,200,457.59,120,457.6,280,457.65,80,457.67,40,457.68,120,457.69,80,457.71,160
2026-01-16 09:31:02,457.345,457.32,1,457.25,40,457.44,80,457.44,457.25,457.25,40,457.23,40,457.22,40,457.15,120,457.14,200,457.13,40,457.12,80,457.09,80,457.07,80,457.05,120,457.44,80,457.55,120,457.58,200,457.59,120,457.6,280,457.65,80,457.67,40,457.68,120,457.69,80,457.71,160
2026-01-16 09:31:03,457.345,457.26,3,457.25,40,457.44,80,457.44,457.25,457.25,40,457.23,40,457.22,40,457.15,120,457.14,200,457.13,40,457.12,80,457.09,80,457.07,80,457.05,120,457.44,80,457.55,120,457.58,200,457.59,120,457.6,280,457.65,80,457.67,40,457.68,120,457.69,80,457.71,160
2026-01-16 09:31:04,457.375,457.38,1,457.27,40,457.48,40,457.48,457.27,457.27,40,457.26,40,457.25,120,457.23,40,457.22,40,457.15,120,457.14,200,457.13,40,457.12,80,457.09,80,457.48,40,457.55,120,457.58,200,457.59,120,457.6,280,457.65,80,457.67,40,457.68,120,457.69,80,457.71,160
2026-01-16 09:31:05,457.375,457.38,1,457.27,120,457.48,40,457.48,457.27,457.27,120,457.26,40,457.25,120,457.23,40,457.22,40,457.15,120,457.14,200,457.13,40,457.12,80,457.09,80,457.48,40,457.55,120,457.58,200,457.59,120,457.6,280,457.65,80,457.67,40,457.68,120,457.69,80,457.71,160
2026-01-16 09:31:06,457.615,457.62,1,457.51,40,457.72,80,457.72,457.51,457.51,40,457.5,40,457.46,40,457.45,40,457.44,40,457.43,80,457.41,40,457.4,160,457.27,120,457.26,40,457.72,80,457.84,80,457.86,80,457.92,120,457.93,80,457.99,280,458.04,40,458.09,120,458.13,120,458.14,240
2026-01-16 09:31:07,457.475,457.41,4,457.35,480,457.6,40,457.6,457.35,457.35,480,457.33,120,457.27,120,457.26,40,457.25,120,457.23,40,457.22,40,457.15,120,457.14,200,457.13,40,457.6,40,457.61,320,457.68,120,457.69,40,457.72,320,457.84,80,457.86,80,457.92,120,457.93,80,457.99,280
2026-01-16 09:31:08,457.455,457.49,1,457.36,120,457.55,280,457.55,457.36,457.36,120,457.35,480,457.33,120,457.27,120,457.26,40,457.25,120,457.23,40,457.22,40,457.15,120,457.14,200,457.55,280,457.61,320,457.68,120,457.69,40,457.72,320,457.84,80,457.86,80,457.92,120,457.93,80,457.99,280
2026-01-16 09:31:09,457.455,457.49,1,457.36,360,457.55,240,457.55,457.36,457.36,360,457.35,480,457.33,120,457.27,120,457.26,40,457.25,120,457.23,40,457.22,40,457.15,120,457.14,200,457.55,240,457.61,320,457.68,120,457.69,40,457.72,320,457.84,80,457.86,80,457.92,120,457.93,80,457.99,280
2026-01-16 09:31:10,457.535,457.5,1,457.39,120,457.68,120,457.68,457.39,457.39,120,457.38,40,457.36,360,457.35,480,457.33,120,457.27,120,457.26,40,457.25,120,457.23,40,457.22,40,457.68,120,457.69,40,457.72,320,457.84,80,457.86,80,457.92,120,457.93,80,457.99,280,458.04,40,458.09,120
2026-01-16 09:31:11,457.535,457.5,1,457.39,120,457.68,240,457.68,457.39,457.39,120,457.38,40,457.36,360,457.35,480,457.33,120,457.27,120,457.26,40,457.25,120,457.23,40,457.22,40,457.68,240,457.69,40,457.72,320,457.84,80,457.86,80,457.92,120,457.93,80,457.99,280,458.04,40,458.09,120
2026-01-16 09:31:12,457.505,457.47,2,457.41,40,457.6,40,457.6,457.41,457.41,40,457.39,120,457.38,40,457.36,360,457.35,480,457.33,120,457.27,120,457.26,40,457.25,120,457.23,40,457.6,40,457.61,120,457.64,160,457.65,40,457.67,80,457.68,280,457.69,40,457.72,320,457.84,80,457.86,80
2026-01-16 09:31:13,457.515,457.47,1,457.41,40,457.62,40,457.62,457.41,457.41,40,457.39,120,457.38,40,457.36,360,457.35,480,457.33,120,457.27,120,457.26,40,457.25,120,457.23,40,457.62,40,457.64,160,457.65,40,457.67,80,457.68,280,457.69,40,457.72,320,457.84,80,457.86,80,457.92,120
2026-01-16 09:31:14,457.515,457.51,3,457.42,200,457.61,120,457.61,457.42,457.42,200,457.41,200,457.39,120,457.38,40,457.36,360,457.35,480,457.33,120,457.27,120,457.26,40,457.25,120,457.61,120,457.62,40,457.64,160,457.65,40,457.67,80,457.68,280,457.69,40,457.72,320,457.84,80,457.86,80
2026-01-16 09:31:15,457.515,457.52,1,457.42,240,457.61,120,457.61,457.42,457.42,240,457.41,200,457.39,120,457.38,40,457.36,360,457.35,480,457.33,120,457.27,120,457.26,40,457.25,120,457.61,120,457.62,40,457.64,160,457.65,40,457.67,80,457.68,280,457.69,40,457.72,320,457.84,80,457.86,80
2026-01-16 09:31:16,457.515,457.52,1,457.42,240,457.61,240,457.61,457.42,457.42,240,457.41,200,457.39,120,457.38,40,457.36,360,457.35,480,457.33,120,457.27,120,457.26,40,457.25,120,457.61,240,457.62,40,457.64,160,457.65,40,457.67,80,457.68,280,457.69,40,457.72,320,457.84,80,457.86,80
2026-01-16 09:31:17,457.515,457.52,1,457.42,240,457.61,280,457.61,457.42,457.42,240,457.41,200,457.39,120,457.38,40,457.36,360,457.35,480,457.33,120,457.27,120,457.26,40,457.25,120,457.61,280,457.62,40,457.64,160,457.65,40,457.67,80,457.68,280,457.69,40,457.72,320,457.84,80,457.86,80
2026-01-16 09:31:18,457.35,457.35,1,457.31,40,457.39,200,457.39,457.31,457.31,40,457.3,80,457.27,120,457.26,40,457.25,120,457.23,40,457.22,40,457.15,120,457.14,200,457.13,40,457.39,200,457.41,40,457.42,40,457.5,40,457.51,320,457.61,280,457.62,40,457.64,160,457.65,40,457.67,80
2026-01-16 09:31:19,457.35,457.35,1,457.31,40,457.39,200,457.39,457.31,457.31,40,457.3,80,457.27,120,457.26,40,457.25,120,457.23,40,457.22,40,457.15,120,457.14,200,457.13,40,457.39,200,457.41,40,457.42,40,457.5,40,457.51,320,457.61,280,457.62,40,457.64,160,457.65,40,457.67,80
2026-01-16 09:31:20,457.27,457.28,3,457.23,160,457.31,360,457.31,457.23,457.23,160,457.22,40,457.15,120,457.14,200,457.13,40,457.12,80,457.09,80,457.07,80,457.05,120,457.04,80,457.31,360,457.39,200,457.41,40,457.42,40,457.5,40,457.51,320,457.61,280,457.62,40,457.64,160,457.65,40
2026-01-16 09:31:21,457.41,457.3,1,457.31,80,457.51,120,457.51,457.31,457.31,80,457.25,40,457.2,120,457.13,120,457.12,80,457.09,80,457.07,80,457.05,120,457.04,80,457.03,80,457.51,120,457.61,280,457.62,40,457.64,160,457.65,40,457.67,80,457.68,280,457.69,40,457.72,320,457.84,80
2026-01-16 09:31:22,457.675,457.69,2,457.59,200,457.76,40,457.76,457.59,457.59,200,457.58,80,457.54,80,457.51,40,457.45,40,457.44,120,457.43,200,457.38,40,457.32,120,457.31,80,457.76,40,457.84,80,457.86,80,457.92,120,457.93,80,457.99,280,458.04,40,458.09,120,458.13,120,458.14,240
2026-01-16 09:31:23,457.735,457.74,1,457.67,40,457.8,480,457.8,457.67,457.67,40,457.66,40,457.59,200,457.58,80,457.54,80,457.51,40,457.45,40,457.44,120,457.43,200,457.38,40,457.8,480,457.84,80,457.86,80,457.92,120,457.93,80,457.99,280,458.04,40,458.09,120,458.13,120,458.14,240
2026-01-16 09:31:24,457.56,457.67,1,457.44,40,457.68,160,457.68,457.44,457.44,40,457.43,200,457.38,40,457.32,120,457.31,80,457.25,40,457.2,120,457.13,120,457.12,80,457.09,80,457.68,160,457.74,120,457.8,360,457.84,80,457.86,80,457.92,120,457.93,80,457.99,280,458.04,40,458.09,120
2026-01-16 09:31:25,457.56,457.67,1,457.44,40,457.68,160,457.68,457.44,457.44,40,457.43,200,457.38,40,457.32,120,457.31,80,457.25,40,457.2,120,457.13,120,457.12,80,457.09,80,457.68,160,457.74,120,457.8,360,457.84,80,457.86,80,457.92,120,457.93,80,457.99,280,458.04,40,458.09,120
2026-01-16 09:31:26,457.59,457.59,1,457.5,40,457.68,160,457.68,457.5,457.5,40,457.45,40,457.44,40,457.43,200,457.38,40,457.32,120,457.31,80,457.25,40,457.2,120,457.13,120,457.68,160,457.74,120,457.8,360,457.84,80,457.86,80,457.92,120,457.93,80,457.99,280,458.04,40,458.09,120
2026-01-16 09:31:27,457.595,457.6,1,457.51,80,457.68,240,457.68,457.51,457.51,80,457.5,400,457.45,40,457.44,40,457.43,200,457.38,40,457.32,120,457.31,80,457.25,40,457.2,120,457.68,240,457.74,120,457.8,360,457.84,80,457.86,80,457.92,120,457.93,80,457.99,280,458.04,40,458.09,120
2026-01-16 09:31:28,457.59,457.59,6,457.51,80,457.67,280,457.67,457.51,457.51,80,457.5,400,457.45,40,457.44,40,457.43,200,457.38,40,457.32,120,457.31,80,457.25,40,457.2,120,457.67,280,457.68,320,457.74,120,457.8,360,457.84,80,457.86,80,457.92,120,457.93,80,457.99,280,458.04,40
2026-01-16 09:31:29,457.44,457.44,1,457.39,40,457.49,160,457.49,457.39,457.39,40,457.33,80,457.32,120,457.31,80,457.25,40,457.2,120,457.13,120,457.12,80,457.09,80,457.07,80,457.49,160,457.5,80,457.57,160,457.58,200,457.59,120,457.66,40,457.67,280,457.68,320,457.74,120,457.8,360
2026-01-16 09:31:30,456.995,457.0,1,456.93,80,457.06,120,457.06,456.93,456.93,80,456.92,80,456.91,160,456.9,40,456.88,40,456.87,240,,,,,,,,,457.06,120,457.08,120,457.15,120,457.17,80,457.22,760,457.25,80,457.31,80,457.35,40,457.36,80,457.41,120
2026-01-16 09:31:31,457.025,457.01,1,456.97,40,457.08,440,457.08,456.97,456.97,40,456.93,80,456.92,80,456.91,160,456.9,40,456.88,40,456.87,240,,,,,,,457.08,440,457.09,80,457.14,40,457.15,80,457.17,80,457.22,760,457.25,80,457.31,80,457.35,40,457.36,80
2026-01-16 09:31:32,457.05,456.95,1,456.95,80,457.15,80,457.15,456.95,456.95,80,456.92,80,456.91,160,456.88,40,456.87,120,456.86,40,,,,,,,,,457.15,80,457.17,40,457.22,760,457.25,80,457.31,80,457.35,40,457.36,80,457.41,120,457.42,320,457.44,40
2026-01-16 09:31:33,457.13,456.95,1,456.96,40,457.3,160,457.3,456.96,456.96,40,456.95,120,456.92,80,456.91,160,456.88,40,456.87,120,456.86,40,,,,,,,457.3,160,457.31,80,457.35,40,457.36,80,457.41,120,457.42,320,457.44,40,457.45,80,457.49,160,457.5,80
2026-01-16 09:31:34,457.125,456.95,1,456.96,80,457.29,80,457.29,456.96,456.96,80,456.95,120,456.92,80,456.91,160,456.88,40,456.87,120,456.86,40,,,,,,,457.29,80,457.3,120,457.31,80,457.35,40,457.36,80,457.41,120,457.42,320,457.44,40,457.45,80,457.49,160
2026-01-16 09:31:35,457.13,456.95,1,456.97,80,457.29,80,457.29,456.97,456.97,80,456.96,80,456.95,120,456.92,80,456.91,160,456.88,40,456.87,120,456.86,40,,,,,457.29,80,457.3,80,457.31,80,457.35,40,457.36,80,457.41,120,457.42,320,457.44,40,457.45,80,457.49,160
2026-01-16 09:31:36,457.155,457.29,1,457.02,40,457.29,200,457.29,457.02,457.02,40,457.01,80,457.0,320,456.97,80,456.96,80,456.95,120,456.92,80,456.91,160,456.88,40,456.87,120,457.29,200,457.3,80,457.31,80,457.35,40,457.36,80,457.41,120,457.42,320,457.44,40,457.45,80,457.49,160
2026-01-16 09:31:37,456.93,457.0,1,456.86,40,457.0,80,457.0,456.86,456.86,40,456.85,120,,,,,,,,,,,,,,,,,457.0,80,457.1,40,457.11,80,457.16,200,457.2,80,457.25,40,457.28,240,457.29,240,457.3,80,457.31,80
2026-01-16 09:31:38,456.925,456.86,1,456.85,120,457.0,80,457.0,456.85,456.85,120,,,,,,,,,,,,,,,,,,,457.0,80,457.1,40,457.11,80,457.16,200,457.2,80,457.25,40,457.28,240,457.29,240,457.3,80,457.31,80
2026-01-16 09:31:39,456.895,456.9,10,456.8,120,456.99,120,456.99,456.8,456.8,120,,,,,,,,,,,,,,,,,,,456.99,120,457.0,160,457.1,40,457.11,80,457.16,200,457.2,80,457.25,40,457.28,240,457.29,240,457.3,80
2026-01-16 09:31:40,456.875,456.85,1,456.8,240,456.95,80,456.95,456.8,456.8,240,,,,,,,,,,,,,,,,,,,456.95,80,456.96,40,456.99,160,457.0,160,457.1,40,457.11,80,457.16,200,457.2,80,457.25,40,457.28,240
2026-01-16 09:31:41,456.89,456.85,1,456.8,80,456.98,120,456.98,456.8,456.8,80,,,,,,,,,,,,,,,,,,,456.98,120,456.99,200,457.0,160,457.1,40,457.11,80,457.16,200,457.2,80,457.25,40,457.28,240,457.29,240
2026-01-16 09:31:42,456.9,456.9,1,456.82,40,456.98,120,456.98,456.82,456.82,40,456.81,80,456.8,80,,,,,,,,,,,,,,,456.98,120,456.99,200,457.0,160,457.1,40,457.11,80,457.16,200,457.2,80,457.25,40,457.28,240,457.29,240
2026-01-16 09:31:43,456.9,456.95,1,456.82,40,456.98,80,456.98,456.82,456.82,40,456.81,80,456.8,80,,,,,,,,,,,,,,,456.98,80,456.99,200,457.0,160,457.1,40,457.11,80,457.16,200,457.2,80,457.25,40,457.28,240,457.29,240
2026-01-16 09:31:44,456.87,456.87,1,456.81,40,456.93,120,456.93,456.81,456.81,40,456.8,80,,,,,,,,,,,,,,,,,456.93,120,456.98,120,456.99,200,457.0,160,457.1,40,457.11,80,457.16,200,457.2,80,457.25,40,457.28,240
2026-01-16 09:31:45,456.88,456.87,2,456.81,40,456.95,160,456.95,456.81,456.81,40,456.8,80,,,,,,,,,,,,,,,,,456.95,160,456.97,120,456.98,120,456.99,200,457.0,160,457.1,40,457.11,80,457.16,200,457.2,80,457.25,40
2026-01-16 09:31:46,456.745,456.73,1,456.67,120,456.82,80,456.82,456.67,456.67,120,456.66,1560,,,,,,,,,,,,,,,,,456.82,80,456.84,80,456.85,80,456.93,280,456.95,320,456.97,120,456.98,120,456.99,200,457.0,160,457.1,40
2026-01-16 09:31:47,456.65,456.64,1,456.58,80,456.72,80,456.72,456.58,456.58,80,456.57,120,,,,,,,,,,,,,,,,,456.72,80,456.78,80,456.8,80,456.81,40,456.84,80,456.85,80,456.93,280,456.95,320,456.97,120,456.98,120
2026-01-16 09:31:48,456.635,456.58,1,456.57,120,456.7,40,456.7,456.57,456.57,120,,,,,,,,,,,,,,,,,,,456.7,40,456.71,40,456.72,280,456.78,80,456.8,80,456.81,40,456.84,80,456.85,80,456.93,280,456.95,320
2026-01-16 09:31:49,456.665,456.69,1,456.59,160,456.74,40,456.74,456.59,456.59,160,456.58,80,456.57,280,,,,,,,,,,,,,,,456.74,40,456.78,80,456.8,80,456.81,40,456.84,80,456.85,80,456.93,280,456.95,320,456.97,120,456.98,120
2026-01-16 09:31:50,456.645,456.59,2,456.59,160,456.7,40,456.7,456.59,456.59,160,456.58,80,456.57,280,,,,,,,,,,,,,,,456.7,40,456.74,40,456.78,80,456.8,80,456.81,40,456.84,80,456.85,80,456.93,280,456.95,320,456.97,120
2026-01-16 09:31:51,456.575,456.57,1,456.5,320,456.65,80,456.65,456.5,456.5,320,,,,,,,,,,,,,,,,,,,456.65,80,456.74,80,456.78,80,456.8,80,456.81,40,456.84,80,456.85,80,456.93,280,456.95,320,456.97,120
2026-01-16 09:31:52,456.555,456.56,1,456.52,80,456.59,160,456.59,456.52,456.52,80,456.51,40,456.5,360,,,,,,,,,,,,,,,456.59,160,456.63,80,456.68,40,456.74,80,456.78,80,456.8,80,456.81,40,456.84,80,456.85,80,456.93,280
2026-01-16 09:31:53,456.575,456.56,1,456.52,120,456.63,40,456.63,456.52,456.52,120,456.51,40,456.5,360,,,,,,,,,,,,,,,456.63,40,456.68,40,456.74,80,456.78,80,456.8,80,456.81,40,456.84,80,456.85,80,456.93,280,456.95,320
2026-01-16 09:31:54,456.665,456.65,2,456.59,80,456.74,40,456.74,456.59,456.59,80,456.58,40,456.53,40,456.52,120,456.51,40,456.5,360,,,,,,,,,456.74,40,456.78,80,456.8,80,456.81,40,456.84,80,456.85,80,456.93,280,456.95,320,456.97,120,456.98,120
2026-01-16 09:31:55,456.62,456.67,1,456.52,240,456.72,40,456.72,456.52,456.52,240,456.51,40,456.5,360,,,,,,,,,,,,,,,456.72,40,456.73,40,456.74,40,456.78,80,456.8,80,456.81,40,456.84,80,456.85,80,456.93,280,456.95,320
2026-01-16 09:31:56,456.555,456.53,1,456.48,120,456.63,40,456.63,456.48,456.48,120,456.47,160,456.46,40,,,,,,,,,,,,,,,456.63,40,456.64,160,456.72,40,456.73,40,456.74,40,456.78,80,456.8,80,456.81,40,456.84,80,456.85,80
2026-01-16 09:31:57,456.605,456.61,1,456.55,160,456.66,40,456.66,456.55,456.55,160,456.54,160,456.5,200,456.48,200,456.47,160,456.46,40,,,,,,,,,456.66,40,456.72,40,456.73,40,456.74,40,456.78,80,456.8,80,456.81,40,456.84,80,456.85,80,456.93,280
2026-01-16 09:31:58,456.735,456.75,1,456.66,40,456.81,440,456.81,456.66,456.66,40,456.62,160,456.61,200,456.56,160,456.55,120,456.54,160,456.5,200,456.48,200,456.47,160,456.46,40,456.81,440,456.84,80,456.85,80,456.93,280,456.95,320,456.97,120,456.98,120,456.99,200,457.0,160,457.1,40
2026-01-16 09:31:59,456.735,456.68,1,456.66,120,456.81,480,456.81,456.66,456.66,120,456.62,160,456.61,200,456.56,160,456.55,120,456.54,160,456.5,200,456.48,200,456.47,160,456.46,40,456.81,480,456.84,80,456.85,80,456.93,280,456.95,320,456.97,120,456.98,120,456.99,200,457.0,160,457.1,40
2026-01-16 09:32:00,456.645,456.65,3,456.56,240,456.73,160,456.73,456.56,456.56,240,456.52,40,456.5,200,456.48,200,456.47,160,456.46,40,,,,,,,,,456.73,160,456.74,160,456.81,480,456.84,80,456.85,80,456.93,280,456.95,320,456.97,120,456.98,120,456.99,200
2026-01-16 09:32:01,456.595,456.57,2,456.52,40,456.67,120,456.67,456.52,456.52,40,456.5,200,456.48,200,456.47,160,456.46,40,,,,,,,,,,,456.67,120,456.73,360,456.74,160,456.81,480,456.84,80,456.85,80,456.93,280,456.95,320,456.97,120,456.98,120
2026-01-16 09:32:02,456.65,456.72,1,456.58,120,456.72,120,456.72,456.58,456.58,120,456.55,200,456.52,40,456.5,200,456.48,200,456.47,160,456.46,40,,,,,,,456.72,120,456.73,360,456.74,160,456.81,480,456.84,80,456.85,80,456.93,280,456.95,320,456.97,120,456.98,120
2026-01-16 09:32:03,456.605,456.61,1,456.55,680,456.66,120,456.66,456.55,456.55,680,456.52,40,456.5,200,456.48,200,456.47,160,456.46,40,,,,,,,,,456.66,120,456.72,120,456.73,360,456.74,160,456.81,480,456.84,80,456.85,80,456.93,280,456.95,320,456.97,120
2026-01-16 09:32:04,456.605,456.62,1,456.57,40,456.64,240,456.64,456.57,456.57,40,456.55,120,456.54,120,456.52,40,456.5,200,456.48,200,456.47,160,456.46,40,,,,,456.64,240,456.66,160,456.72,120,456.73,360,456.74,160,456.81,480,456.84,80,456.85,80,456.93,280,456.95,320
2026-01-16 09:32:05,456.575,456.61,1,456.53,40,456.62,200,456.62,456.53,456.53,40,456.52,40,456.5,200,456.48,200,456.47,160,456.46,40,,,,,,,,,456.62,200,456.66,360,456.72,120,456.73,360,456.74,160,456.81,480,456.84,80,456.85,80,456.93,280,456.95,320
2026-01-16 09:32:06,456.85,456.82,1,456.82,40,456.88,40,456.88,456.82,456.82,40,456.77,120,456.73,160,456.68,80,456.67,80,456.64,40,456.63,80,456.62,40,456.61,160,456.57,120,456.88,40,456.9,120,456.93,280,456.95,320,456.97,120,456.98,120,456.99,200,457.0,160,457.1,40,457.11,80
2026-01-16 09:32:07,456.795,456.79,1,456.69,40,456.9,120,456.9,456.69,456.69,40,456.68,160,456.67,80,456.64,40,456.63,80,456.62,40,456.61,160,456.57,120,456.53,80,456.52,40,456.9,120,456.93,280,456.95,320,456.97,120,456.98,120,456.99,200,457.0,160,457.1,40,457.11,80,457.16,200
2026-01-16 09:32:08,456.965,457.03,4,456.9,40,457.03,80,457.03,456.9,456.9,40,456.86,80,456.83,120,456.82,80,456.75,40,456.74,120,456.73,40,456.69,80,456.68,160,456.67,80,457.03,80,457.1,40,457.11,80,457.16,200,457.2,80,457.25,40,457.28,240,457.29,240,457.3,80,457.31,80
2026-01-16 09:32:09,456.93,457.03,4,456.83,120,457.03,120,457.03,456.83,456.83,120,456.82,80,456.75,40,456.74,120,456.73,40,456.69,80,456.68,160,456.67,80,456.64,40,456.63,80,457.03,120,457.1,40,457.11,80,457.16,200,457.2,80,457.25,40,457.28,240,457.29,240,457.3,80,457.31,80
2026-01-16 09:32:10,456.66,456.57,2,456.54,40,456.78,80,456.78,456.54,456.54,40,456.53,80,456.52,40,456.5,200,456.48,200,456.47,160,456.46,40,,,,,,,456.78,80,456.87,200,456.91,40,456.92,280,456.99,40,457.0,360,457.03,120,457.1,40,457.11,80,457.16,200
2026-01-16 09:32:11,456.63,456.64,1,456.54,120,456.72,40,456.72,456.54,456.54,120,456.53,80,456.52,40,456.5,200,456.48,200,456.47,160,456.46,40,,,,,,,456.72,40,456.78,80,456.87,200,456.91,40,456.92,280,456.99,40,457.0,360,457.03,120,457.1,40,457.11,80
2026-01-16 09:32:12,456.665,456.66,2,456.55,80,456.78,240,456.78,456.55,456.55,80,456.54,200,456.53,80,456.52,40,456.5,200,456.48,200,456.47,160,456.46,40,,,,,456.78,240,456.87,200,456.91,40,456.92,280,456.99,40,457.0,360,457.03,120,457.1,40,457.11,80,457.16,200
2026-01-16 09:32:13,456.67,456.67,1,456.56,80,456.78,120,456.78,456.56,456.56,80,456.55,80,456.54,200,456.53,80,456.52,40,456.5,200,456.48,200,456.47,160,456.46,40,,,456.78,120,456.87,200,456.91,40,456.92,280,456.99,40,457.0,360,457.03,120,457.1,40,457.11,80,457.16,200
2026-01-16 09:32:14,456.67,456.67,1,456.56,120,456.78,320,456.78,456.56,456.56,120,456.55,80,456.54,200,456.53,80,456.52,40,456.5,200,456.48,200,456.47,160,456.46,40,,,456.78,320,456.87,200,456.91,40,456.92,280,456.99,40,457.0,360,457.03,120,457.1,40,457.11,80,457.16,200
2026-01-16 09:32:15,456.67,456.56,1,456.56,240,456.78,400,456.78,456.56,456.56,240,456.55,80,456.54,200,456.53,80,456.52,40,456.5,200,456.48,200,456.47,160,456.46,40,,,456.78,400,456.87,200,456.91,40,456.92,280,456.99,40,457.0,360,457.03,120,457.1,40,457.11,80,457.16,200
2026-01-16 09:32:16,456.64,456.57,1,456.57,80,456.71,40,456.71,456.57,456.57,80,456.56,200,456.55,80,456.54,200,456.53,80,456.52,40,456.5,200,456.48,200,456.47,160,456.46,40,456.71,40,456.78,400,456.87,200,456.91,40,456.92,280,456.99,40,457.0,360,457.03,120,457.1,40,457.11,80
2026-01-16 09:32:17,456.62,456.55,1,456.53,80,456.71,120,456.71,456.53,456.53,80,456.52,40,456.5,200,456.48,200,456.47,160,456.46,40,,,,,,,,,456.71,120,456.78,400,456.87,200,456.91,40,456.92,280,456.99,40,457.0,360,457.03,120,457.1,40,457.11,80
2026-01-16 09:32:18,456.625,456.71,1,456.54,40,456.71,240,456.71,456.54,456.54,40,456.53,160,456.52,40,456.5,200,456.48,200,456.47,160,456.46,40,,,,,,,456.71,240,456.78,400,456.87,200,456.91,40,456.92,280,456.99,40,457.0,360,457.03,120,457.1,40,457.11,80
2026-01-16 09:32:19,456.625,456.56,1,456.54,40,456.71,320,456.71,456.54,456.54,40,456.53,160,456.52,40,456.5,200,456.48,200,456.47,160,456.46,40,,,,,,,456.71,320,456.78,400,456.87,200,456.91,40,456.92,280,456.99,40,457.0,360,457.03,120,457.1,40,457.11,80
2026-01-16 09:32:20,456.655,456.63,3,456.59,160,456.72,120,456.72,456.59,456.59,160,456.58,160,456.53,160,456.52,40,456.5,200,456.48,200,456.47,160,456.46,40,,,,,456.72,120,456.78,400,456.87,200,456.91,40,456.92,280,456.99,40,457.0,360,457.03,120,457.1,40,457.11,80
2026-01-16 09:32:21,456.685,456.72,1,456.61,80,456.76,40,456.76,456.61,456.61,80,456.6,120,456.59,160,456.58,160,456.53,160,456.52,40,456.5,200,456.48,200,456.47,160,456.46,40,456.76,40,456.78,400,456.87,200,456.91,40,456.92,280,456.99,40,457.0,360,457.03,120,457.1,40,457.11,80
2026-01-16 09:32:22,456.685,456.76,3,456.61,160,456.76,200,456.76,456.61,456.61,160,456.6,120,456.59,160,456.58,160,456.53,160,456.52,40,456.5,200,456.48,200,456.47,160,456.46,40,456.76,200,456.78,400,456.87,200,456.91,40,456.92,280,456.99,40,457.0,360,457.03,120,457.1,40,457.11,80
2026-01-16 09:32:24,456.69,456.73,1,456.62,40,456.76,200,456.76,456.62,456.62,40,456.61,160,456.6,120,456.59,160,456.58,160,456.53,160,456.52,40,456.5,200,456.48,200,456.47,160,456.76,200,456.78,400,456.87,200,456.91,40,456.92,280,456.99,40,457.0,360,457.03,120,457.1,40,457.11,80
2026-01-16 09:32:25,456.81,456.76,1,456.76,80,456.86,40,456.86,456.76,456.76,80,456.73,120,456.72,40,456.69,200,456.63,40,456.62,120,456.61,160,456.6,120,456.59,160,456.58,160,456.86,40,456.87,200,456.91,40,456.92,280,456.99,40,457.0,360,457.03,120,457.1,40,457.11,80,457.16,200
2026-01-16 09:32:26,456.91,456.92,1,456.83,120,456.99,80,456.99,456.83,456.83,120,456.81,40,456.77,40,456.76,80,456.73,120,456.72,40,456.69,200,456.63,40,456.62,120,456.61,160,456.99,80,457.0,360,457.03,120,457.1,40,457.11,80,457.16,200,457.2,80,457.25,40,457.28,240,457.29,240
2026-01-16 09:32:26,456.92,457.0,1,456.84,40,457.0,40,457.0,456.84,456.84,40,456.83,120,456.81,40,456.77,40,456.76,80,456.73,120,456.72,40,456.69,200,456.63,40,456.62,120,457.0,40,457.03,80,457.1,40,457.11,80,457.16,200,457.2,80,457.25,40,457.28,240,457.29,240,457.3,80
2026-01-16 09:32:28,456.925,456.99,1,456.85,80,457.0,280,457.0,456.85,456.85,80,456.84,120,456.83,120,456.81,40,456.77,40,456.76,80,456.73,120,456.72,40,456.69,200,456.63,40,457.0,280,457.03,80,457.1,40,457.11,80,457.16,200,457.2,80,457.25,40,457.28,240,457.29,240,457.3,80
2026-01-16 09:32:29,456.925,456.95,2,456.85,160,457.0,280,457.0,456.85,456.85,160,456.84,120,456.83,120,456.81,40,456.77,40,456.76,80,456.73,120,456.72,40,456.69,200,456.63,40,457.0,280,457.03,80,457.1,40,457.11,80,457.16,200,457.2,80,457.25,40,457.28,240,457.29,240,457.3,80
2026-01-16 09:32:30,456.815,456.78,1,456.73,80,456.9,120,456.9,456.73,456.73,80,456.72,40,456.69,200,456.63,40,456.62,120,456.61,160,456.6,120,456.59,160,456.58,160,456.53,160,456.9,120,456.94,120,457.0,280,457.03,80,457.1,40,457.11,80,457.16,200,457.2,80,457.25,40,457.28,240
2026-01-16 09:32:31,456.845,456.9,1,456.75,120,456.94,80,456.94,456.75,456.75,120,456.74,40,456.73,120,456.72,40,456.69,200,456.63,40,456.62,120,456.61,160,456.6,120,456.59,160,456.94,80,457.0,280,457.03,80,457.1,40,457.11,80,457.16,200,457.2,80,457.25,40,457.28,240,457.29,240
2026-01-16 09:32:31,456.925,456.88,1,456.85,40,457.0,40,457.0,456.85,456.85,40,456.76,80,456.75,120,456.74,40,456.73,120,456.72,40,456.69,200,456.63,40,456.62,120,456.61,160,457.0,40,457.03,200,457.1,40,457.11,80,457.16,200,457.2,80,457.25,40,457.28,240,457.29,240,457.3,80
2026-01-16 09:32:33,456.925,456.88,1,456.85,40,457.0,40,457.0,456.85,456.85,40,456.76,80,456.75,120,456.74,40,456.73,120,456.72,40,456.69,200,456.63,40,456.62,120,456.61,160,457.0,40,457.03,200,457.1,40,457.11,80,457.16,200,457.2,80,457.25,40,457.28,240,457.29,240,457.3,80
2026-01-16 09:32:33,456.925,456.88,1,456.85,40,457.0,80,457.0,456.85,456.85,40,456.77,40,456.76,80,456.75,120,456.74,40,456.73,120,456.72,40,456.69,200,456.63,40,456.62,120,457.0,80,457.03,200,457.1,40,457.11,80,457.16,200,457.2,80,457.25,40,457.28,240,457.29,240,457.3,80
2026-01-16 09:32:35,456.865,456.95,1,456.77,40,456.96,160,456.96,456.77,456.77,40,456.76,80,456.75,120,456.74,40,456.73,120,456.72,40,456.69,200,456.63,40,456.62,120,456.61,160,456.96,160,456.98,120,457.0,200,457.03,200,457.1,40,457.11,80,457.16,200,457.2,80,457.25,40,457.28,240
2026-01-16 09:32:36,456.84,456.95,1,456.77,120,456.91,400,456.91,456.77,456.77,120,456.76,80,456.75,120,456.74,40,456.73,120,456.72,40,456.69,200,456.63,40,456.62,120,456.61,160,456.91,400,456.96,200,456.98,120,457.0,200,457.03,200,457.1,40,457.11,80,457.16,200,457.2,80,457.25,40
2026-01-16 09:32:36,456.835,456.95,1,456.77,160,456.9,160,456.9,456.77,456.77,160,456.76,80,456.75,120,456.74,40,456.73,120,456.72,40,456.69,200,456.63,40,456.62,120,456.61,160,456.9,160,456.91,560,456.96,200,456.98,120,457.0,200,457.03,200,457.1,40,457.11,80,457.16,200,457.2,80
2026-01-16 09:32:37,456.985,457.0,1,456.94,280,457.03,520,457.03,456.94,456.94,280,456.92,40,456.87,40,456.84,80,456.83,40,456.78,80,456.77,200,456.76,80,456.75,120,456.74,40,457.03,520,457.1,40,457.11,80,457.16,200,457.2,80,457.25,40,457.28,240,457.29,240,457.3,80,457.31,80
2026-01-16 09:32:39,457.055,457.06,1,457.01,120,457.1,6040,457.1,457.01,457.01,120,456.99,40,456.95,80,456.94,280,456.92,40,456.87,40,456.84,80,456.83,40,456.78,80,456.77,200,457.1,6040,457.11,80,457.16,200,457.2,80,457.25,40,457.28,240,457.29,240,457.3,80,457.31,80,457.35,40
2026-01-16 09:32:40,457.055,457.06,1,457.01,160,457.1,6040,457.1,457.01,457.01,160,456.99,40,456.95,80,456.94,280,456.92,40,456.87,40,456.84,80,456.83,40,456.78,80,456.77,200,457.1,6040,457.11,80,457.16,200,457.2,80,457.25,40,457.28,240,457.29,240,457.3,80,457.31,80,457.35,40
2026-01-16 09:32:41,457.055,457.06,1,457.01,200,457.1,6040,457.1,457.01,457.01,200,456.99,40,456.95,80,456.94,280,456.92,40,456.87,40,456.84,80,456.83,40,456.78,80,456.77,200,457.1,6040,457.11,80,457.16,200,457.2,80,457.25,40,457.28,240,457.29,240,457.3,80,457.31,80,457.35,40
2026-01-16 09:32:42,457.015,457.04,1,456.94,320,457.09,40,457.09,456.94,456.94,320,456.92,40,456.87,40,456.84,80,456.83,40,456.78,80,456.77,200,456.76,80,456.75,120,456.74,40,457.09,40,457.1,6040,457.11,80,457.16,200,457.2,80,457.25,40,457.28,240,457.29,240,457.3,80,457.31,80
2026-01-16 09:32:43,457.02,457.08,1,456.95,40,457.09,80,457.09,456.95,456.95,40,456.94,320,456.92,40,456.87,40,456.84,80,456.83,40,456.78,80,456.77,200,456.76,80,456.75,120,457.09,80,457.1,6040,457.11,80,457.16,200,457.2,80,457.25,40,457.28,240,457.29,240,457.3,80,457.31,80
2026-01-16 09:32:44,457.025,457.08,1,456.96,120,457.09,120,457.09,456.96,456.96,120,456.95,80,456.94,320,456.92,40,456.87,40,456.84,80,456.83,40,456.78,80,456.77,200,456.76,80,457.09,120,457.1,6040,457.11,80,457.16,200,457.2,80,457.25,40,457.28,240,457.29,240,457.3,80,457.31,80
2026-01-16 09:32:45,457.0,457.08,1,456.94,40,457.06,120,457.06,456.94,456.94,40,456.91,80,456.87,40,456.84,80,456.83,40,456.78,80,456.77,200,456.76,80,456.75,120,456.74,40,457.06,120,457.08,40,457.09,160,457.1,6040,457.11,80,457.16,200,457.2,80,457.25,40,457.28,240,457.29,240
2026-01-16 09:32:46,457.06,457.04,1,457.03,80,457.09,440,457.09,457.03,457.03,80,457.0,40,456.99,120,456.98,40,456.97,160,456.94,80,456.91,80,456.87,40,456.84,80,456.83,40,457.09,440,457.1,6040,457.11,80,457.16,200,457.2,80,457.25,40,457.28,240,457.29,240,457.3,80,457.31,80
2026-01-16 09:32:47,456.98,456.92,1,456.9,80,457.06,160,457.06,456.9,456.9,80,456.87,40,456.84,80,456.83,40,456.78,80,456.77,200,456.76,80,456.75,120,456.74,40,456.73,120,457.06,160,457.09,440,457.1,6040,457.11,80,457.16,200,457.2,80,457.25,40,457.28,240,457.29,240,457.3,80
2026-01-16 09:32:48,456.985,456.98,1,456.92,120,457.05,80,457.05,456.92,456.92,120,456.91,80,456.9,120,456.87,40,456.84,80,456.83,40,456.78,80,456.77,200,456.76,80,456.75,120,457.05,80,457.06,40,457.09,440,457.1,6040,457.11,80,457.16,200,457.2,80,457.25,40,457.28,240,457.29,240
2026-01-16 09:32:48,457.05,457.0,1,457.0,40,457.1,4000,457.1,457.0,457.0,40,456.98,40,456.93,40,456.92,120,456.91,80,456.9,120,456.87,40,456.84,80,456.83,40,456.78,80,457.1,4000,457.11,80,457.16,200,457.2,80,457.25,40,457.28,240,457.29,240,457.3,80,457.31,80,457.35,40
2026-01-16 09:32:50,457.095,457.09,3,457.09,40,457.1,480,457.1,457.09,457.09,40,457.08,120,457.05,120,457.0,40,456.98,40,456.93,40,456.92,120,456.91,80,456.9,120,456.87,40,457.1,480,457.11,80,457.16,200,457.2,80,457.25,40,457.28,240,457.29,240,457.3,80,457.31,80,457.35,40
2026-01-16 09:32:51,457.22,457.16,1,457.16,160,457.28,240,457.28,457.16,457.16,160,457.14,200,457.13,80,457.12,120,457.11,120,457.1,120,457.09,160,457.08,120,457.05,120,457.0,40,457.28,240,457.29,240,457.3,80,457.31,80,457.35,40,457.36,80,457.41,120,457.42,320,457.44,40,457.45,80
2026-01-16 09:32:52,457.41,457.28,1,457.37,40,457.45,80,457.45,457.37,457.37,40,457.36,160,457.33,40,457.3,40,457.28,320,457.18,40,457.17,80,457.16,320,457.14,200,457.13,80,457.45,80,457.47,80,457.49,160,457.5,80,457.57,160,457.58,200,457.59,120,457.66,40,457.67,280,457.68,320
2026-01-16 09:32:52,457.35,457.34,1,457.29,40,457.41,240,457.41,457.29,457.29,40,457.28,320,457.18,40,457.17,80,457.16,320,457.14,200,457.13,80,457.12,120,457.11,120,457.1,120,457.41,240,457.43,400,457.47,120,457.48,40,457.49,160,457.5,80,457.57,160,457.58,200,457.59,120,457.66,40
2026-01-16 09:32:54,457.395,457.41,1,457.31,120,457.48,40,457.48,457.31,457.31,120,457.3,240,457.29,40,457.28,320,457.18,40,457.17,80,457.16,320,457.14,200,457.13,80,457.12,120,457.48,40,457.49,160,457.5,80,457.57,160,457.58,200,457.59,120,457.66,40,457.67,280,457.68,320,457.74,120
2026-01-16 09:32:55,457.395,457.41,1,457.31,240,457.48,80,457.48,457.31,457.31,240,457.3,240,457.29,40,457.28,320,457.18,40,457.17,80,457.16,320,457.14,200,457.13,80,457.12,120,457.48,80,457.49,160,457.5,80,457.57,160,457.58,200,457.59,120,457.66,40,457.67,280,457.68,320,457.74,120
2026-01-16 09:32:56,457.515,457.52,1,457.43,40,457.6,200,457.6,457.43,457.43,40,457.42,1200,457.37,120,457.36,40,457.34,80,457.32,120,457.31,240,457.3,240,457.29,40,457.28,320,457.6,200,457.66,40,457.67,280,457.68,320,457.74,120,457.8,360,457.84,80,457.86,80,457.92,120,457.93,80
2026-01-16 09:32:57,457.53,457.53,2,457.46,80,457.6,200,457.6,457.46,457.46,80,457.43,40,457.42,1200,457.37,120,457.36,40,457.34,80,457.32,120,457.31,240,457.3,240,457.29,40,457.6,200,457.66,40,457.67,280,457.68,320,457.74,120,457.8,360,457.84,80,457.86,80,457.92,120,457.93,80
2026-01-16 09:32:58,457.53,457.6,5,457.46,280,457.6,280,457.6,457.46,457.46,280,457.43,40,457.42,1200,457.37,120,457.36,40,457.34,80,457.32,120,457.31,240,457.3,240,457.29,40,457.6,280,457.66,40,457.67,280,457.68,320,457.74,120,457.8,360,457.84,80,457.86,80,457.92,120,457.93,80
2026-01-16 09:32:59,457.515,457.52,2,457.44,160,457.59,160,457.59,457.44,457.44,160,457.43,40,457.42,840,457.37,120,457.36,40,457.34,80,457.32,120,457.31,240,457.3,240,457.29,40,457.59,160,457.6,280,457.66,40,457.67,280,457.68,320,457.74,120,457.8,360,457.84,80,457.86,80,457.92,120
2026-01-16 09:33:00,457.52,457.6,3,457.45,40,457.59,200,457.59,457.45,457.45,40,457.44,160,457.43,40,457.42,840,457.37,120,457.36,40,457.34,80,457.32,120,457.31,240,457.3,240,457.59,200,457.6,320,457.66,40,457.67,280,457.68,320,457.74,120,457.8,360,457.84,80,457.86,80,457.92,120
2026-01-16 09:33:01,457.505,457.53,1,457.45,80,457.56,200,457.56,457.45,457.45,80,457.44,160,457.43,40,457.42,840,457.37,120,457.36,40,457.34,80,457.32,120,457.31,240,457.3,240,457.56,200,457.59,320,457.6,320,457.66,40,457.67,280,457.68,320,457.74,120,457.8,360,457.84,80,457.86,80
2026-01-16 09:33:02,457.515,457.51,1,457.47,80,457.56,240,457.56,457.47,457.47,80,457.46,120,457.45,160,457.44,160,457.43,40,457.42,840,457.37,120,457.36,40,457.34,80,457.32,120,457.56,240,457.59,320,457.6,320,457.66,40,457.67,280,457.68,320,457.74,120,457.8,360,457.84,80,457.86,80
2026-01-16 09:33:03,457.685,457.69,1,457.62,40,457.75,160,457.75,457.62,457.62,40,457.61,120,457.6,120,457.59,240,457.55,40,457.52,40,457.51,200,457.47,80,457.46,120,457.45,160,457.75,160,457.8,360,457.84,80,457.86,80,457.92,120,457.93,80,457.99,280,458.04,40,458.09,120,458.13,120
2026-01-16 09:33:04,457.7,457.66,1,457.65,40,457.75,160,457.75,457.65,457.65,40,457.64,80,457.63,80,457.62,120,457.61,120,457.6,120,457.59,240,457.55,40,457.52,40,457.51,200,457.75,160,457.8,360,457.84,80,457.86,80,457.92,120,457.93,80,457.99,280,458.04,40,458.09,120,458.13,120
2026-01-16 09:33:05,457.7,457.74,1,457.65,240,457.75,160,457.75,457.65,457.65,240,457.64,80,457.63,80,457.62,120,457.61,120,457.6,120,457.59,240,457.55,40,457.52,40,457.51,200,457.75,160,457.8,360,457.84,80,457.86,80,457.92,120,457.93,80,457.99,280,458.04,40,458.09,120,458.13,120
2026-01-16 09:33:06,457.705,457.75,5,457.66,40,457.75,240,457.75,457.66,457.66,40,457.65,360,457.64,80,457.63,80,457.62,120,457.61,120,457.6,120,457.59,240,457.55,40,457.52,40,457.75,240,457.8,360,457.84,80,457.86,80,457.92,120,457.93,80,457.99,280,458.04,40,458.09,120,458.13,120
2026-01-16 09:33:07,457.705,457.66,2,457.66,160,457.75,240,457.75,457.66,457.66,160,457.65,360,457.64,80,457.63,80,457.62,120,457.61,120,457.6,120,457.59,240,457.55,40,457.52,40,457.75,240,457.8,360,457.84,80,457.86,80,457.92,120,457.93,80,457.99,280,458.04,40,458.09,120,458.13,120
2026-01-16 09:33:08,457.71,457.75,5,457.67,120,457.75,280,457.75,457.67,457.67,120,457.66,160,457.65,360,457.64,80,457.63,80,457.62,120,457.61,120,457.6,120,457.59,240,457.55,40,457.75,280,457.8,360,457.84,80,457.86,80,457.92,120,457.93,80,457.99,280,458.04,40,458.09,120,458.13,120
2026-01-16 09:33:09,457.795,457.84,1,457.71,160,457.88,160,457.88,457.71,457.71,160,457.67,120,457.66,160,457.65,360,457.64,80,457.63,80,457.62,120,457.61,120,457.6,120,457.59,240,457.88,160,457.89,160,457.9,120,457.93,40,457.94,280,457.97,240,457.99,280,458.04,40,458.09,120,458.13,120
2026-01-16 09:33:10,457.795,457.71,30,457.71,320,457.88,160,457.88,457.71,457.71,320,457.67,120,457.66,160,457.65,360,457.64,80,457.63,80,457.62,120,457.61,120,457.6,120,457.59,240,457.88,160,457.89,160,457.9,120,457.93,40,457.94,280,457.97,240,457.99,280,458.04,40,458.09,120,458.13,120
2026-01-16 09:33:11,457.815,457.88,5,457.75,80,457.88,80,457.88,457.75,457.75,80,457.72,40,457.71,320,457.67,120,457.66,160,457.65,360,457.64,80,457.63,80,457.62,120,457.61,120,457.88,80,457.89,160,457.9,120,457.93,40,457.94,280,457.97,240,457.99,280,458.04,40,458.09,120,458.13,120
2026-01-16 09:33:12,457.905,457.99,1,457.81,40,458.0,560,458.0,457.81,457.81,40,457.77,120,457.76,240,457.75,80,457.72,40,457.71,320,457.67,120,457.66,160,457.65,360,457.64,80,458.0,560,458.04,40,458.09,120,458.13,120,458.14,240,458.15,80,,,,,,,,
2026-01-16 09:33:13,457.88,457.78,1,457.78,120,457.98,40,457.98,457.78,457.78,120,457.77,120,457.76,240,457.75,80,457.72,40,457.71,320,457.67,120,457.66,160,457.65,360,457.64,80,457.98,40,457.99,40,458.0,520,458.04,40,458.09,120,458.13,120,458.14,240,458.15,80,,,,
2026-01-16 09:33:14,457.875,457.97,5,457.78,240,457.97,200,457.97,457.78,457.78,240,457.77,120,457.76,240,457.75,80,457.72,40,457.71,320,457.67,120,457.66,160,457.65,360,457.64,80,457.97,200,457.98,40,457.99,40,458.0,520,458.04,40,458.09,120,458.13,120,458.14,240,458.15,80,,
2026-01-16 09:33:15,457.92,457.92,1,457.87,80,457.97,200,457.97,457.87,457.87,80,457.83,40,457.82,80,457.79,160,457.78,240,457.77,120,457.76,240,457.75,80,457.72,40,457.71,320,457.97,200,457.98,40,457.99,40,458.0,520,458.04,40,458.09,120,458.13,120,458.14,240,458.15,80,,
2026-01-16 09:33:16,457.925,457.92,1,457.89,40,457.96,160,457.96,457.89,457.89,40,457.87,80,457.83,40,457.82,80,457.79,160,457.78,240,457.77,120,457.76,240,457.75,80,457.72,40,457.96,160,457.97,200,457.98,40,457.99,40,458.0,520,458.04,40,458.09,120,458.13,120,458.14,240,458.15,80
2026-01-16 09:33:17,457.925,457.96,1,457.89,80,457.96,160,457.96,457.89,457.89,80,457.87,80,457.83,40,457.82,80,457.79,160,457.78,240,457.77,120,457.76,240,457.75,80,457.72,40,457.96,160,457.97,200,457.98,40,457.99,40,458.0,520,458.04,40,458.09,120,458.13,120,458.14,240,458.15,80
2026-01-16 09:33:18,457.91,457.91,2,457.87,200,457.95,120,457.95,457.87,457.87,200,457.83,40,457.82,80,457.79,160,457.78,240,457.77,120,457.76,240,457.75,80,457.72,40,457.71,320,457.95,120,457.96,80,458.0,520,458.04,40,458.09,120,458.13,120,458.14,240,458.15,80,,,,
2026-01-16 09:33:19,457.94,457.93,1,457.88,280,458.0,200,458.0,457.88,457.88,280,457.87,40,457.86,440,457.83,40,457.82,80,457.79,160,457.78,240,457.77,120,457.76,240,457.75,80,458.0,200,458.01,200,458.04,40,458.09,120,458.13,120,458.14,240,458.15,80,,,,,,
2026-01-16 09:33:20,457.935,457.94,1,457.89,200,457.98,240,457.98,457.89,457.89,200,457.88,280,457.87,40,457.86,440,457.83,40,457.82,80,457.79,160,457.78,240,457.77,120,457.76,240,457.98,240,457.99,120,458.0,480,458.01,200,458.04,40,458.09,120,458.13,120,458.14,240,458.15,80,,
2026-01-16 09:33:21,457.895,457.93,5,457.84,240,457.95,160,457.95,457.84,457.84,240,457.83,40,457.82,80,457.79,160,457.78,240,457.77,120,457.76,240,457.75,80,457.72,40,457.71,320,457.95,160,457.97,200,457.98,240,457.99,120,458.0,480,458.01,200,458.04,40,458.09,120,458.13,120,458.14,240
2026-01-16 09:33:22,457.9,457.85,1,457.85,240,457.95,160,457.95,457.85,457.85,240,457.84,240,457.83,40,457.82,80,457.79,160,457.78,240,457.77,120,457.76,240,457.75,80,457.72,40,457.95,160,457.97,200,457.98,240,457.99,120,458.0,480,458.01,200,458.04,40,458.09,120,458.13,120,458.14,240
2026-01-16 09:33:23,457.835,457.85,2,457.8,80,457.87,40,457.87,457.8,457.8,80,457.79,160,457.78,240,457.77,120,457.76,240,457.75,80,457.72,40,457.71,320,457.67,120,457.66,160,457.87,40,457.88,40,457.89,80,457.92,160,457.93,40,457.94,120,457.95,120,457.97,200,457.98,240,457.99,120
2026-01-16 09:33:24,457.85,457.89,1,457.81,120,457.89,160,457.89,457.81,457.81,120,457.8,200,457.79,160,457.78,240,457.77,120,457.76,240,457.75,80,457.72,40,457.71,320,457.67,120,457.89,160,457.92,160,457.93,40,457.94,120,457.95,120,457.97,200,457.98,240,457.99,120,458.0,480,458.01,200
2026-01-16 09:33:25,457.85,457.85,1,457.81,80,457.89,240,457.89,457.81,457.81,80,457.8,200,457.79,160,457.78,240,457.77,120,457.76,240,457.75,80,457.72,40,457.71,320,457.67,120,457.89,240,457.92,160,457.93,40,457.94,120,457.95,120,457.97,200,457.98,240,457.99,120,458.0,480,458.01,200
2026-01-16 09:33:26,457.85,457.85,1,457.81,80,457.89,360,457.89,457.81,457.81,80,457.8,200,457.79,160,457.78,240,457.77,120,457.76,240,457.75,80,457.72,40,457.71,320,457.67,120,457.89,360,457.92,160,457.93,40,457.94,120,457.95,120,457.97,200,457.98,240,457.99,120,458.0,480,458.01,200
2026-01-16 09:33:27,457.82,457.77,1,457.76,120,457.88,80,457.88,457.76,457.76,120,457.75,160,457.72,40,457.71,320,457.67,120,457.66,160,457.65,360,457.64,80,457.63,80,457.62,120,457.88,80,457.89,320,457.92,160,457.93,40,457.94,120,457.95,120,457.97,200,457.98,240,457.99,120,458.0,480
2026-01-16 09:33:28,457.845,457.82,1,457.79,160,457.9,320,457.9,457.79,457.79,160,457.76,200,457.75,160,457.72,40,457.71,320,457.67,120,457.66,160,457.65,360,457.64,80,457.63,80,457.9,320,457.92,160,457.93,40,457.94,120,457.95,120,457.97,200,457.98,240,457.99,120,458.0,480,458.01,200
2026-01-16 09:33:29,457.845,457.82,1,457.79,160,457.9,320,457.9,457.79,457.79,160,457.76,200,457.75,160,457.72,40,457.71,320,457.67,120,457.66,160,457.65,360,457.64,80,457.63,80,457.9,320,457.92,160,457.93,40,457.94,120,457.95,120,457.97,200,457.98,240,457.99,120,458.0,480,458.01,200
2026-01-16 09:33:30,457.87,457.89,1,457.81,120,457.93,120,457.93,457.81,457.81,120,457.8,240,457.79,160,457.76,200,457.75,160,457.72,40,457.71,320,457.67,120,457.66,160,457.65,360,457.93,120,457.94,120,457.95,120,457.97,200,457.98,240,457.99,120,458.0,480,458.01,200,458.04,40,458.09,120
2026-01-16 09:33:31,457.85,457.89,1,457.82,240,457.88,40,457.88,457.82,457.82,240,457.81,160,457.8,240,457.79,160,457.76,200,457.75,160,457.72,40,457.71,320,457.67,120,457.66,160,457.88,40,457.92,40,457.93,120,457.94,120,457.95,120,457.97,200,457.98,240,457.99,120,458.0,480,458.01,200
2026-01-16 09:33:32,457.87,457.93,1,457.81,320,457.93,80,457.93,457.81,457.81,320,457.8,240,457.79,160,457.76,200,457.75,160,457.72,40,457.71,320,457.67,120,457.66,160,457.65,360,457.93,80,457.94,120,457.95,120,457.97,200,457.98,240,457.99,120,458.0,480,458.01,200,458.04,40,458.09,120
2026-01-16 09:33:33,457.905,457.89,1,457.87,40,457.94,280,457.94,457.87,457.87,40,457.85,40,457.84,160,457.83,40,457.82,120,457.81,320,457.8,240,457.79,160,457.76,200,457.75,160,457.94,280,457.95,120,457.97,200,457.98,240,457.99,120,458.0,480,458.01,200,458.04,40,458.09,120,458.13,120
2026-01-16 09:33:34,457.91,457.92,1,457.88,160,457.94,440,457.94,457.88,457.88,160,457.87,40,457.85,40,457.84,160,457.83,40,457.82,120,457.81,320,457.8,240,457.79,160,457.76,200,457.94,440,457.95,120,457.97,200,457.98,240,457.99,120,458.0,480,458.01,200,458.04,40,458.09,120,458.13,120
2026-01-16 09:33:35,457.91,457.93,2,457.88,200,457.94,480,457.94,457.88,457.88,200,457.87,40,457.85,40,457.84,160,457.83,40,457.82,120,457.81,320,457.8,240,457.79,160,457.76,200,457.94,480,457.95,120,457.97,200,457.98,240,457.99,120,458.0,480,458.01,200,458.04,40,458.09,120,458.13,120
2026-01-16 09:33:36,458.085,458.05,1,458.04,40,458.13,320,458.13,458.04,458.04,40,458.03,120,458.02,40,457.99,40,457.98,80,457.95,40,457.94,80,457.93,80,457.92,160,457.91,40,458.13,320,458.14,240,458.15,80,,,,,,,,,,,,,,
2026-01-16 09:33:37,458.08,458.11,5,458.04,80,458.12,120,458.12,458.04,458.04,80,458.03,120,458.02,40,457.99,40,457.98,80,457.95,40,457.94,80,457.93,80,457.92,160,457.91,40,458.12,120,458.13,320,458.14,240,458.15,80,,,,,,,,,,,,
2026-01-16 09:33:38,458.08,458.12,1,458.04,200,458.12,120,458.12,458.04,458.04,200,458.03,120,458.02,40,457.99,40,457.98,80,457.95,40,457.94,80,457.93,80,457.92,160,457.91,40,458.12,120,458.13,320,458.14,240,458.15,80,,,,,,,,,,,,
2026-01-16 09:33:39,458.085,458.12,5,458.05,160,458.12,200,458.12,458.05,458.05,160,458.04,160,458.03,120,458.02,40,457.99,40,457.98,80,457.95,40,457.94,80,457.93,80,457.92,160,458.12,200,458.13,320,458.14,240,458.15,80,,,,,,,,,,,,
2026-01-16 09:33:40,458.08,458.12,5,458.04,280,458.12,200,458.12,458.04,458.04,280,458.03,120,458.02,40,457.99,40,457.98,80,457.95,40,457.94,80,457.93,80,457.92,160,457.91,40,458.12,200,458.13,320,458.14,240,458.15,80,,,,,,,,,,,,
2026-01-16 09:33:41,458.23,458.23,1,458.16,680,458.3,480,458.3,458.16,458.16,680,458.15,120,458.14,120,458.13,40,458.11,40,458.1,80,458.09,120,458.08,80,458.03,120,458.02,40,458.3,480,,,,,,,,,,,,,,,,,,
2026-01-16 09:33:42,458.235,458.3,3,458.17,80,458.3,680,458.3,458.17,458.17,80,458.16,720,458.15,120,458.14,120,458.13,40,458.11,40,458.1,80,458.09,120,458.08,80,458.03,120,458.3,680,,,,,,,,,,,,,,,,,,
2026-01-16 09:33:43,458.325,458.33,1,458.25,40,458.4,720,458.4,458.25,458.25,40,458.24,80,458.22,160,458.21,40,458.2,40,458.19,40,458.18,80,458.17,200,458.16,720,458.15,120,458.4,720,,,,,,,,,,,,,,,,,,
2026-01-16 09:33:44,458.325,458.25,1,458.25,160,458.4,760,458.4,458.25,458.25,160,458.24,80,458.22,160,458.21,40,458.2,40,458.19,40,458.18,80,458.17,200,458.16,720,458.15,120,458.4,760,,,,,,,,,,,,,,,,,,
2026-01-16 09:33:45,458.43,458.37,20,458.37,120,458.49,480,458.49,458.37,458.37,120,458.36,80,458.35,40,458.34,160,458.32,80,458.31,40,458.29,40,458.28,40,458.27,120,458.26,40,458.49,480,,,,,,,,,,,,,,,,,,
2026-01-16 09:33:46,458.445,458.39,13,458.39,40,458.5,120,458.5,458.39,458.39,40,458.38,240,458.37,320,458.36,80,458.35,40,458.34,160,458.32,80,458.31,40,458.29,40,458.28,40,458.5,120,458.52,120,458.55,40,,,,,,,,,,,,,,
2026-01-16 09:33:47,458.52,458.47,20,458.45,80,458.59,40,458.59,458.45,458.45,80,458.44,240,458.43,280,458.41,40,458.4,160,458.39,40,458.38,240,458.37,320,458.36,80,458.35,40,458.59,40,,,,,,,,,,,,,,,,,,
2026-01-16 09:33:48,458.53,458.48,20,458.47,40,458.59,40,458.59,458.47,458.47,40,458.46,160,458.45,80,458.44,240,458.43,280,458.41,40,458.4,160,458.39,40,458.38,240,458.37,320,458.59,40,,,,,,,,,,,,,,,,,,
2026-01-16 09:33:49,458.53,458.53,2,458.47,40,458.59,40,458.59,458.47,458.47,40,458.46,160,458.45,80,458.44,240,458.43,280,458.41,40,458.4,160,458.39,40,458.38,240,458.37,320,458.59,40,,,,,,,,,,,,,,,,,,
2026-01-16 09:33:50,458.495,458.5,1,458.45,80,458.54,120,458.54,458.45,458.45,80,458.44,240,458.43,280,458.41,40,458.4,160,458.39,40,458.38,240,458.37,320,458.36,80,458.35,40,458.54,120,458.57,40,458.58,40,458.59,120,,,,,,,,,,,,
2026-01-16 09:33:51,458.43,458.45,1,458.41,40,458.45,40,458.45,458.41,458.41,40,458.4,160,458.39,40,458.38,240,458.37,320,458.36,80,458.35,40,458.34,160,458.32,80,458.31,40,458.45,40,458.5,200,458.54,160,458.57,40,458.58,40,458.59,120,,,,,,,,
2026-01-16 09:33:52,458.365,458.4,3,458.28,400,458.45,280,458.45,458.28,458.28,400,458.27,120,458.26,40,458.25,160,458.24,80,458.22,160,458.21,40,458.2,40,458.19,40,458.18,80,458.45,280,458.5,200,458.54,160,458.57,40,458.58,40,458.59,120,,,,,,,,
2026-01-16 09:33:53,458.39,458.37,1,458.33,360,458.45,360,458.45,458.33,458.33,360,458.28,120,458.27,120,458.26,40,458.25,160,458.24,80,458.22,160,458.21,40,458.2,40,458.19,40,458.45,360,458.5,200,458.54,160,458.57,40,458.58,40,458.59,120,,,,,,,,
2026-01-16 09:33:54,458.375,458.35,1,458.33,320,458.42,160,458.42,458.33,458.33,320,458.28,120,458.27,120,458.26,40,458.25,160,458.24,80,458.22,160,458.21,40,458.2,40,458.19,40,458.42,160,458.45,320,458.5,200,458.54,160,458.57,40,458.58,40,458.59,120,,,,,,
2026-01-16 09:33:55,458.375,458.35,1,458.33,320,458.42,160,458.42,458.33,458.33,320,458.28,120,458.27,120,458.26,40,458.25,160,458.24,80,458.22,160,458.21,40,458.2,40,458.19,40,458.42,160,458.45,320,458.5,200,458.54,160,458.57,40,458.58,40,458.59,120,,,,,,
2026-01-16 09:33:56,458.375,458.42,2,458.33,320,458.42,160,458.42,458.33,458.33,320,458.28,120,458.27,120,458.26,40,458.25,160,458.24,80,458.22,160,458.21,40,458.2,40,458.19,40,458.42,160,458.45,320,458.5,200,458.54,160,458.57,40,458.58,40,458.59,120,,,,,,
2026-01-16 09:33:57,458.355,458.33,1,458.3,40,458.41,160,458.41,458.3,458.3,40,458.28,120,458.27,120,458.26,40,458.25,160,458.24,80,458.22,160,458.21,40,458.2,40,458.19,40,458.41,160,458.42,160,458.45,320,458.5,200,458.54,160,458.57,40,458.58,40,458.59,120,,,,
2026-01-16 09:33:58,458.435,458.49,1,458.37,120,458.5,280,458.5,458.37,458.37,120,458.36,200,458.32,40,458.3,80,458.28,160,458.27,120,458.26,40,458.25,160,458.24,80,458.22,160,458.5,280,458.54,160,458.57,40,458.58,40,458.59,120,,,,,,,,,,
2026-01-16 09:33:59,458.435,458.5,1,458.37,120,458.5,280,458.5,458.37,458.37,120,458.36,200,458.32,40,458.3,80,458.28,160,458.27,120,458.26,40,458.25,160,458.24,80,458.22,160,458.5,280,458.54,160,458.57,40,458.58,40,458.59,120,,,,,,,,,,
2026-01-16 09:34:00,458.435,458.39,2,458.37,200,458.5,280,458.5,458.37,458.37,200,458.36,200,458.32,40,458.3,80,458.28,160,458.27,120,458.26,40,458.25,160,458.24,80,458.22,160,458.5,280,458.54,160,458.57,40,458.58,40,458.59,120,,,,,,,,,,
2026-01-16 09:34:01,458.34,458.31,1,458.28,40,458.4,40,458.4,458.28,458.28,40,458.27,80,458.26,40,458.25,160,458.24,80,458.22,160,458.21,40,458.2,40,458.19,40,458.18,80,458.4,40,458.41,240,458.45,40,458.46,40,458.49,80,458.5,280,458.54,160,458.57,40,458.58,40,458.59,120
2026-01-16 09:34:02,458.36,458.31,1,458.29,40,458.43,40,458.43,458.29,458.29,40,458.28,80,458.27,80,458.26,40,458.25,160,458.24,80,458.22,160,458.21,40,458.2,40,458.19,40,458.43,40,458.46,160,458.49,80,458.5,280,458.54,160,458.57,40,458.58,40,458.59,120,,,,
2026-01-16 09:34:03,458.67,458.65,1,458.62,80,458.72,40,458.72,458.62,458.62,80,458.59,120,458.57,40,458.53,40,458.52,80,458.45,80,458.44,40,458.41,40,458.4,80,458.37,80,458.72,40,458.75,2000,,,,,,,,,,,,,,,,
2026-01-16 09:34:04,458.66,458.59,4,458.6,80,458.72,200,458.72,458.6,458.6,80,458.59,160,458.57,40,458.53,40,458.52,80,458.45,80,458.44,40,458.41,40,458.4,80,458.37,80,458.72,200,458.75,2000,,,,,,,,,,,,,,,,
2026-01-16 09:34:05,458.535,458.48,13,458.48,40,458.59,40,458.59,458.48,458.48,40,458.45,40,458.44,40,458.41,40,458.4,80,458.37,80,458.35,80,458.34,80,458.29,40,458.28,80,458.59,40,458.62,40,458.63,80,458.65,40,458.66,80,458.68,80,458.72,80,458.75,2000,,,,
2026-01-16 09:34:06,458.57,458.55,1,458.52,120,458.62,80,458.62,458.52,458.52,120,458.51,240,458.48,40,458.45,40,458.44,40,458.41,40,458.4,80,458.37,80,458.35,80,458.34,80,458.62,80,458.63,80,458.65,40,458.66,80,458.68,80,458.72,80,458.75,2000,,,,,,
2026-01-16 09:34:07,458.505,458.53,1,458.44,160,458.57,360,458.57,458.44,458.44,160,458.41,40,458.4,80,458.37,80,458.35,80,458.34,80,458.29,40,458.28,80,458.27,80,458.26,40,458.57,360,458.62,200,458.63,80,458.65,40,458.66,80,458.68,80,458.72,80,458.75,2000,,,,
2026-01-16 09:34:08,458.475,458.5,1,458.45,80,458.5,200,458.5,458.45,458.45,80,458.44,80,458.41,40,458.4,80,458.37,80,458.35,80,458.34,80,458.29,40,458.28,80,458.27,80,458.5,200,458.56,40,458.57,480,458.62,200,458.63,80,458.65,40,458.66,80,458.68,80,458.72,80,458.75,2000
2026-01-16 09:34:09,458.52,458.51,9,458.47,120,458.57,480,458.57,458.47,458.47,120,458.46,40,458.45,80,458.44,80,458.41,40,458.4,80,458.37,80,458.35,80,458.34,80,458.29,40,458.57,480,458.62,200,458.63,80,458.65,40,458.66,80,458.68,80,458.72,80,458.75,2000,,,,
2026-01-16 09:34:10,458.695,458.72,2,458.64,80,458.75,2000,458.75,458.64,458.64,80,458.63,160,458.62,40,458.6,80,458.58,120,458.54,40,458.53,120,458.5,40,458.47,120,458.46,40,458.75,2000,,,,,,,,,,,,,,,,,,
2026-01-16 09:34:11,458.79,458.66,12,458.73,40,458.85,40,458.85,458.73,458.73,40,458.72,160,458.71,40,458.66,40,458.65,120,458.64,80,458.63,160,458.62,40,458.6,80,458.58,120,458.85,40,458.87,40,,,,,,,,,,,,,,,,
2026-01-16 09:34:12,458.79,458.73,2,458.73,200,458.85,160,458.85,458.73,458.73,200,458.72,160,458.71,40,458.66,40,458.65,120,458.64,80,458.63,160,458.62,40,458.6,80,458.58,120,458.85,160,458.87,40,,,,,,,,,,,,,,,,
2026-01-16 09:34:13,458.8,458.73,2,458.75,80,458.85,120,458.85,458.75,458.75,80,458.74,320,458.73,200,458.72,160,458.71,40,458.66,40,458.65,120,458.64,80,458.63,160,458.62,40,458.85,120,458.87,40,,,,,,,,,,,,,,,,
2026-01-16 09:34:14,458.81,458.73,2,458.77,80,458.85,80,458.85,458.77,458.77,80,458.76,120,458.75,80,458.74,320,458.73,200,458.72,160,458.71,40,458.66,40,458.65,120,458.64,80,458.85,80,458.87,40,,,,,,,,,,,,,,,,
2026-01-16 09:34:15,458.81,458.81,1,458.77,240,458.85,80,458.85,458.77,458.77,240,458.76,120,458.75,80,458.74,320,458.73,200,458.72,160,458.71,40,458.66,40,458.65,120,458.64,80,458.85,80,458.87,40,,,,,,,,,,,,,,,,
2026-01-16 09:34:16,458.855,458.89,1,458.82,280,458.89,200,458.89,458.82,458.82,280,458.77,240,458.76,120,458.75,80,458.74,320,458.73,200,458.72,160,458.71,40,458.66,40,458.65,120,458.89,200,458.9,240,458.93,40,458.94,200,,,,,,,,,,,,
2026-01-16 09:34:17,458.86,458.86,1,458.83,40,458.89,40,458.89,458.83,458.83,40,458.82,240,458.77,240,458.76,120,458.75,80,458.74,320,458.73,200,458.72,160,458.71,40,458.66,40,458.89,40,458.9,320,458.93,40,458.94,200,,,,,,,,,,,,
2026-01-16 09:34:18,458.86,458.86,6,458.82,240,458.9,320,458.9,458.82,458.82,240,458.77,240,458.76,120,458.75,80,458.74,320,458.73,200,458.72,160,458.71,40,458.66,40,458.65,120,458.9,320,458.93,40,458.94,200,,,,,,,,,,,,,,
2026-01-16 09:34:19,458.915,458.94,1,458.87,40,458.96,160,458.96,458.87,458.87,40,458.86,40,458.84,40,458.83,40,458.82,240,458.77,240,458.76,120,458.75,80,458.74,320,458.73,200,458.96,160,,,,,,,,,,,,,,,,,,
2026-01-16 09:34:20,459.015,459.01,2,458.95,240,459.08,200,459.08,458.95,458.95,240,458.92,40,458.91,80,458.84,120,458.83,40,458.82,240,458.77,240,458.76,120,458.75,80,458.74,320,459.08,200,,,,,,,,,,,,,,,,,,
2026-01-16 09:34:21,459.06,459.06,2,459.02,40,459.1,80,459.1,459.02,459.02,40,459.0,80,458.95,240,458.92,40,458.91,80,458.84,120,458.83,40,458.82,240,458.77,240,458.76,120,459.1,80,459.12,80,,,,,,,,,,,,,,,,
2026-01-16 09:34:22,459.145,459.17,2,459.1,280,459.19,120,459.19,459.1,459.1,280,459.08,80,459.03,40,458.97,40,458.96,80,458.95,240,458.92,40,458.91,80,458.84,120,458.83,40,459.19,120,,,,,,,,,,,,,,,,,,
2026-01-16 09:34:23,459.205,459.21,1,459.16,40,459.25,520,459.25,459.16,459.16,40,459.11,80,459.1,280,459.08,80,459.03,40,458.97,40,458.96,80,458.95,240,458.92,40,458.91,80,459.25,520,,,,,,,,,,,,,,,,,,
2026-01-16 09:34:24,459.205,459.24,5,459.16,320,459.25,520,459.25,459.16,459.16,320,459.11,80,459.1,280,459.08,80,459.03,40,458.97,40,458.96,80,458.95,240,458.92,40,458.91,80,459.25,520,,,,,,,,,,,,,,,,,,
2026-01-16 09:34:25,459.21,459.16,2,459.17,400,459.25,520,459.25,459.17,459.17,400,459.16,320,459.11,80,459.1,280,459.08,80,459.03,40,458.97,40,458.96,80,458.95,240,458.92,40,459.25,520,,,,,,,,,,,,,,,,,,
2026-01-16 09:34:26,459.15,459.15,2,459.11,40,459.19,40,459.19,459.11,459.11,40,459.1,40,459.09,40,459.08,80,459.03,40,458.97,40,458.96,80,458.95,240,458.92,40,458.91,80,459.19,40,459.2,960,459.23,80,459.25,520,,,,,,,,,,,,
2026-01-16 09:34:27,459.16,459.15,1,459.13,80,459.19,120,459.19,459.13,459.13,80,459.1,80,459.09,40,459.08,80,459.03,40,458.97,40,458.96,80,458.95,240,458.92,40,458.91,80,459.19,120,459.2,960,459.23,80,459.25,520,,,,,,,,,,,,
2026-01-16 09:34:28,459.16,459.14,1,459.13,40,459.19,120,459.19,459.13,459.13,40,459.1,80,459.09,40,459.08,80,459.03,40,458.97,40,458.96,80,458.95,240,458.92,40,458.91,80,459.19,120,459.2,960,459.23,80,459.25,520,,,,,,,,,,,,
2026-01-16 09:34:29,459.15,459.17,1,459.11,40,459.19,80,459.19,459.11,459.11,40,459.06,80,459.05,40,459.04,40,459.03,40,458.97,40,458.96,80,458.95,240,458.92,40,458.91,80,459.19,80,459.2,840,459.23,80,459.25,520,,,,,,,,,,,,
2026-01-16 09:34:30,459.165,459.17,3,459.11,80,459.22,40,459.22,459.11,459.11,80,459.07,120,459.06,80,459.05,40,459.04,40,459.03,40,458.97,40,458.96,80,458.95,240,458.92,40,459.22,40,459.23,80,459.25,520,,,,,,,,,,,,,,
2026-01-16 09:34:31,459.19,459.17,3,459.16,120,459.22,120,459.22,459.16,459.16,120,459.15,160,459.11,80,459.07,120,459.06,80,459.05,40,459.04,40,459.03,40,458.97,40,458.96,80,459.22,120,459.23,80,459.25,520,,,,,,,,,,,,,,
2026-01-16 09:34:32,459.305,459.33,1,459.23,80,459.38,1280,459.38,459.23,459.23,80,459.21,80,459.2,80,459.18,80,459.16,160,459.15,160,459.11,80,459.07,120,459.06,80,459.05,40,459.38,1280,,,,,,,,,,,,,,,,,,
2026-01-16 09:34:33,459.31,459.25,1,459.24,120,459.38,1280,459.38,459.24,459.24,120,459.23,120,459.21,80,459.2,80,459.18,80,459.16,160,459.15,160,459.11,80,459.07,120,459.06,80,459.38,1280,,,,,,,,,,,,,,,,,,
2026-01-16 09:34:34,459.31,459.29,4,459.24,120,459.38,1320,459.38,459.24,459.24,120,459.23,120,459.21,80,459.2,80,459.18,80,459.16,160,459.15,160,459.11,80,459.07,120,459.06,80,459.38,1320,,,,,,,,,,,,,,,,,,
2026-01-16 09:34:35,459.255,459.31,3,459.21,40,459.3,120,459.3,459.21,459.21,40,459.2,80,459.18,80,459.16,160,459.15,160,459.11,80,459.07,120,459.06,80,459.05,40,459.04,40,459.3,120,459.31,120,459.37,40,459.38,1320,,,,,,,,,,,,
2026-01-16 09:34:36,459.265,459.31,1,459.22,120,459.31,160,459.31,459.22,459.22,120,459.21,120,459.2,80,459.18,80,459.16,160,459.15,160,459.11,80,459.07,120,459.06,80,459.05,40,459.31,160,459.37,40,459.38,1320,,,,,,,,,,,,,,
2026-01-16 09:34:37,459.325,459.31,1,459.28,40,459.37,120,459.37,459.28,459.28,40,459.27,160,459.26,160,459.25,160,459.22,120,459.21,120,459.2,80,459.18,80,459.16,160,459.15,160,459.37,120,459.38,1320,,,,,,,,,,,,,,,,
2026-01-16 09:34:38,459.22,459.26,2,459.18,120,459.26,520,459.26,459.18,459.18,120,459.16,160,459.15,160,459.11,80,459.07,120,459.06,80,459.05,40,459.04,40,459.03,40,458.97,40,459.26,520,459.32,40,459.34,520,459.35,120,459.36,200,459.37,880,459.38,1320,,,,,,
2026-01-16 09:34:39,459.18,459.16,1,459.12,160,459.24,40,459.24,459.12,459.12,160,459.11,120,459.07,120,459.06,80,459.05,40,459.04,40,459.03,40,458.97,40,458.96,80,458.95,240,459.24,40,459.26,40,459.29,40,459.32,40,459.34,520,459.35,120,459.36,200,459.37,880,459.38,1320,,
2026-01-16 09:34:40,459.185,459.16,1,459.13,40,459.24,80,459.24,459.13,459.13,40,459.12,160,459.11,120,459.07,120,459.06,80,459.05,40,459.04,40,459.03,40,458.97,40,458.96,80,459.24,80,459.26,40,459.29,40,459.32,40,459.34,520,459.35,120,459.36,200,459.37,880,459.38,1320,,
2026-01-16 09:34:41,459.19,459.18,3,459.14,40,459.24,320,459.24,459.14,459.14,40,459.13,160,459.12,160,459.11,120,459.07,120,459.06,80,459.05,40,459.04,40,459.03,40,458.97,40,459.24,320,459.26,40,459.29,40,459.32,40,459.34,520,459.35,120,459.36,200,459.37,880,459.38,1320,,
2026-01-16 09:34:42,459.0,459.08,1,458.96,120,459.04,40,459.04,458.96,458.96,120,458.95,240,458.92,40,458.91,80,458.84,120,458.83,40,458.82,240,458.77,240,458.76,120,458.75,80,459.04,40,459.05,80,459.06,80,459.12,80,459.15,480,459.17,80,459.18,280,459.19,280,459.23,200,459.24,560
2026-01-16 09:34:43,459.03,459.04,2,458.96,80,459.1,480,459.1,458.96,458.96,80,458.93,80,458.92,40,458.91,80,458.84,120,458.83,40,458.82,240,458.77,240,458.76,120,458.75,80,459.1,480,459.12,80,459.15,480,459.17,80,459.18,280,459.19,280,459.23,200,459.24,560,459.26,40,459.29,40
2026-01-16 09:34:44,459.0,459.0,6,458.94,80,459.06,120,459.06,458.94,458.94,80,458.93,80,458.91,80,458.87,80,458.84,760,458.83,40,458.82,240,458.77,240,458.76,120,458.75,80,459.06,120,459.08,40,459.1,560,459.12,80,459.15,480,459.17,80,459.18,280,459.19,280,459.23,200,459.24,560
2026-01-16 09:34:45,459.105,459.14,1,459.03,120,459.18,40,459.18,459.03,459.03,120,459.0,120,458.96,40,458.95,40,458.94,200,458.93,80,458.91,80,458.87,80,458.84,760,458.83,40,459.18,40,459.19,80,459.2,280,459.23,200,459.24,560,459.26,40,459.29,40,459.32,40,459.34,520,459.35,120
2026-01-16 09:34:46,459.105,459.11,1,459.04,80,459.17,160,459.17,459.04,459.04,80,459.03,120,459.0,120,458.96,40,458.95,40,458.94,200,458.93,80,458.91,80,458.87,80,458.84,760,459.17,160,459.18,120,459.19,40,459.2,280,459.23,200,459.24,560,459.26,40,459.29,40,459.32,40,459.34,520
2026-01-16 09:34:47,459.09,459.06,1,459.03,120,459.15,40,459.15,459.03,459.03,120,459.0,120,458.96,40,458.95,40,458.94,200,458.93,80,458.91,80,458.87,80,458.84,760,458.83,40,459.15,40,459.17,160,459.18,120,459.19,40,459.2,280,459.23,200,459.24,560,459.26,40,459.29,40,459.32,40
2026-01-16 09:34:48,458.915,458.92,1,458.84,120,458.99,120,458.99,458.84,458.84,120,458.83,40,458.82,240,458.77,240,458.76,120,458.75,80,458.74,320,458.73,200,458.72,160,458.71,40,458.99,120,459.0,80,459.06,280,459.07,80,459.11,240,459.14,80,459.15,40,459.17,160,459.18,120,459.19,40
2026-01-16 09:34:49,458.9,458.93,1,458.84,200,458.96,120,458.96,458.84,458.84,200,458.83,40,458.82,240,458.77,240,458.76,120,458.75,80,458.74,320,458.73,200,458.72,160,458.71,40,458.96,120,458.99,200,459.0,80,459.06,280,459.07,80,459.11,240,459.14,80,459.15,40,459.17,160,459.18,120
2026-01-16 09:34:50,458.9,458.92,1,458.85,40,458.95,120,458.95,458.85,458.85,40,458.84,200,458.83,40,458.82,240,458.77,240,458.76,120,458.75,80,458.74,320,458.73,200,458.72,160,458.95,120,458.96,160,458.99,200,459.0,80,459.06,280,459.07,80,459.11,240,459.14,80,459.15,40,459.17,160
2026-01-16 09:34:51,458.905,458.92,1,458.84,240,458.97,120,458.97,458.84,458.84,240,458.83,40,458.82,240,458.77,240,458.76,120,458.75,80,458.74,320,458.73,200,458.72,160,458.71,40,458.97,120,458.99,200,459.0,80,459.06,280,459.07,80,459.11,240,459.14,80,459.15,40,459.17,160,459.18,120
2026-01-16 09:34:52,458.915,458.92,1,458.86,40,458.97,160,458.97,458.86,458.86,40,458.84,240,458.83,40,458.82,240,458.77,240,458.76,120,458.75,80,458.74,320,458.73,200,458.72,160,458.97,160,458.99,200,459.0,80,459.06,280,459.07,80,459.11,240,459.14,80,459.15,40,459.17,160,459.18,120
2026-01-16 09:34:53,458.92,458.92,1,458.87,40,458.97,240,458.97,458.87,458.87,40,458.86,40,458.84,240,458.83,40,458.82,240,458.77,240,458.76,120,458.75,80,458.74,320,458.73,200,458.97,240,458.99,200,459.0,80,459.06,280,459.07,80,459.11,240,459.14,80,459.15,40,459.17,160,459.18,120
2026-01-16 09:34:54,458.855,458.83,5,458.81,80,458.9,120,458.9,458.81,458.81,80,458.77,240,458.76,120,458.75,80,458.74,320,458.73,200,458.72,160,458.71,40,458.66,40,458.65,120,458.9,120,458.95,40,458.96,80,458.97,240,458.99,200,459.0,80,459.06,280,459.07,80,459.11,240,459.14,80
2026-01-16 09:34:55,458.82,458.84,1,458.78,80,458.86,40,458.86,458.78,458.78,80,458.77,240,458.76,120,458.75,80,458.74,320,458.73,200,458.72,160,458.71,40,458.66,40,458.65,120,458.86,40,458.88,360,458.91,40,458.94,40,458.96,120,458.97,200,458.99,200,459.0,80,459.06,280,459.07,80
2026-01-16 09:34:56,458.83,458.83,4,458.79,120,458.87,160,458.87,458.79,458.79,120,458.78,120,458.77,240,458.76,120,458.75,80,458.74,320,458.73,200,458.72,160,458.71,40,458.66,40,458.87,160,458.88,360,458.91,40,458.94,40,458.96,120,458.97,200,458.99,200,459.0,80,459.06,280,459.07,80
2026-01-16 09:34:57,458.83,458.83,1,458.79,120,458.87,280,458.87,458.79,458.79,120,458.78,120,458.77,240,458.76,120,458.75,80,458.74,320,458.73,200,458.72,160,458.71,40,458.66,40,458.87,280,458.88,360,458.91,40,458.94,40,458.96,120,458.97,200,458.99,200,459.0,80,459.06,280,459.07,80
2026-01-16 09:34:58,458.835,458.8,10,458.8,40,458.87,280,458.87,458.8,458.8,40,458.79,200,458.78,120,458.77,240,458.76,120,458.75,80,458.74,320,458.73,200,458.72,160,458.71,40,458.87,280,458.88,360,458.91,40,458.94,40,458.96,120,458.97,200,458.99,200,459.0,80,459.06,280,459.07,80
2026-01-16 09:34:59,458.825,458.82,2,458.78,40,458.87,440,458.87,458.78,458.78,40,458.77,240,458.76,120,458.75,80,458.74,320,458.73,200,458.72,160,458.71,40,458.66,40,458.65,120,458.87,440,458.88,360,458.91,40,458.94,40,458.96,120,458.97,200,458.99,200,459.0,80,459.06,280,459.07,80
2026-01-16 09:35:00,458.83,458.83,1,458.79,40,458.87,400,458.87,458.79,458.79,40,458.78,40,458.77,240,458.76,120,458.75,80,458.74,320,458.73,200,458.72,160,458.71,40,458.66,40,458.87,400,458.88,360,458.91,40,458.94,40,458.96,120,458.97,200,458.99,200,459.0,80,459.06,280,459.07,80
2026-01-16 09:35:01,458.74,458.77,1,458.7,80,458.78,240,458.78,458.7,458.7,80,458.66,80,458.65,120,458.64,80,458.63,160,458.62,40,458.6,80,458.58,120,458.54,40,458.53,120,458.78,240,458.79,80,458.82,160,458.85,200,458.87,360,458.88,360,458.91,40,458.94,40,458.96,120,458.97,200
2026-01-16 09:35:02,458.66,458.7,1,458.59,120,458.73,160,458.73,458.59,458.59,120,458.58,120,458.54,40,458.53,120,458.5,40,458.47,120,458.46,40,458.45,80,458.44,80,458.41,40,458.73,160,458.74,120,458.78,240,458.79,80,458.82,160,458.85,200,458.87,360,458.88,360,458.91,40,458.94,40
2026-01-16 09:35:03,458.665,458.7,1,458.6,40,458.73,200,458.73,458.6,458.6,40,458.59,120,458.58,120,458.54,40,458.53,120,458.5,40,458.47,120,458.46,40,458.45,80,458.44,80,458.73,200,458.74,120,458.78,240,458.79,80,458.82,160,458.85,200,458.87,360,458.88,360,458.91,40,458.94,40
2026-01-16 09:35:04,458.63,458.6,2,458.59,40,458.67,200,458.67,458.59,458.59,40,458.58,120,458.54,40,458.53,120,458.5,40,458.47,120,458.46,40,458.45,80,458.44,80,458.41,40,458.67,200,458.72,80,458.73,480,458.74,120,458.78,240,458.79,80,458.82,160,458.85,200,458.87,360,458.88,360
2026-01-16 09:35:05,458.64,458.67,1,458.6,80,458.68,80,458.68,458.6,458.6,80,458.51,40,458.5,160,458.47,120,458.46,40,458.45,80,458.44,80,458.41,40,458.4,80,458.37,80,458.68,80,458.7,200,458.72,80,458.73,480,458.74,120,458.78,240,458.79,80,458.82,160,458.85,200,458.87,360
2026-01-16 09:35:06,458.705,458.67,1,458.68,40,458.73,480,458.73,458.68,458.68,40,458.63,80,458.6,80,458.51,40,458.5,160,458.47,120,458.46,40,458.45,80,458.44,80,458.41,40,458.73,480,458.74,120,458.78,240,458.79,80,458.82,160,458.85,200,458.87,360,458.88,360,458.91,40,458.94,40
2026-01-16 09:35:07,458.755,458.74,1,458.73,80,458.78,200,458.78,458.73,458.73,80,458.7,80,458.68,40,458.63,80,458.6,80,458.51,40,458.5,160,458.47,120,458.46,40,458.45,80,458.78,200,458.79,80,458.82,160,458.85,200,458.87,360,458.88,360,458.91,40,458.94,40,458.96,120,458.97,200
2026-01-16 09:35:08,458.84,458.77,1,458.81,40,458.87,320,458.87,458.81,458.81,40,458.8,40,458.77,40,458.74,120,458.73,80,458.7,80,458.68,40,458.63,80,458.6,80,458.51,40,458.87,320,458.88,360,458.91,40,458.94,40,458.96,120,458.97,200,458.99,200,459.0,80,459.06,280,459.07,80
2026-01-16 09:35:09,458.865,458.84,21,458.84,80,458.89,40,458.89,458.84,458.84,80,458.81,120,458.8,40,458.77,40,458.74,120,458.73,80,458.7,80,458.68,40,458.63,80,458.6,80,458.89,40,458.9,40,458.91,40,458.94,40,458.96,120,458.97,200,458.99,200,459.0,80,459.06,280,459.07,80
2026-01-16 09:35:10,458.915,458.84,21,458.87,80,458.96,160,458.96,458.87,458.87,80,458.84,40,458.81,120,458.8,40,458.77,40,458.74,120,458.73,80,458.7,80,458.68,40,458.63,80,458.96,160,458.97,200,458.99,200,459.0,80,459.06,280,459.07,80,459.11,240,459.14,80,459.15,40,459.17,160
2026-01-16 09:35:11,458.915,458.92,1,458.87,120,458.96,160,458.96,458.87,458.87,120,458.84,40,458.81,120,458.8,40,458.77,40,458.74,120,458.73,80,458.7,80,458.68,40,458.63,80,458.96,160,458.97,200,458.99,200,459.0,80,459.06,280,459.07,80,459.11,240,459.14,80,459.15,40,459.17,160
2026-01-16 09:35:12,458.94,458.92,1,458.9,40,458.98,120,458.98,458.9,458.9,40,458.89,120,458.87,120,458.84,40,458.81,120,458.8,40,458.77,40,458.74,120,458.73,80,458.7,80,458.98,120,458.99,200,459.0,80,459.06,280,459.07,80,459.11,240,459.14,80,459.15,40,459.17,160,459.18,120
2026-01-16 09:35:13,458.945,458.92,1,458.9,80,458.99,200,458.99,458.9,458.9,80,458.89,120,458.87,120,458.84,40,458.81,120,458.8,40,458.77,40,458.74,120,458.73,80,458.7,80,458.99,200,459.0,80,459.06,280,459.07,80,459.11,240,459.14,80,459.15,40,459.17,160,459.18,120,459.19,40
2026-01-16 09:35:14,458.945,458.92,1,458.9,320,458.99,240,458.99,458.9,458.9,320,458.89,120,458.87,120,458.84,40,458.81,120,458.8,40,458.77,40,458.74,120,458.73,80,458.7,80,458.99,240,459.0,80,459.06,280,459.07,80,459.11,240,459.14,80,459.15,40,459.17,160,459.18,120,459.19,40
2026-01-16 09:35:15,458.935,458.9,2,458.88,40,458.99,280,458.99,458.88,458.88,40,458.87,40,458.86,40,458.74,160,458.73,80,458.7,80,458.68,40,458.63,80,458.6,80,458.51,40,458.99,280,459.0,80,459.06,280,459.07,80,459.11,240,459.14,80,459.15,40,459.17,160,459.18,120,459.19,40
2026-01-16 09:35:16,458.935,458.94,1,458.88,40,458.99,280,458.99,458.88,458.88,40,458.87,40,458.86,40,458.74,160,458.73,80,458.7,80,458.68,40,458.63,80,458.6,80,458.51,40,458.99,280,459.0,80,459.06,280,459.07,80,459.11,240,459.14,80,459.15,40,459.17,160,459.18,120,459.19,40
2026-01-16 09:35:17,458.915,458.9,3,458.88,120,458.95,40,458.95,458.88,458.88,120,458.87,40,458.86,40,458.74,160,458.73,80,458.7,80,458.68,40,458.63,80,458.6,80,458.51,40,458.95,40,458.98,80,458.99,280,459.0,80,459.06,280,459.07,80,459.11,240,459.14,80,459.15,40,459.17,160
2026-01-16 09:35:18,458.83,458.91,10,458.77,80,458.89,80,458.89,458.77,458.77,80,458.76,80,458.74,160,458.73,80,458.7,80,458.68,40,458.63,80,458.6,80,458.51,40,458.5,160,458.89,80,458.9,160,458.91,13800,458.92,80,458.95,80,458.98,80,458.99,280,459.0,80,459.06,280,459.07,80
2026-01-16 09:35:19,458.82,458.82,1,458.77,80,458.87,40,458.87,458.77,458.77,80,458.76,80,458.74,160,458.73,80,458.7,80,458.68,40,458.63,80,458.6,80,458.51,40,458.5,160,458.87,40,458.88,1280,458.89,120,458.9,160,458.91,13800,458.92,80,458.95,80,458.98,80,458.99,280,459.0,80
2026-01-16 09:35:20,458.825,458.85,1,458.78,40,458.87,160,458.87,458.78,458.78,40,458.77,80,458.76,80,458.74,160,458.73,80,458.7,80,458.68,40,458.63,80,458.6,80,458.51,40,458.87,160,458.88,1280,458.89,120,458.9,160,458.91,13800,458.92,80,458.95,80,458.98,80,458.99,280,459.0,80
2026-01-16 09:35:21,458.825,458.85,1,458.78,120,458.87,160,458.87,458.78,458.78,120,458.77,80,458.76,80,458.74,160,458.73,80,458.7,80,458.68,40,458.63,80,458.6,80,458.51,40,458.87,160,458.88,1280,458.89,120,458.9,160,458.91,13800,458.92,80,458.95,80,458.98,80,458.99,280,459.0,80
2026-01-16 09:35:22,458.95,458.95,1,458.9,200,459.0,160,459.0,458.9,458.9,200,458.89,160,458.87,160,458.83,40,458.82,80,458.78,160,458.77,80,458.76,80,458.74,160,458.73,80,459.0,160,459.06,280,459.07,80,459.11,240,459.14,80,459.15,40,459.17,160,459.18,120,459.19,40,459.2,280
2026-01-16 09:35:23,458.895,458.9,1,458.83,80,458.96,80,458.96,458.83,458.83,80,458.82,80,458.78,160,458.77,80,458.76,80,458.74,160,458.73,80,458.7,80,458.68,40,458.63,80,458.96,80,458.98,40,458.99,80,459.0,160,459.06,280,459.07,80,459.11,240,459.14,80,459.15,40,459.17,160
2026-01-16 09:35:24,458.88,458.88,2,458.83,120,458.93,80,458.93,458.83,458.83,120,458.82,80,458.78,160,458.77,80,458.76,80,458.74,160,458.73,80,458.7,80,458.68,40,458.63,80,458.93,80,458.96,120,458.98,40,458.99,80,459.0,160,459.06,280,459.07,80,459.11,240,459.14,80,459.15,40
2026-01-16 09:35:25,458.755,458.88,2,458.7,40,458.81,320,458.81,458.7,458.7,40,458.69,40,458.68,40,458.63,80,458.6,80,458.51,40,458.5,160,458.47,120,458.46,40,458.45,80,458.81,320,458.88,200,458.92,40,458.93,200,458.96,120,458.98,40,458.99,80,459.0,160,459.06,280,459.07,80
2026-01-16 09:35:26,458.815,458.77,1,458.75,120,458.88,400,458.88,458.75,458.75,120,458.74,200,458.73,160,458.71,200,458.7,40,458.69,40,458.68,40,458.63,80,458.6,80,458.51,40,458.88,400,458.92,40,458.93,200,458.96,120,458.98,40,458.99,80,459.0,160,459.06,280,459.07,80,459.11,240
2026-01-16 09:35:27,458.965,458.97,1,458.94,120,458.99,120,458.99,458.94,458.94,120,458.93,480,458.9,40,458.89,200,458.88,280,458.84,120,458.83,120,458.82,40,458.81,40,458.8,120,458.99,120,459.0,80,459.01,160,459.06,280,459.07,80,459.11,240,459.14,80,459.15,40,459.17,160,459.18,120
2026-01-16 09:35:28,458.98,459.02,1,458.93,120,459.03,240,459.03,458.93,458.93,120,458.92,160,458.88,40,458.87,80,458.83,120,458.82,40,458.81,40,458.8,120,458.78,40,458.77,80,459.03,240,459.06,280,459.07,80,459.11,240,459.14,80,459.15,40,459.17,160,459.18,120,459.19,40,459.2,280
2026-01-16 09:35:29,458.96,458.96,1,458.9,80,459.02,40,459.02,458.9,458.9,80,458.84,80,458.83,120,458.82,40,458.81,40,458.8,120,458.78,40,458.77,80,458.75,120,458.74,200,459.02,40,459.03,240,459.06,280,459.07,80,459.11,240,459.14,80,459.15,40,459.17,160,459.18,120,459.19,40
2026-01-16 09:35:30,458.98,458.96,1,458.96,40,459.0,40,459.0,458.96,458.96,40,458.91,40,458.9,40,458.84,80,458.83,120,458.82,40,458.81,40,458.8,120,458.78,40,458.77,80,459.0,40,459.03,240,459.06,280,459.07,80,459.11,240,459.14,80,459.15,40,459.17,160,459.18,120,459.19,40
2026-01-16 09:35:31,458.95,458.9,2,458.9,40,459.0,40,459.0,458.9,458.9,40,458.84,80,458.83,120,458.82,40,458.81,40,458.8,120,458.78,40,458.77,80,458.75,120,458.74,200,459.0,40,459.03,240,459.06,280,459.07,80,459.11,240,459.14,80,459.15,40,459.17,160,459.18,120,459.19,40
2026-01-16 09:35:32,458.99,458.99,1,458.96,200,459.02,40,459.02,458.96,458.96,200,458.95,120,458.91,120,458.9,160,458.84,80,458.83,120,458.82,40,458.81,40,458.8,120,458.78,40,459.02,40,459.03,240,459.06,280,459.07,80,459.11,240,459.14,80,459.15,40,459.17,160,459.18,120,459.19,40
2026-01-16 09:35:33,459.07,459.1,4,459.01,40,459.13,120,459.13,459.01,459.01,40,459.0,40,458.97,120,458.96,240,458.95,120,458.91,120,458.9,160,458.84,80,458.83,120,458.82,40,459.13,120,459.14,80,459.15,40,459.17,160,459.18,120,459.19,40,459.2,280,459.23,200,459.24,560,459.26,40
2026-01-16 09:35:34,459.045,459.05,1,458.96,200,459.13,160,459.13,458.96,458.96,200,458.95,120,458.91,120,458.9,160,458.84,80,458.83,120,458.82,40,458.81,40,458.8,120,458.78,40,459.13,160,459.14,80,459.15,40,459.17,160,459.18,120,459.19,40,459.2,280,459.23,200,459.24,560,459.26,40
2026-01-16 09:35:35,458.975,459.0,1,458.93,40,459.02,160,459.02,458.93,458.93,40,458.91,120,458.9,160,458.84,80,458.83,120,458.82,40,458.81,40,458.8,120,458.78,40,458.77,80,459.02,160,459.06,120,459.07,40,459.13,120,459.14,80,459.15,40,459.17,160,459.18,120,459.19,40,459.2,280
2026-01-16 09:35:36,459.065,459.02,1,459.0,40,459.13,160,459.13,459.0,459.0,40,458.96,80,458.93,40,458.91,80,458.9,80,458.88,80,458.84,80,458.83,120,458.82,40,458.81,40,459.13,160,459.14,80,459.15,40,459.17,160,459.18,120,459.19,40,459.2,280,459.23,200,459.24,560,459.26,40
2026-01-16 09:35:37,459.065,459.07,1,459.0,40,459.13,240,459.13,459.0,459.0,40,458.96,80,458.93,40,458.91,80,458.9,80,458.88,80,458.84,80,458.83,120,458.82,40,458.81,40,459.13,240,459.14,80,459.15,40,459.17,160,459.18,120,459.19,40,459.2,280,459.23,200,459.24,560,459.26,40
2026-01-16 09:35:38,459.02,459.02,1,458.98,80,459.06,120,459.06,458.98,458.98,80,458.96,80,458.93,40,458.91,80,458.9,80,458.88,80,458.84,80,458.83,120,458.82,40,458.81,40,459.06,120,459.07,80,459.11,40,459.12,80,459.13,320,459.14,80,459.15,40,459.17,160,459.18,120,459.19,40
2026-01-16 09:35:39,459.02,459.02,1,458.98,120,459.06,240,459.06,458.98,458.98,120,458.96,80,458.93,40,458.91,80,458.9,80,458.88,80,458.84,80,458.83,120,458.82,40,458.81,40,459.06,240,459.07,80,459.11,40,459.12,80,459.13,320,459.14,80,459.15,40,459.17,160,459.18,120,459.19,40
2026-01-16 09:35:40,459.0,459.02,1,458.96,120,459.04,40,459.04,458.96,458.96,120,458.93,40,458.91,80,458.9,80,458.88,80,458.84,80,458.83,120,458.82,40,458.81,40,458.8,120,459.04,40,459.05,120,459.06,240,459.07,80,459.11,40,459.12,80,459.13,320,459.14,80,459.15,40,459.17,160
2026-01-16 09:35:41,459.04,459.02,1,459.02,120,459.06,360,459.06,459.02,459.02,120,459.01,80,459.0,120,458.99,80,458.97,240,458.96,160,458.93,40,458.91,80,458.9,80,458.88,80,459.06,360,459.07,80,459.11,40,459.12,80,459.13,320,459.14,80,459.15,40,459.17,160,459.18,120,459.19,40
2026-01-16 09:35:42,459.13,459.13,1,459.07,320,459.19,560,459.19,459.07,459.07,320,459.06,120,459.05,80,459.04,200,459.03,440,459.01,120,458.97,160,458.96,160,458.93,40,458.91,80,459.19,560,459.2,280,459.23,200,459.24,560,459.26,40,459.29,40,459.32,40,459.34,520,459.35,120,459.36,200
2026-01-16 09:35:43,459.12,459.12,1,459.07,360,459.17,40,459.17,459.07,459.07,360,459.06,120,459.05,80,459.04,200,459.03,440,459.01,120,458.97,160,458.96,160,458.93,40,458.91,80,459.17,40,459.2,40,459.23,120,459.24,560,459.26,40,459.29,40,459.32,40,459.34,520,459.35,120,459.36,200
2026-01-16 09:35:44,459.135,459.07,1,459.07,360,459.2,40,459.2,459.07,459.07,360,459.06,120,459.05,80,459.04,200,459.03,440,459.01,120,458.97,160,458.96,160,458.93,40,458.91,80,459.2,40,459.23,120,459.24,560,459.26,40,459.29,40,459.32,40,459.34,520,459.35,120,459.36,200,459.37,880
2026-01-16 09:35:45,459.035,459.04,1,458.96,160,459.11,40,459.11,458.96,458.96,160,458.93,40,458.91,80,458.9,80,458.88,80,458.84,80,458.83,120,458.82,40,458.81,40,458.8,120,459.11,40,459.12,120,459.14,40,459.17,80,459.2,40,459.23,120,459.24,560,459.26,40,459.29,40,459.32,40
2026-01-16 09:35:46,459.055,459.04,1,458.99,280,459.12,240,459.12,458.99,458.99,280,458.97,120,458.96,160,458.93,40,458.91,80,458.9,80,458.88,80,458.84,80,458.83,120,458.82,40,459.12,240,459.14,40,459.17,80,459.2,40,459.23,120,459.24,560,459.26,40,459.29,40,459.32,40,459.34,520
2026-01-16 09:35:47,459.04,459.06,1,458.99,120,459.09,40,459.09,458.99,458.99,120,458.97,120,458.96,160,458.93,40,458.91,80,458.9,80,458.88,80,458.84,80,458.83,120,458.82,40,459.09,40,459.12,240,459.14,40,459.17,80,459.2,40,459.23,120,459.24,560,459.26,40,459.29,40,459.32,40
2026-01-16 09:35:48,459.045,459.05,1,458.99,240,459.1,200,459.1,458.99,458.99,240,458.97,120,458.96,160,458.93,40,458.91,80,458.9,80,458.88,80,458.84,80,458.83,120,458.82,40,459.1,200,459.12,240,459.14,40,459.17,80,459.2,40,459.23,120,459.24,560,459.26,40,459.29,40,459.32,40
2026-01-16 09:35:49,459.035,459.05,1,458.99,240,459.08,80,459.08,458.99,458.99,240,458.97,120,458.96,160,458.93,40,458.91,80,458.9,80,458.88,80,458.84,80,458.83,120,458.82,40,459.08,80,459.1,200,459.12,240,459.14,40,459.17,80,459.2,40,459.23,120,459.24,560,459.26,40,459.29,40
2026-01-16 09:35:50,459.035,459.05,1,458.99,240,459.08,200,459.08,458.99,458.99,240,458.97,120,458.96,160,458.93,40,458.91,80,458.9,80,458.88,80,458.84,80,458.83,120,458.82,40,459.08,200,459.1,200,459.12,240,459.14,40,459.17,80,459.2,40,459.23,120,459.24,560,459.26,40,459.29,40
2026-01-16 09:35:51,458.99,459.04,1,458.97,120,459.01,80,459.01,458.97,458.97,120,458.96,160,458.93,40,458.91,80,458.9,80,458.88,80,458.84,80,458.83,120,458.82,40,458.81,40,459.01,80,459.02,40,459.03,80,459.04,40,459.05,80,459.06,80,459.07,160,459.08,80,459.1,200,459.12,240
2026-01-16 09:35:52,459.0,459.0,1,458.97,120,459.03,200,459.03,458.97,458.97,120,458.96,160,458.93,40,458.91,80,458.9,80,458.88,80,458.84,80,458.83,120,458.82,40,458.81,40,459.03,200,459.04,40,459.05,80,459.06,80,459.07,160,459.08,80,459.1,200,459.12,240,459.14,40,459.17,80
2026-01-16 09:35:53,459.13,459.14,1,459.06,40,459.2,40,459.2,459.06,459.06,40,459.05,40,459.04,120,459.03,80,459.02,120,458.99,40,458.98,40,458.97,120,458.96,160,458.93,40,459.2,40,459.21,160,459.23,200,459.24,560,459.26,40,459.29,40,459.32,40,459.34,520,459.35,120,459.36,200
2026-01-16 09:35:54,459.005,459.01,2,458.96,200,459.05,40,459.05,458.96,458.96,200,458.93,40,458.91,80,458.9,80,458.88,80,458.84,80,458.83,120,458.82,40,458.81,40,458.8,120,459.05,40,459.06,120,459.1,40,459.12,240,459.13,40,459.14,80,459.21,200,459.23,200,459.24,560,459.26,40
2026-01-16 09:35:55,458.95,458.87,1,458.88,40,459.02,200,459.02,458.88,458.88,40,458.86,80,458.84,80,458.83,120,458.82,40,458.81,40,458.8,120,458.78,40,458.77,80,458.75,120,459.02,200,459.05,160,459.06,120,459.1,40,459.12,240,459.13,40,459.14,80,459.21,200,459.23,200,459.24,560
2026-01-16 09:35:56,458.88,459.02,1,458.83,200,458.93,40,458.93,458.83,458.83,200,458.82,40,458.81,40,458.8,120,458.78,40,458.77,80,458.75,120,458.74,200,458.73,160,458.71,200,458.93,40,458.96,40,458.97,80,459.01,40,459.02,200,459.05,160,459.06,120,459.1,40,459.12,240,459.13,40
2026-01-16 09:35:57,458.88,459.02,1,458.83,200,458.93,120,458.93,458.83,458.83,200,458.82,120,458.81,360,458.8,120,458.78,40,458.77,80,458.75,120,458.74,200,458.73,160,458.71,200,458.93,120,458.96,40,458.97,80,459.01,40,459.02,200,459.05,160,459.06,120,459.1,40,459.12,240,459.13,40
2026-01-16 09:35:58,458.9,458.93,5,458.87,80,458.93,80,458.93,458.87,458.87,80,458.83,200,458.82,120,458.81,360,458.8,120,458.78,40,458.77,80,458.75,120,458.74,200,458.73,160,458.93,80,458.96,40,458.97,80,459.01,40,459.02,200,459.05,160,459.06,120,459.1,40,459.12,240,459.13,40
2026-01-16 09:35:59,459.025,459.06,1,458.97,80,459.08,40,459.08,458.97,458.97,80,458.96,80,458.93,120,458.92,80,458.91,40,458.89,40,458.87,200,458.83,200,458.82,120,458.81,360,459.08,40,459.09,40,459.1,40,459.12,240,459.13,40,459.14,80,459.21,200,459.23,200,459.24,560,459.26,40
2026-01-16 09:36:00,459.1,459.1,2,459.03,80,459.17,80,459.17,459.03,459.03,80,459.02,80,459.01,40,458.99,120,458.97,120,458.96,80,458.93,120,458.92,80,458.91,40,458.89,40,459.17,80,459.21,200,459.23,200,459.24,560,459.26,40,459.29,40,459.32,40,459.34,520,459.35,120,459.36,200
2026-01-16 09:36:01,459.115,459.09,1,459.05,40,459.18,120,459.18,459.05,459.05,40,459.04,40,459.03,80,459.02,40,459.01,40,458.99,120,458.97,120,458.96,80,458.93,120,458.92,80,459.18,120,459.21,200,459.23,200,459.24,560,459.26,40,459.29,40,459.32,40,459.34,520,459.35,120,459.36,200
2026-01-16 09:36:02,459.12,459.09,1,459.06,40,459.18,120,459.18,459.06,459.06,40,459.03,160,459.02,40,459.01,40,458.99,120,458.97,120,458.96,80,458.93,120,458.92,80,458.91,40,459.18,120,459.21,200,459.23,200,459.24,560,459.26,40,459.29,40,459.32,40,459.34,520,459.35,120,459.36,200
2026-01-16 09:36:03,459.12,459.09,1,459.06,80,459.18,120,459.18,459.06,459.06,80,459.03,160,459.02,40,459.01,40,458.99,120,458.97,120,458.96,80,458.93,120,458.92,80,458.91,40,459.18,120,459.21,200,459.23,200,459.24,560,459.26,40,459.29,40,459.32,40,459.34,520,459.35,120,459.36,200
2026-01-16 09:36:04,459.145,459.15,3,459.1,80,459.19,80,459.19,459.1,459.1,80,459.09,40,459.08,80,459.07,40,459.06,80,459.03,160,459.02,40,459.01,40,458.99,120,458.97,120,459.19,80,459.21,200,459.23,200,459.24,560,459.26,40,459.29,40,459.32,40,459.34,520,459.35,120,459.36,200
2026-01-16 09:36:05,458.99,459.03,1,458.93,40,459.05,200,459.05,458.93,458.93,40,458.92,80,458.91,40,458.89,40,458.87,200,458.83,200,458.82,120,458.81,360,458.8,120,458.78,40,459.05,200,459.09,80,459.1,2760,459.12,40,459.14,80,459.19,80,459.21,200,459.23,200,459.24,560,459.26,40
2026-01-16 09:36:06,459.015,459.01,1,458.98,80,459.05,200,459.05,458.98,458.98,80,458.93,40,458.92,80,458.91,40,458.89,40,458.87,200,458.83,200,458.82,120,458.81,360,458.8,120,459.05,200,459.09,80,459.1,2760,459.12,40,459.14,80,459.19,80,459.21,200,459.23,200,459.24,560,459.26,40
2026-01-16 09:36:07,459.05,459.0,6,459.0,160,459.1,2760,459.1,459.0,459.0,160,458.99,40,458.98,80,458.93,40,458.92,80,458.91,40,458.89,40,458.87,200,458.83,200,458.82,120,459.1,2760,459.12,40,459.14,80,459.19,80,459.21,200,459.23,200,459.24,560,459.26,40,459.29,40,459.32,40
2026-01-16 09:36:08,459.05,459.02,2,459.0,200,459.1,2760,459.1,459.0,459.0,200,458.99,40,458.98,80,458.93,40,458.92,80,458.91,40,458.89,40,458.87,200,458.83,200,458.82,120,459.1,2760,459.12,40,459.14,80,459.19,80,459.21,200,459.23,200,459.24,560,459.26,40,459.29,40,459.32,40
2026-01-16 09:36:09,459.065,459.02,2,459.03,40,459.1,2760,459.1,459.03,459.03,40,459.02,80,459.0,160,458.99,40,458.98,80,458.93,40,458.92,80,458.91,40,458.89,40,458.87,200,459.1,2760,459.12,40,459.14,80,459.19,80,459.21,200,459.23,200,459.24,560,459.26,40,459.29,40,459.32,40
2026-01-16 09:36:10,459.01,459.0,1,458.99,80,459.03,80,459.03,458.99,458.99,80,458.98,80,458.93,40,458.92,80,458.91,40,458.89,40,458.87,200,458.83,200,458.82,120,458.81,360,459.03,80,459.04,120,459.06,40,459.09,80,459.1,2760,459.12,40,459.14,80,459.19,80,459.21,200,459.23,200
2026-01-16 09:36:11,459.02,459.0,1,458.94,40,459.1,2920,459.1,458.94,458.94,40,458.93,120,458.92,80,458.91,40,458.89,40,458.87,200,458.83,200,458.82,120,458.81,360,458.8,120,459.1,2920,459.12,40,459.14,80,459.19,80,459.21,200,459.23,200,459.24,560,459.26,40,459.29,40,459.32,40
2026-01-16 09:36:12,459.02,459.0,1,458.96,80,459.08,80,459.08,458.96,458.96,80,458.95,160,458.94,120,458.93,120,458.92,80,458.91,40,458.89,40,458.87,200,458.83,200,458.82,120,459.08,80,459.1,2840,459.12,40,459.14,80,459.19,80,459.21,200,459.23,200,459.24,560,459.26,40,459.29,40
2026-01-16 09:36:13,459.06,459.06,1,459.02,80,459.1,2840,459.1,459.02,459.02,80,459.01,80,459.0,80,458.98,40,458.96,40,458.95,160,458.94,120,458.93,120,458.92,80,458.91,40,459.1,2840,459.12,40,459.14,80,459.19,80,459.21,200,459.23,200,459.24,560,459.26,40,459.29,40,459.32,40
2026-01-16 09:36:14,459.0,459.06,1,458.93,160,459.07,120,459.07,458.93,458.93,160,458.92,80,458.91,40,458.89,40,458.87,200,458.83,200,458.82,120,458.81,360,458.8,120,458.78,40,459.07,120,459.08,80,459.1,2840,459.12,40,459.14,80,459.19,80,459.21,200,459.23,200,459.24,560,459.26,40
2026-01-16 09:36:15,459.0,459.0,1,458.93,200,459.07,200,459.07,458.93,458.93,200,458.92,80,458.91,40,458.89,40,458.87,200,458.83,200,458.82,120,458.81,360,458.8,120,458.78,40,459.07,200,459.08,80,459.1,2840,459.12,40,459.14,80,459.19,80,459.21,200,459.23,200,459.24,560,459.26,40
2026-01-16 09:36:16,459.05,459.05,1,459.0,80,459.1,2760,459.1,459.0,459.0,80,458.97,80,458.96,80,458.93,200,458.92,80,458.91,40,458.89,40,458.87,200,458.83,200,458.82,120,459.1,2760,459.12,40,459.14,80,459.19,80,459.21,200,459.23,200,459.24,560,459.26,40,459.29,40,459.32,40
2026-01-16 09:36:17,459.08,459.08,1,459.06,80,459.1,2760,459.1,459.06,459.06,80,459.01,120,459.0,200,458.97,80,458.96,80,458.93,200,458.92,80,458.91,40,458.89,40,458.87,200,459.1,2760,459.12,40,459.14,80,459.19,80,459.21,200,459.23,200,459.24,560,459.26,40,459.29,40,459.32,40
2026-01-16 09:36:18,459.105,459.09,1,459.06,120,459.15,80,459.15,459.06,459.06,120,459.01,120,459.0,200,458.97,80,458.96,80,458.93,200,458.92,80,458.91,40,458.89,40,458.87,200,459.15,80,459.16,160,459.19,80,459.21,200,459.23,200,459.24,560,459.26,40,459.29,40,459.32,40,459.34,520
2026-01-16 09:36:19,459.115,459.09,1,459.07,40,459.16,200,459.16,459.07,459.07,40,459.06,200,459.01,120,459.0,200,458.97,80,458.96,80,458.93,200,458.92,80,458.91,40,458.89,40,459.16,200,459.19,80,459.21,200,459.23,200,459.24,560,459.26,40,459.29,40,459.32,40,459.34,520,459.35,120
2026-01-16 09:36:20,459.115,459.12,2,459.07,120,459.16,200,459.16,459.07,459.07,120,459.06,200,459.01,120,459.0,200,458.97,80,458.96,80,458.93,200,458.92,80,458.91,40,458.89,40,459.16,200,459.19,80,459.21,200,459.23,200,459.24,560,459.26,40,459.29,40,459.32,40,459.34,520,459.35,120
2026-01-16 09:36:21,459.115,459.12,1,459.07,120,459.16,160,459.16,459.07,459.07,120,459.06,200,459.01,120,459.0,200,458.97,80,458.96,80,458.93,200,458.92,80,458.91,40,458.89,40,459.16,160,459.19,80,459.21,200,459.23,200,459.24,560,459.26,40,459.29,40,459.32,40,459.34,520,459.35,120
2026-01-16 09:36:22,459.1,459.11,3,459.06,280,459.14,40,459.14,459.06,459.06,280,459.01,120,459.0,200,458.97,80,458.96,80,458.93,200,458.92,80,458.91,40,458.89,40,458.87,200,459.14,40,459.15,120,459.16,400,459.19,80,459.21,200,459.23,200,459.24,560,459.26,40,459.29,40,459.32,40
2026-01-16 09:36:23,459.095,459.11,3,459.06,280,459.13,200,459.13,459.06,459.06,280,459.01,120,459.0,200,458.97,80,458.96,80,458.93,200,458.92,80,458.91,40,458.89,40,458.87,200,459.13,200,459.15,120,459.16,400,459.19,80,459.21,200,459.23,200,459.24,560,459.26,40,459.29,40,459.32,40
2026-01-16 09:36:25,458.99,458.95,2,458.94,400,459.04,160,459.04,458.94,458.94,400,458.93,120,458.92,80,458.91,40,458.89,40,458.87,200,458.83,200,458.82,120,458.81,360,458.8,120,459.04,160,459.05,200,459.08,40,459.11,40,459.12,80,459.15,120,459.16,400,459.19,80,459.21,200,459.23,200
2026-01-16 09:36:26,458.985,458.95,2,458.94,400,459.03,80,459.03,458.94,458.94,400,458.93,120,458.92,80,458.91,40,458.89,40,458.87,200,458.83,200,458.82,120,458.81,360,458.8,120,459.03,80,459.04,160,459.05,200,459.08,40,459.11,40,459.12,80,459.15,120,459.16,400,459.19,80,459.21,200
2026-01-16 09:36:27,458.99,458.95,2,458.95,80,459.03,80,459.03,458.95,458.95,80,458.94,400,458.93,120,458.92,80,458.91,40,458.89,40,458.87,200,458.83,200,458.82,120,458.81,360,459.03,80,459.04,160,459.05,200,459.08,40,459.11,40,459.12,80,459.15,120,459.16,400,459.19,80,459.21,200
2026-01-16 09:36:28,458.935,458.97,2,458.87,80,459.0,80,459.0,458.87,458.87,80,458.83,200,458.82,120,458.81,360,458.8,120,458.78,40,458.77,80,458.75,120,458.74,200,458.73,160,459.0,80,459.02,80,459.03,160,459.04,160,459.05,200,459.08,40,459.11,40,459.12,80,459.15,120,459.16,400
2026-01-16 09:36:29,458.905,458.91,2,458.87,120,458.94,120,458.94,458.87,458.87,120,458.83,200,458.82,120,458.81,360,458.8,120,458.78,40,458.77,80,458.75,120,458.74,200,458.73,160,458.94,120,458.96,40,458.97,80,459.0,40,459.02,80,459.03,160,459.04,160,459.05,200,459.08,40,459.11,40
2026-01-16 09:36:30,458.92,458.9,1,458.9,40,458.94,200,458.94,458.9,458.9,40,458.87,120,458.83,200,458.82,120,458.81,360,458.8,120,458.78,40,458.77,80,458.75,120,458.74,200,458.94,200,458.98,80,459.0,40,459.02,80,459.03,160,459.04,160,459.05,200,459.08,40,459.11,40,459.12,80
2026-01-16 09:36:31,458.945,458.94,1,458.91,480,458.98,120,458.98,458.91,458.91,480,458.9,40,458.87,120,458.83,200,458.82,120,458.81,360,458.8,120,458.78,40,458.77,80,458.75,120,458.98,120,459.0,40,459.02,80,459.03,160,459.04,160,459.05,200,459.08,40,459.11,40,459.12,80,459.15,120
2026-01-16 09:36:32,458.95,458.96,1,458.91,200,458.99,40,458.99,458.91,458.91,200,458.9,320,458.87,120,458.83,200,458.82,120,458.81,360,458.8,120,458.78,40,458.77,80,458.75,120,458.99,40,459.0,40,459.02,80,459.03,160,459.04,160,459.05,200,459.08,40,459.11,40,459.12,80,459.15,120
2026-01-16 09:36:33,458.965,458.96,1,458.94,80,458.99,40,458.99,458.94,458.94,80,458.92,280,458.91,200,458.9,320,458.87,120,458.83,200,458.82,120,458.81,360,458.8,120,458.78,40,458.99,40,459.0,40,459.02,80,459.03,160,459.04,160,459.05,200,459.08,40,459.11,40,459.12,80,459.15,120
2026-01-16 09:36:34,458.985,458.97,1,458.95,80,459.02,120,459.02,458.95,458.95,80,458.94,240,458.92,280,458.91,200,458.9,320,458.87,120,458.83,200,458.82,120,458.81,360,458.8,120,459.02,120,459.03,160,459.04,160,459.05,200,459.08,40,459.11,40,459.12,80,459.15,120,459.16,400,459.19,80
2026-01-16 09:36:35,458.985,458.97,1,458.95,200,459.02,120,459.02,458.95,458.95,200,458.94,240,458.92,280,458.91,200,458.9,320,458.87,120,458.83,200,458.82,120,458.81,360,458.8,120,459.02,120,459.03,160,459.04,160,459.05,200,459.08,40,459.11,40,459.12,80,459.15,120,459.16,400,459.19,80
2026-01-16 09:36:36,458.985,458.95,1,458.95,40,459.02,120,459.02,458.95,458.95,40,458.92,240,458.91,200,458.9,320,458.87,120,458.83,200,458.82,120,458.81,360,458.8,120,458.78,40,459.02,120,459.03,160,459.04,160,459.05,200,459.08,40,459.11,40,459.12,80,459.15,120,459.16,400,459.19,80
2026-01-16 09:36:37,458.855,458.87,1,458.82,40,458.89,200,458.89,458.82,458.82,40,458.81,320,458.8,120,458.78,40,458.77,80,458.75,120,458.74,200,458.73,160,458.71,200,458.7,40,458.89,200,458.91,120,458.94,40,458.95,40,458.97,40,458.98,80,459.01,80,459.02,120,459.03,160,459.04,160
2026-01-16 09:36:38,458.865,458.87,1,458.84,40,458.89,200,458.89,458.84,458.84,40,458.83,80,458.82,40,458.81,320,458.8,120,458.78,40,458.77,80,458.75,120,458.74,200,458.73,160,458.89,200,458.91,120,458.94,40,458.95,40,458.97,40,458.98,80,459.01,80,459.02,120,459.03,160,459.04,160
2026-01-16 09:36:39,458.88,458.88,2,458.83,80,458.93,120,458.93,458.83,458.83,80,458.82,40,458.81,320,458.8,120,458.78,40,458.77,80,458.75,120,458.74,200,458.73,160,458.71,200,458.93,120,458.96,40,458.97,120,458.98,80,459.01,80,459.02,120,459.03,160,459.04,160,459.05,200,459.08,40
2026-01-16 09:36:40,458.885,458.9,2,458.84,80,458.93,120,458.93,458.84,458.84,80,458.83,80,458.82,40,458.81,320,458.8,120,458.78,40,458.77,80,458.75,120,458.74,200,458.73,160,458.93,120,458.96,40,458.97,120,458.98,80,459.01,80,459.02,120,459.03,160,459.04,160,459.05,200,459.08,40
2026-01-16 09:36:41,458.885,458.9,2,458.84,80,458.93,120,458.93,458.84,458.84,80,458.83,80,458.82,40,458.81,320,458.8,120,458.78,40,458.77,80,458.75,120,458.74,200,458.73,160,458.93,120,458.96,40,458.97,120,458.98,80,459.01,80,459.02,120,459.03,160,459.04,160,459.05,200,459.08,40
2026-01-16 09:36:42,458.905,458.9,2,458.88,40,458.93,160,458.93,458.88,458.88,40,458.84,80,458.83,80,458.82,40,458.81,320,458.8,120,458.78,40,458.77,80,458.75,120,458.74,200,458.93,160,458.96,40,458.97,120,458.98,80,459.01,80,459.02,120,459.03,160,459.04,160,459.05,200,459.08,40
2026-01-16 09:36:43,458.885,458.9,2,458.84,120,458.93,320,458.93,458.84,458.84,120,458.83,80,458.82,40,458.81,320,458.8,120,458.78,40,458.77,80,458.75,120,458.74,200,458.73,160,458.93,320,458.96,40,458.97,120,458.98,80,459.01,80,459.02,120,459.03,160,459.04,160,459.05,200,459.08,40
2026-01-16 09:36:44,458.885,458.89,3,458.84,120,458.93,320,458.93,458.84,458.84,120,458.83,80,458.82,40,458.81,320,458.8,120,458.78,40,458.77,80,458.75,120,458.74,200,458.73,160,458.93,320,458.96,40,458.97,120,458.98,80,459.01,80,459.02,120,459.03,160,459.04,160,459.05,200,459.08,40
2026-01-16 09:36:45,458.89,458.9,2,458.85,80,458.93,320,458.93,458.85,458.85,80,458.84,120,458.83,80,458.82,40,458.81,320,458.8,120,458.78,40,458.77,80,458.75,120,458.74,200,458.93,320,458.96,40,458.97,120,458.98,80,459.01,80,459.02,120,459.03,160,459.04,160,459.05,200,459.08,40
2026-01-16 09:36:46,458.89,458.85,2,458.85,160,458.93,320,458.93,458.85,458.85,160,458.84,120,458.83,80,458.82,40,458.81,320,458.8,120,458.78,40,458.77,80,458.75,120,458.74,200,458.93,320,458.96,40,458.97,120,458.98,80,459.01,80,459.02,120,459.03,160,459.04,160,459.05,200,459.08,40
2026-01-16 09:36:47,459.01,459.04,1,458.94,200,459.08,120,459.08,458.94,458.94,200,458.93,320,458.92,280,458.86,120,458.85,400,458.84,120,458.83,80,458.82,40,458.81,320,458.8,120,459.08,120,459.11,40,459.12,80,459.15,120,459.16,400,459.19,80,459.21,200,459.23,200,459.24,560,459.26,40
2026-01-16 09:36:48,458.995,459.07,5,458.94,160,459.05,40,459.05,458.94,458.94,160,458.93,320,458.92,280,458.86,120,458.85,400,458.84,120,458.83,80,458.82,40,458.81,320,458.8,120,459.05,40,459.06,160,459.1,120,459.11,40,459.12,80,459.15,120,459.16,400,459.19,80,459.21,200,459.23,200
2026-01-16 09:36:49,458.93,459.01,2,458.89,40,458.97,120,458.97,458.89,458.89,40,458.86,120,458.85,400,458.84,120,458.83,80,458.82,40,458.81,320,458.8,120,458.78,40,458.77,80,458.97,120,458.98,40,458.99,80,459.02,40,459.03,40,459.04,40,459.05,40,459.06,160,459.1,120,459.11,40
2026-01-16 09:36:50,458.895,459.01,2,458.85,400,458.94,80,458.94,458.85,458.85,400,458.84,120,458.83,80,458.82,40,458.81,320,458.8,120,458.78,40,458.77,80,458.75,120,458.74,200,458.94,80,458.95,80,458.97,120,458.98,40,458.99,80,459.02,40,459.03,40,459.04,40,459.05,40,459.06,160
2026-01-16 09:36:51,458.895,459.01,2,458.85,440,458.94,120,458.94,458.85,458.85,440,458.84,120,458.83,80,458.82,40,458.81,320,458.8,120,458.78,40,458.77,80,458.75,120,458.74,200,458.94,120,458.95,80,458.97,120,458.98,40,458.99,80,459.02,40,459.03,40,459.04,40,459.05,40,459.06,160
2026-01-16 09:36:52,458.895,458.86,1,458.85,440,458.94,160,458.94,458.85,458.85,440,458.84,120,458.83,80,458.82,40,458.81,320,458.8,120,458.78,40,458.77,80,458.75,120,458.74,200,458.94,160,458.95,80,458.97,120,458.98,40,458.99,80,459.02,40,459.03,40,459.04,40,459.05,40,459.06,160
