sim_time,mid_price,last_price,last_size,best_bid_price,best_bid_size,best_ask_price,best_ask_size,close_price_buy,close_price_sell,bid1_price,bid1_size,bid2_price,bid2_size,bid3_price,bid3_size,bid4_price,bid4_size,bid5_price,bid5_size,bid6_price,bid6_size,bid7_price,bid7_size,bid8_price,bid8_size,bid9_price,bid9_size,bid10_price,bid10_size,ask1_price,ask1_size,ask2_price,ask2_size,ask3_price,ask3_size,ask4_price,ask4_size,ask5_price,ask5_size,ask6_price,ask6_size,ask7_price,ask7_size,ask8_price,ask8_size,ask9_price,ask9_size,ask10_price,ask10_size
2026-01-16 09:30:36,,0.0,0,,,,,,,,,,,,,,,,,,,,,,,,,,,,,,,,,,,,,,,,,,,,,,
2026-01-16 09:30:37,64.465,64.47,1,64.44,300,64.49,200,64.49,64.44,64.44,300,64.43,100,64.42,100,64.4,500,64.38,200,64.37,100,64.34,600,64.33,300,64.32,200,64.24,400,64.49,200,64.52,200,64.53,1100,64.59,300,64.6,1800,,,,,,,,,,
2026-01-16 09:30:38,64.445,64.44,5,64.4,500,64.49,200,64.49,64.4,64.4,500,64.38,200,64.37,100,64.34,600,64.33,300,64.32,200,64.24,400,64.23,500,64.22,300,64.2,800,64.49,200,64.52,200,64.53,1100,64.59,300,64.6,1800,,,,,,,,,,
2026-01-16 09:30:38,64.445,64.44,5,64.4,500,64.49,200,64.49,64.4,64.4,500,64.38,200,64.37,100,64.34,600,64.33,300,64.32,200,64.24,400,64.23,500,64.22,300,64.2,800,64.49,200,64.52,200,64.53,1100,64.59,300,64.6,1800,,,,,,,,,,
2026-01-16 09:30:39,64.42,64.41,2,64.38,200,64.46,500,64.46,64.38,64.38,200,64.37,100,64.34,600,64.33,300,64.32,200,64.24,400,64.23,500,64.22,300,64.2,800,,,64.46,500,64.49,200,64.52,200,64.53,1100,64.59,300,64.6,1800,,,,,,,,
2026-01-16 09:30:39,64.42,64.41,2,64.38,200,64.46,500,64.46,64.38,64.38,200,64.37,100,64.34,600,64.33,300,64.32,200,64.24,400,64.23,500,64.22,300,64.2,800,,,64.46,500,64.49,200,64.52,200,64.53,1100,64.59,300,64.6,1800,,,,,,,,
2026-01-16 09:30:41,64.42,64.42,6,64.38,200,64.46,400,64.46,64.38,64.38,200,64.37,100,64.34,600,64.33,300,64.32,200,64.24,400,64.23,500,64.22,300,64.2,800,,,64.46,400,64.49,200,64.52,200,64.53,1100,64.59,300,64.6,1800,,,,,,,,
2026-01-16 09:30:43,64.42,64.41,1,64.4,100,64.44,300,64.44,64.4,64.4,100,64.38,400,64.37,100,64.34,600,64.33,300,64.32,200,64.24,400,64.23,500,64.22,300,64.2,800,64.44,300,64.46,1200,64.49,200,64.52,200,64.53,1100,64.59,300,64.6,1800,,,,,,
2026-01-16 09:30:44,64.46,64.46,2,64.43,300,64.49,200,64.49,64.43,64.43,300,64.4,600,64.38,400,64.37,100,64.34,600,64.33,300,64.32,200,64.24,400,64.23,500,64.22,300,64.49,200,64.52,500,64.53,1100,64.59,300,64.6,1800,,,,,,,,,,
2026-01-16 09:30:45,64.445,64.47,2,64.4,600,64.49,500,64.49,64.4,64.4,600,64.38,400,64.37,100,64.34,600,64.33,300,64.32,200,64.24,400,64.23,500,64.22,300,64.2,800,64.49,500,64.5,400,64.52,500,64.53,1100,64.59,300,64.6,1800,,,,,,,,
2026-01-16 09:30:46,64.445,64.45,1,64.4,600,64.49,400,64.49,64.4,64.4,600,64.38,400,64.37,100,64.34,600,64.33,300,64.32,200,64.24,400,64.23,500,64.22,300,64.2,800,64.49,400,64.5,400,64.52,500,64.53,1100,64.59,300,64.6,1800,,,,,,,,
2026-01-16 09:30:47,64.445,64.45,1,64.4,800,64.49,400,64.49,64.4,64.4,800,64.38,400,64.37,100,64.34,600,64.33,300,64.32,200,64.24,400,64.23,500,64.22,300,64.2,800,64.49,400,64.5,400,64.52,500,64.53,1100,64.59,300,64.6,1800,,,,,,,,
2026-01-16 09:30:48,64.445,64.4,1,64.4,800,64.49,400,64.49,64.4,64.4,800,64.38,400,64.37,100,64.34,600,64.33,300,64.32,200,64.24,400,64.23,500,64.22,300,64.2,800,64.49,400,64.5,400,64.52,500,64.53,1100,64.59,300,64.6,1800,,,,,,,,
2026-01-16 09:30:49,64.445,64.4,1,64.4,700,64.49,400,64.49,64.4,64.4,700,64.38,400,64.37,100,64.34,600,64.33,300,64.32,200,64.24,400,64.23,500,64.22,300,64.2,800,64.49,400,64.5,400,64.52,500,64.53,1100,64.59,300,64.6,1800,,,,,,,,
2026-01-16 09:30:50,64.445,64.4,1,64.4,700,64.49,400,64.49,64.4,64.4,700,64.38,400,64.37,100,64.34,600,64.33,300,64.32,200,64.24,400,64.23,500,64.22,300,64.2,800,64.49,400,64.5,400,64.52,500,64.53,1100,64.59,300,64.6,1800,,,,,,,,
2026-01-16 09:30:51,64.445,64.4,1,64.4,700,64.49,400,64.49,64.4,64.4,700,64.38,400,64.37,100,64.34,600,64.33,300,64.32,200,64.24,400,64.23,500,64.22,300,64.2,800,64.49,400,64.5,400,64.52,500,64.53,1100,64.59,300,64.6,1800,,,,,,,,
2026-01-16 09:30:52,64.445,64.4,1,64.4,700,64.49,400,64.49,64.4,64.4,700,64.38,400,64.37,100,64.34,600,64.33,300,64.32,200,64.24,400,64.23,500,64.22,300,64.2,800,64.49,400,64.5,400,64.52,500,64.53,1100,64.59,300,64.6,1800,,,,,,,,
2026-01-16 09:30:53,64.385,64.36,1,64.35,100,64.42,200,64.42,64.35,64.35,100,64.34,1100,64.33,300,64.32,200,64.24,400,64.23,500,64.22,300,64.2,800,,,,,64.42,200,64.44,900,64.45,100,64.48,400,64.49,700,64.5,400,64.52,500,64.53,1100,64.59,300,64.6,1800
2026-01-16 09:30:54,64.36,64.35,1,64.34,800,64.38,400,64.38,64.34,64.34,800,64.32,500,64.24,400,64.23,500,64.22,300,64.2,800,,,,,,,,,64.38,400,64.39,600,64.4,200,64.41,400,64.42,200,64.44,900,64.45,100,64.48,400,64.49,700,64.5,400
2026-01-16 09:30:55,64.36,64.35,1,64.34,800,64.38,400,64.38,64.34,64.34,800,64.32,500,64.24,400,64.23,500,64.22,300,64.2,800,,,,,,,,,64.38,400,64.39,600,64.4,200,64.41,400,64.42,200,64.44,900,64.45,100,64.48,400,64.49,700,64.5,400
2026-01-16 09:30:56,64.36,64.38,1,64.34,700,64.38,600,64.38,64.34,64.34,700,64.32,500,64.24,400,64.23,500,64.22,300,64.2,800,,,,,,,,,64.38,600,64.39,600,64.4,200,64.41,400,64.42,200,64.44,900,64.45,100,64.48,400,64.49,700,64.5,400
2026-01-16 09:30:57,64.36,64.38,1,64.34,700,64.38,600,64.38,64.34,64.34,700,64.32,500,64.24,400,64.23,500,64.22,300,64.2,800,,,,,,,,,64.38,600,64.39,600,64.4,200,64.41,400,64.42,200,64.44,900,64.45,100,64.48,400,64.49,700,64.5,400
2026-01-16 09:30:58,64.36,64.38,1,64.34,700,64.38,600,64.38,64.34,64.34,700,64.32,500,64.24,400,64.23,500,64.22,300,64.2,800,,,,,,,,,64.38,600,64.39,600,64.4,200,64.41,400,64.42,200,64.44,900,64.45,100,64.48,400,64.49,700,64.5,400
2026-01-16 09:30:59,64.36,64.38,1,64.34,600,64.38,600,64.38,64.34,64.34,600,64.32,500,64.24,400,64.23,500,64.22,300,64.2,800,,,,,,,,,64.38,600,64.39,600,64.4,200,64.41,400,64.42,200,64.44,900,64.45,100,64.48,400,64.49,700,64.5,400
2026-01-16 09:31:00,64.36,64.36,6,64.34,600,64.38,600,64.38,64.34,64.34,600,64.32,500,64.24,400,64.23,500,64.22,300,64.2,800,,,,,,,,,64.38,600,64.39,600,64.4,200,64.41,400,64.42,200,64.44,900,64.45,100,64.48,400,64.49,700,64.5,400
2026-01-16 09:31:01,64.41,64.39,1,64.39,400,64.43,700,64.43,64.39,64.39,400,64.38,100,64.37,700,64.36,100,64.34,600,64.32,500,64.24,400,64.23,500,64.22,300,64.2,800,64.43,700,64.44,900,64.45,100,64.48,400,64.49,700,64.5,400,64.52,500,64.53,1100,64.59,300,64.6,1800
2026-01-16 09:31:02,64.415,64.39,1,64.4,800,64.43,600,64.43,64.4,64.4,800,64.39,400,64.38,100,64.37,700,64.36,100,64.34,600,64.32,500,64.24,400,64.23,500,64.22,300,64.43,600,64.44,900,64.45,100,64.48,400,64.49,700,64.5,400,64.52,500,64.53,1100,64.59,300,64.6,1800
2026-01-16 09:31:03,64.415,64.4,5,64.4,300,64.43,500,64.43,64.4,64.4,300,64.39,400,64.38,100,64.37,700,64.36,100,64.34,600,64.32,500,64.24,400,64.23,500,64.22,300,64.43,500,64.44,900,64.45,100,64.48,400,64.49,700,64.5,400,64.52,500,64.53,1100,64.59,300,64.6,1800
2026-01-16 09:31:04,64.415,64.41,1,64.4,300,64.43,500,64.43,64.4,64.4,300,64.39,400,64.38,100,64.37,700,64.36,100,64.34,600,64.32,500,64.24,400,64.23,500,64.22,300,64.43,500,64.44,900,64.45,100,64.48,400,64.49,700,64.5,400,64.52,500,64.53,1100,64.59,300,64.6,1800
2026-01-16 09:31:05,64.465,64.47,1,64.44,300,64.49,900,64.49,64.44,64.44,300,64.43,400,64.42,500,64.41,500,64.4,600,64.39,400,64.38,100,64.37,700,64.36,100,64.34,600,64.49,900,64.5,400,64.52,500,64.53,1100,64.59,300,64.6,1800,,,,,,,,
2026-01-16 09:31:06,64.465,64.47,1,64.44,300,64.49,1000,64.49,64.44,64.44,300,64.43,400,64.42,500,64.41,500,64.4,600,64.39,400,64.38,100,64.37,700,64.36,100,64.34,600,64.49,1000,64.5,400,64.52,500,64.53,1100,64.59,300,64.6,1800,,,,,,,,
2026-01-16 09:31:07,64.465,64.47,2,64.44,300,64.49,1000,64.49,64.44,64.44,300,64.43,400,64.42,500,64.41,500,64.4,600,64.39,400,64.38,100,64.37,700,64.36,100,64.34,600,64.49,1000,64.5,400,64.52,500,64.53,1100,64.59,300,64.6,1800,,,,,,,,
2026-01-16 09:31:08,64.465,64.47,2,64.44,300,64.49,1000,64.49,64.44,64.44,300,64.43,400,64.42,500,64.41,500,64.4,600,64.39,400,64.38,100,64.37,700,64.36,100,64.34,600,64.49,1000,64.5,400,64.52,500,64.53,1100,64.59,300,64.6,1800,,,,,,,,
2026-01-16 09:31:09,64.47,64.47,11,64.45,300,64.49,1000,64.49,64.45,64.45,300,64.44,300,64.43,400,64.42,500,64.41,500,64.4,600,64.39,400,64.38,100,64.37,700,64.36,100,64.49,1000,64.5,400,64.52,500,64.53,1100,64.59,300,64.6,1800,,,,,,,,
2026-01-16 09:31:10,64.5,64.51,2,64.47,500,64.53,500,64.53,64.47,64.47,500,64.45,300,64.44,300,64.43,400,64.42,500,64.41,500,64.4,600,64.39,400,64.38,100,64.37,700,64.53,500,64.54,300,64.59,300,64.6,1800,,,,,,,,,,,,
2026-01-16 09:31:11,64.5,64.5,1,64.47,500,64.53,500,64.53,64.47,64.47,500,64.45,300,64.44,300,64.43,400,64.42,500,64.41,500,64.4,600,64.39,400,64.38,100,64.37,700,64.53,500,64.54,300,64.59,300,64.6,1800,,,,,,,,,,,,
2026-01-16 09:31:12,64.5,64.5,1,64.47,500,64.53,600,64.53,64.47,64.47,500,64.45,300,64.44,300,64.43,400,64.42,500,64.41,500,64.4,600,64.39,400,64.38,100,64.37,700,64.53,600,64.54,300,64.59,300,64.6,1800,,,,,,,,,,,,
2026-01-16 09:31:13,64.5,64.5,6,64.47,400,64.53,600,64.53,64.47,64.47,400,64.45,300,64.44,300,64.43,400,64.42,500,64.41,500,64.4,600,64.39,400,64.38,100,64.37,700,64.53,600,64.54,300,64.59,300,64.6,1800,,,,,,,,,,,,
2026-01-16 09:31:14,64.5,64.5,6,64.47,400,64.53,600,64.53,64.47,64.47,400,64.45,300,64.44,300,64.43,400,64.42,500,64.41,500,64.4,600,64.39,400,64.38,100,64.37,700,64.53,600,64.54,300,64.59,300,64.6,1800,,,,,,,,,,,,
2026-01-16 09:31:15,64.5,64.5,6,64.47,400,64.53,600,64.53,64.47,64.47,400,64.45,300,64.44,300,64.43,400,64.42,500,64.41,500,64.4,600,64.39,400,64.38,100,64.37,700,64.53,600,64.54,300,64.59,300,64.6,1800,,,,,,,,,,,,
2026-01-16 09:31:16,64.545,64.54,3,64.52,300,64.57,300,64.57,64.52,64.52,300,64.51,200,64.5,100,64.48,500,64.47,400,64.45,300,64.44,300,64.43,400,64.42,500,64.41,500,64.57,300,64.59,300,64.6,1800,,,,,,,,,,,,,,
2026-01-16 09:31:17,64.505,64.52,1,64.47,400,64.54,600,64.54,64.47,64.47,400,64.45,300,64.44,300,64.43,400,64.42,500,64.41,500,64.4,600,64.39,400,64.38,100,64.37,700,64.54,600,64.55,200,64.57,300,64.59,300,64.6,1800,,,,,,,,,,
2026-01-16 09:31:18,64.505,64.52,1,64.47,400,64.54,600,64.54,64.47,64.47,400,64.45,300,64.44,300,64.43,400,64.42,500,64.41,500,64.4,600,64.39,400,64.38,100,64.37,700,64.54,600,64.55,200,64.57,300,64.59,300,64.6,1800,,,,,,,,,,
2026-01-16 09:31:19,64.505,64.52,1,64.47,400,64.54,600,64.54,64.47,64.47,400,64.45,300,64.44,300,64.43,400,64.42,500,64.41,500,64.4,600,64.39,400,64.38,100,64.37,700,64.54,600,64.55,200,64.57,300,64.59,300,64.6,1800,,,,,,,,,,
2026-01-16 09:31:20,64.505,64.52,1,64.47,400,64.54,600,64.54,64.47,64.47,400,64.45,300,64.44,300,64.43,400,64.42,500,64.41,500,64.4,600,64.39,400,64.38,100,64.37,700,64.54,600,64.55,200,64.57,300,64.59,300,64.6,1800,,,,,,,,,,
2026-01-16 09:31:21,64.505,64.52,1,64.47,400,64.54,600,64.54,64.47,64.47,400,64.45,300,64.44,300,64.43,400,64.42,500,64.41,500,64.4,600,64.39,400,64.38,100,64.37,700,64.54,600,64.55,200,64.57,300,64.59,300,64.6,1800,,,,,,,,,,
2026-01-16 09:31:22,64.5,64.52,1,64.47,400,64.53,700,64.53,64.47,64.47,400,64.45,300,64.44,300,64.43,400,64.42,500,64.41,500,64.4,600,64.39,400,64.38,100,64.37,700,64.53,700,64.54,600,64.55,200,64.57,300,64.59,300,64.6,1800,,,,,,,,
2026-01-16 09:31:23,64.435,64.44,1,64.41,800,64.46,400,64.46,64.41,64.41,800,64.4,600,64.39,400,64.38,100,64.37,700,64.36,100,64.34,600,64.32,500,64.24,400,64.23,500,64.46,400,64.47,400,64.48,100,64.49,300,64.5,200,64.51,100,64.52,100,64.53,800,64.54,600,64.55,200
2026-01-16 09:31:24,64.435,64.44,5,64.41,700,64.46,400,64.46,64.41,64.41,700,64.4,600,64.39,400,64.38,100,64.37,700,64.36,100,64.34,600,64.32,500,64.24,400,64.23,500,64.46,400,64.47,400,64.48,100,64.49,300,64.5,200,64.51,100,64.52,100,64.53,800,64.54,600,64.55,200
2026-01-16 09:31:25,64.425,64.44,5,64.4,900,64.45,400,64.45,64.4,64.4,900,64.39,400,64.38,100,64.37,700,64.36,100,64.34,600,64.32,500,64.24,400,64.23,500,64.22,300,64.45,400,64.46,1100,64.47,400,64.48,100,64.49,300,64.5,200,64.51,100,64.52,100,64.53,800,64.54,600
2026-01-16 09:31:26,64.425,64.44,5,64.4,1000,64.45,400,64.45,64.4,64.4,1000,64.39,400,64.38,100,64.37,700,64.36,100,64.34,600,64.32,500,64.24,400,64.23,500,64.22,300,64.45,400,64.46,1100,64.47,400,64.48,100,64.49,300,64.5,200,64.51,100,64.52,100,64.53,800,64.54,600
2026-01-16 09:31:27,64.425,64.44,5,64.4,1200,64.45,300,64.45,64.4,64.4,1200,64.39,400,64.38,100,64.37,700,64.36,100,64.34,600,64.32,500,64.24,400,64.23,500,64.22,300,64.45,300,64.46,1100,64.47,400,64.48,100,64.49,300,64.5,200,64.51,100,64.52,100,64.53,800,64.54,600
2026-01-16 09:31:28,64.425,64.44,5,64.4,1200,64.45,300,64.45,64.4,64.4,1200,64.39,400,64.38,100,64.37,700,64.36,100,64.34,600,64.32,500,64.24,400,64.23,500,64.22,300,64.45,300,64.46,1100,64.47,400,64.48,100,64.49,300,64.5,200,64.51,100,64.52,100,64.53,800,64.54,600
2026-01-16 09:31:29,64.425,64.44,5,64.4,1200,64.45,300,64.45,64.4,64.4,1200,64.39,400,64.38,100,64.37,700,64.36,100,64.34,600,64.32,500,64.24,400,64.23,500,64.22,300,64.45,300,64.46,1100,64.47,400,64.48,100,64.49,300,64.5,200,64.51,100,64.52,100,64.53,800,64.54,600
2026-01-16 09:31:30,64.425,64.44,20,64.4,1200,64.45,300,64.45,64.4,64.4,1200,64.39,400,64.38,100,64.37,700,64.36,100,64.34,600,64.32,500,64.24,400,64.23,500,64.22,300,64.45,300,64.46,1100,64.47,400,64.48,100,64.49,300,64.5,200,64.51,100,64.52,100,64.53,800,64.54,600
2026-01-16 09:31:31,64.425,64.43,1,64.4,1200,64.45,300,64.45,64.4,64.4,1200,64.39,400,64.38,100,64.37,700,64.36,100,64.34,600,64.32,500,64.24,400,64.23,500,64.22,300,64.45,300,64.46,1100,64.47,400,64.48,100,64.49,300,64.5,200,64.51,100,64.52,100,64.53,800,64.54,600
2026-01-16 09:31:32,64.425,64.43,1,64.4,1200,64.45,300,64.45,64.4,64.4,1200,64.39,400,64.38,100,64.37,700,64.36,100,64.34,600,64.32,500,64.24,400,64.23,500,64.22,300,64.45,300,64.46,1100,64.47,400,64.48,100,64.49,300,64.5,200,64.51,100,64.52,100,64.53,800,64.54,600
2026-01-16 09:31:33,64.425,64.43,1,64.4,1200,64.45,300,64.45,64.4,64.4,1200,64.39,400,64.38,100,64.37,700,64.36,100,64.34,600,64.32,500,64.24,400,64.23,500,64.22,300,64.45,300,64.46,1100,64.47,400,64.48,100,64.49,300,64.5,200,64.51,100,64.52,100,64.53,800,64.54,600
2026-01-16 09:31:34,64.425,64.42,1,64.4,1100,64.45,1000,64.45,64.4,64.4,1100,64.39,400,64.38,100,64.37,700,64.36,100,64.34,600,64.32,500,64.24,400,64.23,500,64.22,300,64.45,1000,64.46,1100,64.47,400,64.48,100,64.49,300,64.5,200,64.51,100,64.52,100,64.53,800,64.54,600
2026-01-16 09:31:35,64.425,64.42,1,64.4,1100,64.45,1000,64.45,64.4,64.4,1100,64.39,400,64.38,100,64.37,700,64.36,100,64.34,600,64.32,500,64.24,400,64.23,500,64.22,300,64.45,1000,64.46,1100,64.47,400,64.48,100,64.49,300,64.5,200,64.51,100,64.52,100,64.53,800,64.54,600
2026-01-16 09:31:36,64.455,64.45,7,64.41,300,64.5,600,64.5,64.41,64.41,300,64.4,1100,64.39,400,64.38,100,64.37,700,64.36,100,64.34,600,64.32,500,64.24,400,64.23,500,64.5,600,64.51,100,64.52,100,64.53,800,64.54,600,64.55,200,64.57,300,64.59,300,64.6,1800,,
2026-01-16 09:31:37,64.45,64.41,5,64.4,1200,64.5,600,64.5,64.4,64.4,1200,64.39,400,64.38,100,64.37,700,64.36,100,64.34,600,64.32,500,64.24,400,64.23,500,64.22,300,64.5,600,64.51,100,64.52,100,64.53,800,64.54,600,64.55,200,64.57,300,64.59,300,64.6,1800,,
2026-01-16 09:31:38,64.45,64.41,5,64.4,1200,64.5,600,64.5,64.4,64.4,1200,64.39,400,64.38,100,64.37,700,64.36,100,64.34,600,64.32,500,64.24,400,64.23,500,64.22,300,64.5,600,64.51,100,64.52,100,64.53,800,64.54,600,64.55,200,64.57,300,64.59,300,64.6,1800,,
2026-01-16 09:31:39,64.445,64.41,5,64.4,1200,64.49,600,64.49,64.4,64.4,1200,64.39,400,64.38,100,64.37,700,64.36,100,64.34,600,64.32,500,64.24,400,64.23,500,64.22,300,64.49,600,64.5,600,64.51,100,64.52,100,64.53,800,64.54,600,64.55,200,64.57,300,64.59,300,64.6,1800
2026-01-16 09:31:40,64.445,64.42,1,64.4,1200,64.49,600,64.49,64.4,64.4,1200,64.39,400,64.38,100,64.37,700,64.36,100,64.34,600,64.32,500,64.24,400,64.23,500,64.22,300,64.49,600,64.5,600,64.51,100,64.52,100,64.53,800,64.54,600,64.55,200,64.57,300,64.59,300,64.6,1800
2026-01-16 09:31:41,64.445,64.42,1,64.4,1200,64.49,600,64.49,64.4,64.4,1200,64.39,400,64.38,100,64.37,700,64.36,100,64.34,600,64.32,500,64.24,400,64.23,500,64.22,300,64.49,600,64.5,600,64.51,100,64.52,100,64.53,800,64.54,600,64.55,200,64.57,300,64.59,300,64.6,1800
2026-01-16 09:31:42,64.445,64.42,1,64.4,1200,64.49,600,64.49,64.4,64.4,1200,64.39,400,64.38,100,64.37,700,64.36,100,64.34,600,64.32,500,64.24,400,64.23,500,64.22,300,64.49,600,64.5,600,64.51,100,64.52,100,64.53,800,64.54,600,64.55,200,64.57,300,64.59,300,64.6,1800
2026-01-16 09:31:43,64.445,64.42,1,64.4,1200,64.49,600,64.49,64.4,64.4,1200,64.39,400,64.38,100,64.37,700,64.36,100,64.34,600,64.32,500,64.24,400,64.23,500,64.22,300,64.49,600,64.5,600,64.51,100,64.52,100,64.53,800,64.54,600,64.55,200,64.57,300,64.59,300,64.6,1800
2026-01-16 09:31:44,64.445,64.42,1,64.4,1100,64.49,600,64.49,64.4,64.4,1100,64.39,400,64.38,100,64.37,700,64.36,100,64.34,600,64.32,500,64.24,400,64.23,500,64.22,300,64.49,600,64.5,600,64.51,100,64.52,100,64.53,800,64.54,600,64.55,200,64.57,300,64.59,300,64.6,1800
2026-01-16 09:31:45,64.455,64.49,2,64.42,600,64.49,600,64.49,64.42,64.42,600,64.41,300,64.4,1100,64.39,400,64.38,100,64.37,700,64.36,100,64.34,600,64.32,500,64.24,400,64.49,600,64.5,600,64.51,100,64.52,100,64.53,800,64.54,600,64.55,200,64.57,300,64.59,300,64.6,1800
2026-01-16 09:31:46,64.45,64.45,1,64.41,700,64.49,500,64.49,64.41,64.41,700,64.4,1100,64.39,400,64.38,100,64.37,700,64.36,100,64.34,600,64.32,500,64.24,400,64.23,500,64.49,500,64.5,600,64.51,100,64.52,100,64.53,800,64.54,600,64.55,200,64.57,300,64.59,300,64.6,1800
2026-01-16 09:31:47,64.45,64.45,1,64.41,700,64.49,500,64.49,64.41,64.41,700,64.4,1100,64.39,400,64.38,100,64.37,700,64.36,100,64.34,600,64.32,500,64.24,400,64.23,500,64.49,500,64.5,600,64.51,100,64.52,100,64.53,800,64.54,600,64.55,200,64.57,300,64.59,300,64.6,1800
2026-01-16 09:31:48,64.45,64.45,1,64.41,700,64.49,500,64.49,64.41,64.41,700,64.4,1100,64.39,400,64.38,100,64.37,700,64.36,100,64.34,600,64.32,500,64.24,400,64.23,500,64.49,500,64.5,600,64.51,100,64.52,100,64.53,800,64.54,600,64.55,200,64.57,300,64.59,300,64.6,1800
2026-01-16 09:31:49,64.45,64.45,1,64.41,700,64.49,500,64.49,64.41,64.41,700,64.4,1100,64.39,400,64.38,100,64.37,700,64.36,100,64.34,600,64.32,500,64.24,400,64.23,500,64.49,500,64.5,600,64.51,100,64.52,100,64.53,800,64.54,600,64.55,200,64.57,300,64.59,300,64.6,1800
2026-01-16 09:31:50,64.45,64.45,1,64.41,700,64.49,500,64.49,64.41,64.41,700,64.4,1100,64.39,400,64.38,100,64.37,700,64.36,100,64.34,600,64.32,500,64.24,400,64.23,500,64.49,500,64.5,600,64.51,100,64.52,100,64.53,800,64.54,600,64.55,200,64.57,300,64.59,300,64.6,1800
2026-01-16 09:31:51,64.45,64.45,1,64.41,700,64.49,600,64.49,64.41,64.41,700,64.4,1100,64.39,400,64.38,100,64.37,700,64.36,100,64.34,600,64.32,500,64.24,400,64.23,500,64.49,600,64.5,600,64.51,100,64.52,100,64.53,800,64.54,600,64.55,200,64.57,300,64.59,300,64.6,1800
2026-01-16 09:31:52,64.405,64.4,1,64.38,100,64.43,600,64.43,64.38,64.38,100,64.37,200,64.36,300,64.34,600,64.32,500,64.24,400,64.23,500,64.22,300,64.2,800,,,64.43,600,64.46,300,64.49,600,64.5,600,64.51,100,64.52,100,64.53,800,64.54,600,64.55,200,64.57,300
2026-01-16 09:31:53,64.405,64.4,1,64.38,100,64.43,600,64.43,64.38,64.38,100,64.37,200,64.36,300,64.34,600,64.32,500,64.24,400,64.23,500,64.22,300,64.2,800,,,64.43,600,64.46,300,64.49,600,64.5,600,64.51,100,64.52,100,64.53,800,64.54,600,64.55,200,64.57,300
2026-01-16 09:31:54,64.405,64.4,1,64.38,100,64.43,600,64.43,64.38,64.38,100,64.37,200,64.36,300,64.34,600,64.32,500,64.24,400,64.23,500,64.22,300,64.2,800,,,64.43,600,64.46,300,64.49,600,64.5,600,64.51,100,64.52,100,64.53,800,64.54,600,64.55,200,64.57,300
2026-01-16 09:31:55,64.405,64.4,1,64.38,100,64.43,600,64.43,64.38,64.38,100,64.37,200,64.36,300,64.34,600,64.32,500,64.24,400,64.23,500,64.22,300,64.2,800,,,64.43,600,64.46,300,64.49,600,64.5,600,64.51,100,64.52,100,64.53,800,64.54,600,64.55,200,64.57,300
2026-01-16 09:31:56,64.405,64.41,10,64.38,100,64.43,600,64.43,64.38,64.38,100,64.37,200,64.36,300,64.34,600,64.32,500,64.24,400,64.23,500,64.22,300,64.2,800,,,64.43,600,64.46,300,64.49,600,64.5,600,64.51,100,64.52,100,64.53,800,64.54,600,64.55,200,64.57,300
2026-01-16 09:31:57,64.41,64.41,10,64.39,100,64.43,600,64.43,64.39,64.39,100,64.38,200,64.37,200,64.36,300,64.34,600,64.32,500,64.24,400,64.23,500,64.22,300,64.2,800,64.43,600,64.46,300,64.49,600,64.5,600,64.51,100,64.52,100,64.53,800,64.54,600,64.55,200,64.57,300
2026-01-16 09:31:58,64.41,64.41,10,64.39,100,64.43,600,64.43,64.39,64.39,100,64.38,200,64.37,200,64.36,300,64.34,600,64.32,500,64.24,400,64.23,500,64.22,300,64.2,800,64.43,600,64.46,300,64.49,600,64.5,600,64.51,100,64.52,100,64.53,800,64.54,600,64.55,200,64.57,300
2026-01-16 09:31:59,64.41,64.41,10,64.39,100,64.43,700,64.43,64.39,64.39,100,64.38,200,64.37,200,64.36,300,64.34,600,64.32,500,64.24,400,64.23,500,64.22,300,64.2,800,64.43,700,64.46,300,64.49,600,64.5,600,64.51,100,64.52,100,64.53,800,64.54,600,64.55,200,64.57,300
2026-01-16 09:32:00,64.405,64.41,10,64.39,100,64.42,100,64.42,64.39,64.39,100,64.38,200,64.37,200,64.36,300,64.34,600,64.32,500,64.24,400,64.23,500,64.22,300,64.2,800,64.42,100,64.43,800,64.46,300,64.49,600,64.5,600,64.51,100,64.52,100,64.53,800,64.54,600,64.55,200
2026-01-16 09:32:01,64.405,64.41,10,64.39,100,64.42,200,64.42,64.39,64.39,100,64.38,200,64.37,200,64.36,300,64.34,600,64.32,500,64.24,400,64.23,500,64.22,300,64.2,800,64.42,200,64.43,800,64.46,300,64.49,600,64.5,600,64.51,100,64.52,100,64.53,800,64.54,600,64.55,200
2026-01-16 09:32:02,64.405,64.41,10,64.39,100,64.42,200,64.42,64.39,64.39,100,64.38,200,64.37,200,64.36,300,64.34,600,64.32,500,64.24,400,64.23,500,64.22,300,64.2,800,64.42,200,64.43,800,64.46,300,64.49,600,64.5,600,64.51,100,64.52,100,64.53,800,64.54,600,64.55,200
2026-01-16 09:32:03,64.41,64.41,1,64.39,300,64.43,700,64.43,64.39,64.39,300,64.38,200,64.37,200,64.36,300,64.34,600,64.32,500,64.24,400,64.23,500,64.22,300,64.2,800,64.43,700,64.46,300,64.49,600,64.5,600,64.51,100,64.52,100,64.53,800,64.54,600,64.55,200,64.57,300
2026-01-16 09:32:04,64.41,64.41,2,64.39,300,64.43,800,64.43,64.39,64.39,300,64.38,200,64.37,200,64.36,300,64.34,600,64.32,500,64.24,400,64.23,500,64.22,300,64.2,800,64.43,800,64.46,300,64.49,600,64.5,600,64.51,100,64.52,100,64.53,800,64.54,600,64.55,200,64.57,300
2026-01-16 09:32:05,64.435,64.42,2,64.42,200,64.45,200,64.45,64.42,64.42,200,64.41,300,64.4,200,64.39,400,64.38,200,64.37,200,64.36,300,64.34,600,64.32,500,64.24,400,64.45,200,64.46,1100,64.49,600,64.5,600,64.51,100,64.52,100,64.53,800,64.54,600,64.55,200,64.57,300
2026-01-16 09:32:06,64.435,64.42,2,64.42,300,64.45,300,64.45,64.42,64.42,300,64.41,300,64.4,200,64.39,400,64.38,200,64.37,200,64.36,300,64.34,600,64.32,500,64.24,400,64.45,300,64.46,1100,64.49,600,64.5,600,64.51,100,64.52,100,64.53,800,64.54,600,64.55,200,64.57,300
2026-01-16 09:32:07,64.435,64.44,1,64.42,300,64.45,800,64.45,64.42,64.42,300,64.41,300,64.4,200,64.39,400,64.38,200,64.37,200,64.36,300,64.34,600,64.32,500,64.24,400,64.45,800,64.46,1100,64.49,600,64.5,600,64.51,100,64.52,100,64.53,800,64.54,600,64.55,200,64.57,300
2026-01-16 09:32:08,64.435,64.44,1,64.42,300,64.45,800,64.45,64.42,64.42,300,64.41,300,64.4,200,64.39,400,64.38,200,64.37,200,64.36,300,64.34,600,64.32,500,64.24,400,64.45,800,64.46,1100,64.49,600,64.5,600,64.51,100,64.52,100,64.53,800,64.54,600,64.55,200,64.57,300
2026-01-16 09:32:09,64.475,64.48,1,64.46,500,64.49,700,64.49,64.46,64.46,500,64.45,100,64.44,400,64.43,100,64.42,300,64.41,300,64.4,200,64.39,400,64.38,200,64.37,200,64.49,700,64.5,600,64.51,100,64.52,100,64.53,800,64.54,600,64.55,200,64.57,300,64.59,300,64.6,1800
2026-01-16 09:32:10,64.475,64.48,1,64.46,500,64.49,700,64.49,64.46,64.46,500,64.45,100,64.44,400,64.43,100,64.42,300,64.41,300,64.4,200,64.39,400,64.38,200,64.37,200,64.49,700,64.5,600,64.51,100,64.52,100,64.53,800,64.54,600,64.55,200,64.57,300,64.59,300,64.6,1800
2026-01-16 09:32:11,64.475,64.48,1,64.46,500,64.49,700,64.49,64.46,64.46,500,64.45,100,64.44,400,64.43,100,64.42,300,64.41,300,64.4,200,64.39,400,64.38,200,64.37,200,64.49,700,64.5,600,64.51,100,64.52,100,64.53,800,64.54,600,64.55,200,64.57,300,64.59,300,64.6,1800
2026-01-16 09:32:12,64.475,64.48,1,64.46,500,64.49,700,64.49,64.46,64.46,500,64.45,100,64.44,400,64.43,100,64.42,300,64.41,300,64.4,200,64.39,400,64.38,200,64.37,200,64.49,700,64.5,600,64.51,100,64.52,100,64.53,800,64.54,600,64.55,200,64.57,300,64.59,300,64.6,1800
2026-01-16 09:32:13,64.475,64.48,1,64.46,500,64.49,700,64.49,64.46,64.46,500,64.45,100,64.44,400,64.43,100,64.42,300,64.41,300,64.4,200,64.39,400,64.38,200,64.37,200,64.49,700,64.5,600,64.51,100,64.52,100,64.53,800,64.54,600,64.55,200,64.57,300,64.59,300,64.6,1800
2026-01-16 09:32:14,64.475,64.47,2,64.46,500,64.49,700,64.49,64.46,64.46,500,64.45,100,64.44,400,64.43,100,64.42,300,64.41,300,64.4,200,64.39,400,64.38,200,64.37,200,64.49,700,64.5,600,64.51,100,64.52,100,64.53,800,64.54,600,64.55,200,64.57,300,64.59,300,64.6,1800
2026-01-16 09:32:15,64.445,64.49,4,64.42,500,64.47,600,64.47,64.42,64.42,500,64.41,300,64.4,200,64.39,400,64.38,200,64.37,200,64.36,300,64.34,600,64.32,500,64.24,400,64.47,600,64.48,200,64.49,1100,64.5,600,64.51,100,64.52,100,64.53,800,64.54,600,64.55,200,64.57,300
2026-01-16 09:32:16,64.45,64.47,3,64.43,300,64.47,700,64.47,64.43,64.43,300,64.42,500,64.41,300,64.4,200,64.39,400,64.38,200,64.37,200,64.36,300,64.34,600,64.32,500,64.47,700,64.48,200,64.49,1100,64.5,600,64.51,100,64.52,100,64.53,800,64.54,600,64.55,200,64.57,300
2026-01-16 09:32:17,64.45,64.46,4,64.43,400,64.47,400,64.47,64.43,64.43,400,64.42,500,64.41,300,64.4,200,64.39,400,64.38,200,64.37,200,64.36,300,64.34,600,64.32,500,64.47,400,64.48,200,64.49,1100,64.5,600,64.51,100,64.52,100,64.53,800,64.54,600,64.55,200,64.57,300
2026-01-16 09:32:18,64.44,64.44,3,64.42,300,64.46,800,64.46,64.42,64.42,300,64.41,300,64.4,200,64.39,400,64.38,200,64.37,200,64.36,300,64.34,600,64.32,500,64.24,400,64.46,800,64.47,400,64.48,200,64.49,1100,64.5,600,64.51,100,64.52,100,64.53,800,64.54,600,64.55,200
2026-01-16 09:32:19,64.44,64.44,1,64.42,500,64.46,7900,64.46,64.42,64.42,500,64.41,300,64.4,200,64.39,400,64.38,200,64.37,200,64.36,300,64.34,600,64.32,500,64.24,400,64.46,7900,64.47,400,64.48,200,64.49,1100,64.5,600,64.51,100,64.52,100,64.53,800,64.54,600,64.55,200
2026-01-16 09:32:20,64.415,64.42,1,64.4,200,64.43,1600,64.43,64.4,64.4,200,64.39,400,64.38,200,64.37,200,64.36,300,64.34,600,64.32,500,64.24,400,64.23,500,64.22,300,64.43,1600,64.44,200,64.45,100,64.46,7900,64.47,400,64.48,200,64.49,1100,64.5,600,64.51,100,64.52,100
2026-01-16 09:32:21,64.415,64.42,5,64.4,200,64.43,1600,64.43,64.4,64.4,200,64.39,400,64.38,200,64.37,200,64.36,300,64.34,600,64.32,500,64.24,400,64.23,500,64.22,300,64.43,1600,64.44,200,64.45,100,64.46,7900,64.47,400,64.48,200,64.49,1100,64.5,600,64.51,100,64.52,100
2026-01-16 09:32:22,64.37,64.38,1,64.36,400,64.38,600,64.38,64.36,64.36,400,64.34,600,64.32,500,64.24,400,64.23,500,64.22,300,64.2,800,,,,,,,64.38,600,64.39,700,64.4,600,64.41,700,64.42,500,64.43,1600,64.44,200,64.45,100,64.46,7900,64.47,400
2026-01-16 09:32:24,64.375,64.38,1,64.37,100,64.38,500,64.38,64.37,64.37,100,64.36,200,64.35,100,64.34,600,64.32,500,64.24,400,64.23,500,64.22,300,64.2,800,,,64.38,500,64.39,700,64.4,600,64.41,700,64.42,500,64.43,1600,64.44,200,64.45,100,64.46,7900,64.47,400
2026-01-16 09:32:25,64.375,64.38,1,64.37,100,64.38,500,64.38,64.37,64.37,100,64.36,200,64.35,100,64.34,600,64.32,500,64.24,400,64.23,500,64.22,300,64.2,800,,,64.38,500,64.39,700,64.4,600,64.41,700,64.42,500,64.43,1600,64.44,200,64.45,100,64.46,7900,64.47,400
2026-01-16 09:32:26,64.375,64.38,1,64.37,100,64.38,500,64.38,64.37,64.37,100,64.36,200,64.35,100,64.34,600,64.32,500,64.24,400,64.23,500,64.22,300,64.2,800,,,64.38,500,64.39,700,64.4,600,64.41,700,64.42,500,64.43,1600,64.44,200,64.45,100,64.46,7900,64.47,400
2026-01-16 09:32:26,64.415,64.38,1,64.4,100,64.43,1500,64.43,64.4,64.4,100,64.39,300,64.38,200,64.37,300,64.36,200,64.35,100,64.34,600,64.32,500,64.24,400,64.23,500,64.43,1500,64.44,200,64.45,100,64.46,7900,64.47,400,64.48,200,64.49,1100,64.5,600,64.51,100,64.52,100
2026-01-16 09:32:28,64.425,64.43,1,64.4,100,64.45,800,64.45,64.4,64.4,100,64.39,300,64.38,200,64.37,300,64.36,200,64.35,100,64.34,600,64.32,500,64.24,400,64.23,500,64.45,800,64.46,7900,64.47,400,64.48,200,64.49,1100,64.5,600,64.51,100,64.52,100,64.53,800,64.54,600
2026-01-16 09:32:29,64.39,64.39,1,64.36,200,64.42,500,64.42,64.36,64.36,200,64.35,800,64.34,600,64.32,500,64.24,400,64.23,500,64.22,300,64.2,800,,,,,64.42,500,64.43,100,64.44,600,64.45,800,64.46,7900,64.47,400,64.48,200,64.49,1100,64.5,600,64.51,100
2026-01-16 09:32:30,64.39,64.39,1,64.36,300,64.42,600,64.42,64.36,64.36,300,64.35,800,64.34,600,64.32,500,64.24,400,64.23,500,64.22,300,64.2,800,,,,,64.42,600,64.43,100,64.44,600,64.45,800,64.46,7900,64.47,400,64.48,200,64.49,1100,64.5,600,64.51,100
2026-01-16 09:32:31,64.38,64.39,1,64.36,400,64.4,200,64.4,64.36,64.36,400,64.35,800,64.34,600,64.32,500,64.24,400,64.23,500,64.22,300,64.2,800,,,,,64.4,200,64.42,600,64.43,100,64.44,600,64.45,800,64.46,7900,64.47,400,64.48,200,64.49,1100,64.5,600
2026-01-16 09:32:31,64.38,64.39,1,64.36,400,64.4,200,64.4,64.36,64.36,400,64.35,800,64.34,600,64.32,500,64.24,400,64.23,500,64.22,300,64.2,800,,,,,64.4,200,64.42,600,64.43,100,64.44,600,64.45,800,64.46,7900,64.47,400,64.48,200,64.49,1100,64.5,600
2026-01-16 09:32:33,64.38,64.38,1,64.36,400,64.4,200,64.4,64.36,64.36,400,64.35,800,64.34,600,64.32,500,64.24,400,64.23,500,64.22,300,64.2,800,,,,,64.4,200,64.42,600,64.43,100,64.44,600,64.45,800,64.46,7900,64.47,400,64.48,200,64.49,1100,64.5,600
2026-01-16 09:32:33,64.38,64.38,1,64.36,400,64.4,200,64.4,64.36,64.36,400,64.35,800,64.34,600,64.32,500,64.24,400,64.23,500,64.22,300,64.2,800,,,,,64.4,200,64.42,600,64.43,100,64.44,600,64.45,800,64.46,7900,64.47,400,64.48,200,64.49,1100,64.5,600
2026-01-16 09:32:35,64.38,64.38,1,64.36,400,64.4,200,64.4,64.36,64.36,400,64.35,800,64.34,600,64.32,500,64.24,400,64.23,500,64.22,300,64.2,800,,,,,64.4,200,64.42,600,64.43,100,64.44,600,64.45,800,64.46,7900,64.47,400,64.48,200,64.49,1100,64.5,600
2026-01-16 09:32:36,64.38,64.38,1,64.36,400,64.4,200,64.4,64.36,64.36,400,64.35,800,64.34,600,64.32,500,64.24,400,64.23,500,64.22,300,64.2,800,,,,,64.4,200,64.42,600,64.43,100,64.44,600,64.45,800,64.46,7900,64.47,400,64.48,200,64.49,1100,64.5,600
2026-01-16 09:32:36,64.38,64.38,1,64.36,400,64.4,200,64.4,64.36,64.36,400,64.35,800,64.34,600,64.32,500,64.24,400,64.23,500,64.22,300,64.2,800,,,,,64.4,200,64.42,600,64.43,100,64.44,600,64.45,800,64.46,7900,64.47,400,64.48,200,64.49,1100,64.5,600
2026-01-16 09:32:37,64.38,64.38,1,64.36,400,64.4,200,64.4,64.36,64.36,400,64.35,800,64.34,600,64.32,500,64.24,400,64.23,500,64.22,300,64.2,800,,,,,64.4,200,64.42,600,64.43,100,64.44,600,64.45,800,64.46,7900,64.47,400,64.48,200,64.49,1100,64.5,600
2026-01-16 09:32:39,64.38,64.38,1,64.36,400,64.4,200,64.4,64.36,64.36,400,64.35,800,64.34,600,64.32,500,64.24,400,64.23,500,64.22,300,64.2,800,,,,,64.4,200,64.42,600,64.43,100,64.44,600,64.45,800,64.46,7900,64.47,400,64.48,200,64.49,1100,64.5,600
2026-01-16 09:32:40,64.38,64.38,1,64.36,400,64.4,200,64.4,64.36,64.36,400,64.35,800,64.34,600,64.32,500,64.24,400,64.23,500,64.22,300,64.2,800,,,,,64.4,200,64.42,600,64.43,100,64.44,600,64.45,800,64.46,7900,64.47,400,64.48,200,64.49,1100,64.5,600
2026-01-16 09:32:41,64.38,64.38,1,64.36,400,64.4,200,64.4,64.36,64.36,400,64.35,800,64.34,600,64.32,500,64.24,400,64.23,500,64.22,300,64.2,800,,,,,64.4,200,64.42,600,64.43,100,64.44,600,64.45,800,64.46,7900,64.47,400,64.48,200,64.49,1100,64.5,600
2026-01-16 09:32:42,64.38,64.38,1,64.36,700,64.4,200,64.4,64.36,64.36,700,64.35,800,64.34,600,64.32,500,64.24,400,64.23,500,64.22,300,64.2,800,,,,,64.4,200,64.42,600,64.43,100,64.44,600,64.45,800,64.46,7900,64.47,400,64.48,200,64.49,1100,64.5,600
2026-01-16 09:32:43,64.37,64.38,1,64.36,700,64.38,200,64.38,64.36,64.36,700,64.35,800,64.34,600,64.32,500,64.24,400,64.23,500,64.22,300,64.2,800,,,,,64.38,200,64.4,200,64.42,600,64.43,100,64.44,600,64.45,800,64.46,7900,64.47,400,64.48,200,64.49,1100
2026-01-16 09:32:44,64.375,64.38,1,64.37,100,64.38,200,64.38,64.37,64.37,100,64.36,700,64.35,800,64.34,600,64.32,500,64.24,400,64.23,500,64.22,300,64.2,800,,,64.38,200,64.4,200,64.42,600,64.43,100,64.44,600,64.45,800,64.46,7900,64.47,400,64.48,200,64.49,1100
2026-01-16 09:32:45,64.315,64.37,1,64.3,100,64.33,300,64.33,64.3,64.3,100,64.24,400,64.23,500,64.22,300,64.2,800,,,,,,,,,,,64.33,300,64.34,300,64.35,500,64.36,300,64.37,700,64.38,200,64.41,1200,64.42,600,64.43,100,64.44,600
2026-01-16 09:32:46,64.315,64.37,1,64.3,100,64.33,300,64.33,64.3,64.3,100,64.24,400,64.23,500,64.22,300,64.2,800,,,,,,,,,,,64.33,300,64.34,300,64.35,500,64.36,300,64.37,700,64.38,200,64.41,1200,64.42,600,64.43,100,64.44,600
2026-01-16 09:32:47,64.315,64.32,1,64.3,100,64.33,300,64.33,64.3,64.3,100,64.24,400,64.23,500,64.22,300,64.2,800,,,,,,,,,,,64.33,300,64.34,300,64.35,500,64.36,300,64.37,700,64.38,200,64.41,1200,64.42,600,64.43,100,64.44,600
2026-01-16 09:32:48,64.315,64.32,1,64.3,100,64.33,300,64.33,64.3,64.3,100,64.24,400,64.23,500,64.22,300,64.2,800,,,,,,,,,,,64.33,300,64.34,300,64.35,500,64.36,300,64.37,700,64.38,200,64.41,1200,64.42,600,64.43,100,64.44,600
2026-01-16 09:32:48,64.315,64.32,1,64.3,100,64.33,400,64.33,64.3,64.3,100,64.24,400,64.23,500,64.22,300,64.2,800,,,,,,,,,,,64.33,400,64.34,300,64.35,500,64.36,300,64.37,700,64.38,200,64.41,1200,64.42,600,64.43,100,64.44,600
2026-01-16 09:32:50,64.305,64.29,1,64.28,400,64.33,500,64.33,64.28,64.28,400,64.27,200,64.24,400,64.23,500,64.22,300,64.2,800,,,,,,,,,64.33,500,64.34,300,64.35,500,64.36,300,64.37,700,64.38,200,64.41,1200,64.42,600,64.43,100,64.44,600
2026-01-16 09:32:51,64.305,64.29,1,64.28,400,64.33,500,64.33,64.28,64.28,400,64.27,200,64.24,400,64.23,500,64.22,300,64.2,800,,,,,,,,,64.33,500,64.34,300,64.35,500,64.36,300,64.37,700,64.38,200,64.41,1200,64.42,600,64.43,100,64.44,600
2026-01-16 09:32:52,64.31,64.29,1,64.28,800,64.34,300,64.34,64.28,64.28,800,64.27,200,64.24,400,64.23,500,64.22,300,64.2,800,,,,,,,,,64.34,300,64.35,500,64.36,300,64.37,700,64.38,200,64.41,1200,64.42,600,64.43,100,64.44,600,64.45,800
2026-01-16 09:32:52,64.31,64.29,1,64.28,800,64.34,300,64.34,64.28,64.28,800,64.27,200,64.24,400,64.23,500,64.22,300,64.2,800,,,,,,,,,64.34,300,64.35,500,64.36,300,64.37,700,64.38,200,64.41,1200,64.42,600,64.43,100,64.44,600,64.45,800
2026-01-16 09:32:54,64.33,64.29,11,64.3,500,64.36,800,64.36,64.3,64.3,500,64.29,100,64.28,800,64.27,200,64.24,400,64.23,500,64.22,300,64.2,800,,,,,64.36,800,64.37,900,64.38,200,64.41,1200,64.42,600,64.43,100,64.44,600,64.45,800,64.46,7900,64.47,400
2026-01-16 09:32:55,64.33,64.33,1,64.3,400,64.36,800,64.36,64.3,64.3,400,64.29,100,64.28,800,64.27,200,64.24,400,64.23,500,64.22,300,64.2,800,,,,,64.36,800,64.37,900,64.38,200,64.41,1200,64.42,600,64.43,100,64.44,600,64.45,800,64.46,7900,64.47,400
2026-01-16 09:32:56,64.335,64.31,1,64.3,800,64.37,900,64.37,64.3,64.3,800,64.29,100,64.28,800,64.27,200,64.24,400,64.23,500,64.22,300,64.2,800,,,,,64.37,900,64.38,200,64.41,1200,64.42,600,64.43,100,64.44,600,64.45,800,64.46,7900,64.47,400,64.48,200
2026-01-16 09:32:57,64.335,64.31,1,64.3,800,64.37,700,64.37,64.3,64.3,800,64.29,100,64.28,800,64.27,200,64.24,400,64.23,500,64.22,300,64.2,800,,,,,64.37,700,64.38,200,64.41,1200,64.42,600,64.43,100,64.44,600,64.45,800,64.46,7900,64.47,400,64.48,200
2026-01-16 09:32:58,64.36,64.3,15,64.35,200,64.37,300,64.37,64.35,64.35,200,64.34,600,64.33,100,64.32,600,64.31,600,64.3,800,64.29,100,64.28,800,64.27,200,64.24,400,64.37,300,64.39,100,64.41,1200,64.42,600,64.43,100,64.44,600,64.45,800,64.46,7900,64.47,400,64.48,200
2026-01-16 09:32:59,64.35,64.34,2,64.33,300,64.37,300,64.37,64.33,64.33,300,64.32,700,64.31,600,64.3,800,64.29,100,64.28,800,64.27,200,64.24,400,64.23,500,64.22,300,64.37,300,64.38,500,64.39,300,64.4,300,64.41,1600,64.42,600,64.43,100,64.44,600,64.45,800,64.46,7900
2026-01-16 09:33:00,64.38,64.37,3,64.35,500,64.41,1400,64.41,64.35,64.35,500,64.34,300,64.33,900,64.32,700,64.31,600,64.3,800,64.29,100,64.28,800,64.27,200,64.24,400,64.41,1400,64.42,600,64.43,100,64.44,600,64.45,800,64.46,7900,64.47,400,64.48,200,64.49,1100,64.5,600
2026-01-16 09:33:01,64.385,64.37,3,64.35,500,64.42,1000,64.42,64.35,64.35,500,64.34,300,64.33,900,64.32,700,64.31,600,64.3,800,64.29,100,64.28,800,64.27,200,64.24,400,64.42,1000,64.43,100,64.44,600,64.45,800,64.46,7900,64.47,400,64.48,200,64.49,1100,64.5,600,64.51,100
2026-01-16 09:33:02,64.385,64.39,2,64.35,500,64.42,1000,64.42,64.35,64.35,500,64.34,300,64.33,900,64.32,700,64.31,600,64.3,800,64.29,100,64.28,800,64.27,200,64.24,400,64.42,1000,64.43,100,64.44,600,64.45,800,64.46,7900,64.47,400,64.48,200,64.49,1100,64.5,600,64.51,100
2026-01-16 09:33:03,64.385,64.35,1,64.35,1000,64.42,1000,64.42,64.35,64.35,1000,64.34,300,64.33,900,64.32,700,64.31,600,64.3,800,64.29,100,64.28,800,64.27,200,64.24,400,64.42,1000,64.43,100,64.44,600,64.45,800,64.46,7900,64.47,400,64.48,200,64.49,1100,64.5,600,64.51,100
2026-01-16 09:33:04,64.385,64.35,1,64.35,1000,64.42,1000,64.42,64.35,64.35,1000,64.34,300,64.33,900,64.32,700,64.31,600,64.3,800,64.29,100,64.28,800,64.27,200,64.24,400,64.42,1000,64.43,100,64.44,600,64.45,800,64.46,7900,64.47,400,64.48,200,64.49,1100,64.5,600,64.51,100
2026-01-16 09:33:05,64.385,64.41,4,64.35,1000,64.42,1000,64.42,64.35,64.35,1000,64.34,300,64.33,900,64.32,700,64.31,600,64.3,800,64.29,100,64.28,800,64.27,200,64.24,400,64.42,1000,64.43,100,64.44,600,64.45,800,64.46,7900,64.47,400,64.48,200,64.49,1100,64.5,600,64.51,100
2026-01-16 09:33:06,64.385,64.41,4,64.35,1000,64.42,1000,64.42,64.35,64.35,1000,64.34,300,64.33,900,64.32,700,64.31,600,64.3,800,64.29,100,64.28,800,64.27,200,64.24,400,64.42,1000,64.43,100,64.44,600,64.45,800,64.46,7900,64.47,400,64.48,200,64.49,1100,64.5,600,64.51,100
2026-01-16 09:33:07,64.385,64.39,2,64.35,1400,64.42,1000,64.42,64.35,64.35,1400,64.34,300,64.33,900,64.32,700,64.31,600,64.3,800,64.29,100,64.28,800,64.27,200,64.24,400,64.42,1000,64.43,100,64.44,600,64.45,800,64.46,7900,64.47,400,64.48,200,64.49,1100,64.5,600,64.51,100
2026-01-16 09:33:08,64.39,64.39,1,64.36,700,64.42,1000,64.42,64.36,64.36,700,64.35,1400,64.34,300,64.33,900,64.32,700,64.31,600,64.3,800,64.29,100,64.28,800,64.27,200,64.42,1000,64.43,100,64.44,600,64.45,800,64.46,7900,64.47,400,64.48,200,64.49,1100,64.5,600,64.51,100
2026-01-16 09:33:09,64.375,64.42,1,64.35,900,64.4,200,64.4,64.35,64.35,900,64.34,300,64.33,900,64.32,700,64.31,600,64.3,800,64.29,100,64.28,800,64.27,200,64.24,400,64.4,200,64.41,600,64.42,1000,64.43,100,64.44,600,64.45,800,64.46,7900,64.47,400,64.48,200,64.49,1100
2026-01-16 09:33:10,64.375,64.42,1,64.35,900,64.4,200,64.4,64.35,64.35,900,64.34,300,64.33,900,64.32,700,64.31,600,64.3,800,64.29,100,64.28,800,64.27,200,64.24,400,64.4,200,64.41,600,64.42,1000,64.43,100,64.44,600,64.45,800,64.46,7900,64.47,400,64.48,200,64.49,1100
2026-01-16 09:33:11,64.375,64.36,1,64.35,300,64.4,300,64.4,64.35,64.35,300,64.34,300,64.32,1100,64.31,600,64.3,800,64.29,100,64.28,800,64.27,200,64.24,400,64.23,500,64.4,300,64.41,100,64.42,400,64.43,500,64.44,600,64.45,800,64.46,7900,64.47,400,64.48,200,64.49,1100
2026-01-16 09:33:12,64.38,64.41,10,64.35,400,64.41,200,64.41,64.35,64.35,400,64.34,300,64.32,1100,64.31,600,64.3,800,64.29,100,64.28,800,64.27,200,64.24,400,64.23,500,64.41,200,64.42,300,64.43,700,64.44,600,64.45,800,64.46,7900,64.47,400,64.48,200,64.49,1100,64.5,600
2026-01-16 09:33:13,64.365,64.35,1,64.35,600,64.38,400,64.38,64.35,64.35,600,64.32,1100,64.31,600,64.3,800,64.29,100,64.28,800,64.27,200,64.24,400,64.23,500,64.22,300,64.38,400,64.4,100,64.41,400,64.42,300,64.43,700,64.44,600,64.45,800,64.46,7900,64.47,400,64.48,200
2026-01-16 09:33:14,64.365,64.38,1,64.35,600,64.38,400,64.38,64.35,64.35,600,64.32,1100,64.31,600,64.3,800,64.29,100,64.28,800,64.27,200,64.24,400,64.23,500,64.22,300,64.38,400,64.4,100,64.41,400,64.42,300,64.43,700,64.44,600,64.45,800,64.46,7900,64.47,400,64.48,200
2026-01-16 09:33:15,64.35,64.37,1,64.32,1100,64.38,500,64.38,64.32,64.32,1100,64.31,600,64.3,800,64.29,100,64.28,800,64.27,200,64.24,400,64.23,500,64.22,300,64.2,800,64.38,500,64.4,100,64.41,400,64.42,300,64.43,700,64.44,600,64.45,800,64.46,7900,64.47,400,64.48,200
2026-01-16 09:33:16,64.38,64.38,1,64.35,300,64.41,400,64.41,64.35,64.35,300,64.34,200,64.32,1100,64.31,600,64.3,800,64.29,100,64.28,800,64.27,200,64.24,400,64.23,500,64.41,400,64.42,300,64.43,700,64.44,600,64.45,800,64.46,7900,64.47,400,64.48,200,64.49,1100,64.5,600
2026-01-16 09:33:17,64.4,64.38,1,64.38,500,64.42,400,64.42,64.38,64.38,500,64.35,400,64.34,200,64.32,1100,64.31,600,64.3,800,64.29,100,64.28,800,64.27,200,64.24,400,64.42,400,64.43,700,64.44,600,64.45,800,64.46,7900,64.47,400,64.48,200,64.49,1100,64.5,600,64.51,100
2026-01-16 09:33:18,64.4,64.39,5,64.38,500,64.42,400,64.42,64.38,64.38,500,64.35,400,64.34,200,64.32,1100,64.31,600,64.3,800,64.29,100,64.28,800,64.27,200,64.24,400,64.42,400,64.43,700,64.44,600,64.45,800,64.46,7900,64.47,400,64.48,200,64.49,1100,64.5,600,64.51,100
2026-01-16 09:33:19,64.4,64.39,5,64.38,500,64.42,400,64.42,64.38,64.38,500,64.35,400,64.34,200,64.32,1100,64.31,600,64.3,800,64.29,100,64.28,800,64.27,200,64.24,400,64.42,400,64.43,700,64.44,600,64.45,800,64.46,7900,64.47,400,64.48,200,64.49,1100,64.5,600,64.51,100
2026-01-16 09:33:20,64.4,64.39,1,64.38,400,64.42,400,64.42,64.38,64.38,400,64.35,400,64.34,200,64.32,1100,64.31,600,64.3,800,64.29,100,64.28,800,64.27,200,64.24,400,64.42,400,64.43,700,64.44,600,64.45,800,64.46,7900,64.47,400,64.48,200,64.49,1100,64.5,600,64.51,100
2026-01-16 09:33:21,64.41,64.4,1,64.39,300,64.43,700,64.43,64.39,64.39,300,64.38,400,64.35,400,64.34,200,64.32,1100,64.31,600,64.3,800,64.29,100,64.28,800,64.27,200,64.43,700,64.44,600,64.45,800,64.46,7900,64.47,400,64.48,200,64.49,1100,64.5,600,64.51,100,64.52,100
2026-01-16 09:33:22,64.425,64.42,1,64.4,400,64.45,900,64.45,64.4,64.4,400,64.39,300,64.38,400,64.35,400,64.34,200,64.32,1100,64.31,600,64.3,800,64.29,100,64.28,800,64.45,900,64.46,7900,64.47,400,64.48,200,64.49,1100,64.5,600,64.51,100,64.52,100,64.53,800,64.54,600
2026-01-16 09:33:23,64.425,64.42,1,64.4,400,64.45,900,64.45,64.4,64.4,400,64.39,300,64.38,400,64.35,400,64.34,200,64.32,1100,64.31,600,64.3,800,64.29,100,64.28,800,64.45,900,64.46,7900,64.47,400,64.48,200,64.49,1100,64.5,600,64.51,100,64.52,100,64.53,800,64.54,600
2026-01-16 09:33:24,64.425,64.44,2,64.4,400,64.45,800,64.45,64.4,64.4,400,64.39,300,64.38,400,64.35,400,64.34,200,64.32,1100,64.31,600,64.3,800,64.29,100,64.28,800,64.45,800,64.46,7900,64.47,400,64.48,200,64.49,1100,64.5,600,64.51,100,64.52,100,64.53,800,64.54,600
2026-01-16 09:33:25,64.425,64.44,2,64.4,400,64.45,1300,64.45,64.4,64.4,400,64.39,300,64.38,400,64.35,400,64.34,200,64.32,1100,64.31,600,64.3,800,64.29,100,64.28,800,64.45,1300,64.46,7900,64.47,400,64.48,200,64.49,1100,64.5,600,64.51,100,64.52,100,64.53,800,64.54,600
2026-01-16 09:33:26,64.425,64.44,2,64.4,400,64.45,1300,64.45,64.4,64.4,400,64.39,300,64.38,400,64.35,400,64.34,200,64.32,1100,64.31,600,64.3,800,64.29,100,64.28,800,64.45,1300,64.46,7900,64.47,400,64.48,200,64.49,1100,64.5,600,64.51,100,64.52,100,64.53,800,64.54,600
2026-01-16 09:33:27,64.445,64.44,2,64.43,200,64.46,7600,64.46,64.43,64.43,200,64.41,400,64.4,400,64.39,300,64.38,400,64.35,400,64.34,200,64.32,1100,64.31,600,64.3,800,64.46,7600,64.47,400,64.48,200,64.49,1100,64.5,600,64.51,100,64.52,100,64.53,800,64.54,600,64.55,200
2026-01-16 09:33:28,64.44,64.44,2,64.42,300,64.46,7600,64.46,64.42,64.42,300,64.41,400,64.4,400,64.39,300,64.38,400,64.35,400,64.34,200,64.32,1100,64.31,600,64.3,800,64.46,7600,64.47,400,64.48,200,64.49,1100,64.5,600,64.51,100,64.52,100,64.53,800,64.54,600,64.55,200
2026-01-16 09:33:29,64.44,64.44,10,64.42,300,64.46,7600,64.46,64.42,64.42,300,64.41,400,64.4,400,64.39,300,64.38,400,64.35,400,64.34,200,64.32,1100,64.31,600,64.3,800,64.46,7600,64.47,400,64.48,200,64.49,1100,64.5,600,64.51,100,64.52,100,64.53,800,64.54,600,64.55,200
2026-01-16 09:33:30,64.44,64.44,10,64.42,300,64.46,7800,64.46,64.42,64.42,300,64.41,400,64.4,400,64.39,300,64.38,400,64.35,400,64.34,200,64.32,1100,64.31,600,64.3,800,64.46,7800,64.47,400,64.48,200,64.49,1100,64.5,600,64.51,100,64.52,100,64.53,800,64.54,600,64.55,200
2026-01-16 09:33:31,64.43,64.43,2,64.41,300,64.45,100,64.45,64.41,64.41,300,64.4,400,64.39,300,64.38,400,64.35,400,64.34,200,64.32,1100,64.31,600,64.3,800,64.29,100,64.45,100,64.46,7700,64.47,400,64.48,200,64.49,1100,64.5,600,64.51,100,64.52,100,64.53,800,64.54,600
2026-01-16 09:33:32,64.43,64.43,2,64.41,300,64.45,100,64.45,64.41,64.41,300,64.4,400,64.39,300,64.38,400,64.35,400,64.34,200,64.32,1100,64.31,600,64.3,800,64.29,100,64.45,100,64.46,7700,64.47,400,64.48,200,64.49,1100,64.5,600,64.51,100,64.52,100,64.53,800,64.54,600
2026-01-16 09:33:33,64.43,64.43,2,64.41,300,64.45,100,64.45,64.41,64.41,300,64.4,400,64.39,300,64.38,400,64.35,400,64.34,200,64.32,1100,64.31,600,64.3,800,64.29,100,64.45,100,64.46,7700,64.47,400,64.48,200,64.49,1100,64.5,600,64.51,100,64.52,100,64.53,800,64.54,600
2026-01-16 09:33:34,64.425,64.43,2,64.4,400,64.45,300,64.45,64.4,64.4,400,64.39,300,64.38,400,64.35,400,64.34,200,64.32,1100,64.31,600,64.3,800,64.29,100,64.28,800,64.45,300,64.46,7700,64.47,400,64.48,200,64.49,1100,64.5,600,64.51,100,64.52,100,64.53,800,64.54,600
2026-01-16 09:33:35,64.425,64.43,2,64.4,400,64.45,300,64.45,64.4,64.4,400,64.39,300,64.38,400,64.35,400,64.34,200,64.32,1100,64.31,600,64.3,800,64.29,100,64.28,800,64.45,300,64.46,7700,64.47,400,64.48,200,64.49,1100,64.5,600,64.51,100,64.52,100,64.53,800,64.54,600
2026-01-16 09:33:36,64.425,64.43,1,64.4,400,64.45,300,64.45,64.4,64.4,400,64.39,300,64.38,400,64.35,400,64.34,200,64.32,1100,64.31,600,64.3,800,64.29,100,64.28,800,64.45,300,64.46,7700,64.47,400,64.48,200,64.49,1100,64.5,600,64.51,100,64.52,100,64.53,800,64.54,600
2026-01-16 09:33:37,64.4,64.4,1,64.37,2300,64.43,300,64.43,64.37,64.37,2300,64.35,400,64.34,200,64.32,1100,64.31,600,64.3,800,64.29,100,64.28,800,64.27,200,64.24,400,64.43,300,64.44,300,64.45,400,64.46,7700,64.47,400,64.48,200,64.49,1100,64.5,600,64.51,100,64.52,100
2026-01-16 09:33:38,64.4,64.4,1,64.37,2300,64.43,300,64.43,64.37,64.37,2300,64.35,400,64.34,200,64.32,1100,64.31,600,64.3,800,64.29,100,64.28,800,64.27,200,64.24,400,64.43,300,64.44,300,64.45,400,64.46,7700,64.47,400,64.48,200,64.49,1100,64.5,600,64.51,100,64.52,100
2026-01-16 09:33:39,64.4,64.4,1,64.37,2300,64.43,500,64.43,64.37,64.37,2300,64.35,400,64.34,200,64.32,1100,64.31,600,64.3,800,64.29,100,64.28,800,64.27,200,64.24,400,64.43,500,64.44,300,64.45,400,64.46,7700,64.47,400,64.48,200,64.49,1100,64.5,600,64.51,100,64.52,100
2026-01-16 09:33:40,64.395,64.39,2,64.37,2400,64.42,400,64.42,64.37,64.37,2400,64.35,400,64.34,200,64.32,1100,64.31,600,64.3,800,64.29,100,64.28,800,64.27,200,64.24,400,64.42,400,64.43,500,64.44,300,64.45,400,64.46,7700,64.47,400,64.48,200,64.49,1100,64.5,600,64.51,100
2026-01-16 09:33:41,64.405,64.39,2,64.38,300,64.43,500,64.43,64.38,64.38,300,64.37,4300,64.35,400,64.34,200,64.32,1100,64.31,600,64.3,800,64.29,100,64.28,800,64.27,200,64.43,500,64.44,300,64.45,400,64.46,7700,64.47,400,64.48,200,64.49,1100,64.5,600,64.51,100,64.52,100
2026-01-16 09:33:42,64.4,64.39,2,64.37,4200,64.43,500,64.43,64.37,64.37,4200,64.35,400,64.34,200,64.32,1100,64.31,600,64.3,800,64.29,100,64.28,800,64.27,200,64.24,400,64.43,500,64.44,300,64.45,400,64.46,7700,64.47,400,64.48,200,64.49,1100,64.5,600,64.51,100,64.52,100
2026-01-16 09:33:43,64.4,64.42,4,64.37,4200,64.43,500,64.43,64.37,64.37,4200,64.35,400,64.34,200,64.32,1100,64.31,600,64.3,800,64.29,100,64.28,800,64.27,200,64.24,400,64.43,500,64.44,300,64.45,400,64.46,7700,64.47,400,64.48,200,64.49,1100,64.5,600,64.51,100,64.52,100
2026-01-16 09:33:44,64.4,64.42,4,64.37,4200,64.43,500,64.43,64.37,64.37,4200,64.35,400,64.34,200,64.32,1100,64.31,600,64.3,800,64.29,100,64.28,800,64.27,200,64.24,400,64.43,500,64.44,300,64.45,400,64.46,7700,64.47,400,64.48,200,64.49,1100,64.5,600,64.51,100,64.52,100
2026-01-16 09:33:45,64.4,64.42,4,64.37,4200,64.43,500,64.43,64.37,64.37,4200,64.35,400,64.34,200,64.32,1100,64.31,600,64.3,800,64.29,100,64.28,800,64.27,200,64.24,400,64.43,500,64.44,300,64.45,400,64.46,7700,64.47,400,64.48,200,64.49,1100,64.5,600,64.51,100,64.52,100
2026-01-16 09:33:46,64.395,64.38,1,64.37,3800,64.42,300,64.42,64.37,64.37,3800,64.36,300,64.35,400,64.34,200,64.32,1100,64.31,600,64.3,800,64.29,100,64.28,800,64.27,200,64.42,300,64.43,500,64.44,300,64.45,400,64.46,7700,64.47,400,64.48,200,64.49,1100,64.5,600,64.51,100
2026-01-16 09:33:47,64.39,64.38,1,64.37,3800,64.41,400,64.41,64.37,64.37,3800,64.36,300,64.35,400,64.34,200,64.32,1100,64.31,600,64.3,800,64.29,100,64.28,800,64.27,200,64.41,400,64.42,400,64.43,500,64.44,300,64.45,400,64.46,7700,64.47,400,64.48,200,64.49,1100,64.5,600
2026-01-16 09:33:48,64.39,64.38,1,64.37,3800,64.41,400,64.41,64.37,64.37,3800,64.36,300,64.35,400,64.34,200,64.32,1100,64.31,600,64.3,800,64.29,100,64.28,800,64.27,200,64.41,400,64.42,400,64.43,500,64.44,300,64.45,400,64.46,7700,64.47,400,64.48,200,64.49,1100,64.5,600
2026-01-16 09:33:49,64.39,64.38,1,64.37,3800,64.41,400,64.41,64.37,64.37,3800,64.36,300,64.35,400,64.34,200,64.32,1100,64.31,600,64.3,800,64.29,100,64.28,800,64.27,200,64.41,400,64.42,400,64.43,500,64.44,300,64.45,400,64.46,7700,64.47,400,64.48,200,64.49,1100,64.5,600
2026-01-16 09:33:50,64.385,64.38,2,64.36,300,64.41,700,64.41,64.36,64.36,300,64.35,600,64.34,200,64.32,1100,64.31,600,64.3,800,64.29,100,64.28,800,64.27,200,64.24,400,64.41,700,64.42,400,64.43,500,64.44,300,64.45,400,64.46,7700,64.47,400,64.48,200,64.49,1100,64.5,600
2026-01-16 09:33:51,64.385,64.38,2,64.36,300,64.41,700,64.41,64.36,64.36,300,64.35,600,64.34,200,64.32,1100,64.31,600,64.3,800,64.29,100,64.28,800,64.27,200,64.24,400,64.41,700,64.42,400,64.43,500,64.44,300,64.45,400,64.46,7700,64.47,400,64.48,200,64.49,1100,64.5,600
2026-01-16 09:33:52,64.385,64.38,2,64.36,300,64.41,700,64.41,64.36,64.36,300,64.35,600,64.34,200,64.32,1100,64.31,600,64.3,800,64.29,100,64.28,800,64.27,200,64.24,400,64.41,700,64.42,400,64.43,500,64.44,300,64.45,400,64.46,7700,64.47,400,64.48,200,64.49,1100,64.5,600
2026-01-16 09:33:53,64.37,64.38,2,64.35,600,64.39,300,64.39,64.35,64.35,600,64.34,200,64.32,1100,64.31,600,64.3,800,64.29,100,64.28,800,64.27,200,64.24,400,64.23,500,64.39,300,64.4,100,64.41,800,64.42,400,64.43,500,64.44,300,64.45,400,64.46,7700,64.47,400,64.48,200
2026-01-16 09:33:54,64.37,64.38,2,64.35,600,64.39,500,64.39,64.35,64.35,600,64.34,200,64.32,1100,64.31,600,64.3,800,64.29,100,64.28,800,64.27,200,64.24,400,64.23,500,64.39,500,64.4,100,64.41,800,64.42,400,64.43,500,64.44,300,64.45,400,64.46,7700,64.47,400,64.48,200
2026-01-16 09:33:55,64.37,64.38,2,64.35,600,64.39,500,64.39,64.35,64.35,600,64.34,200,64.32,1100,64.31,600,64.3,800,64.29,100,64.28,800,64.27,200,64.24,400,64.23,500,64.39,500,64.4,100,64.41,800,64.42,400,64.43,500,64.44,300,64.45,400,64.46,7700,64.47,400,64.48,200
2026-01-16 09:33:56,64.365,64.35,1,64.34,500,64.39,700,64.39,64.34,64.34,500,64.32,1100,64.31,600,64.3,800,64.29,100,64.28,800,64.27,200,64.24,400,64.23,500,64.22,300,64.39,700,64.4,100,64.41,800,64.42,400,64.43,500,64.44,300,64.45,400,64.46,7700,64.47,400,64.48,200
2026-01-16 09:33:57,64.36,64.35,1,64.34,500,64.38,300,64.38,64.34,64.34,500,64.32,1100,64.31,600,64.3,800,64.29,100,64.28,800,64.27,200,64.24,400,64.23,500,64.22,300,64.38,300,64.39,700,64.4,100,64.41,800,64.42,400,64.43,500,64.44,300,64.45,400,64.46,7700,64.47,400
2026-01-16 09:33:58,64.36,64.35,1,64.34,500,64.38,300,64.38,64.34,64.34,500,64.32,1100,64.31,600,64.3,800,64.29,100,64.28,800,64.27,200,64.24,400,64.23,500,64.22,300,64.38,300,64.39,700,64.4,100,64.41,800,64.42,400,64.43,500,64.44,300,64.45,400,64.46,7700,64.47,400
2026-01-16 09:33:59,64.36,64.35,1,64.34,500,64.38,400,64.38,64.34,64.34,500,64.32,1100,64.31,600,64.3,800,64.29,100,64.28,800,64.27,200,64.24,400,64.23,500,64.22,300,64.38,400,64.39,800,64.4,100,64.41,800,64.42,400,64.43,500,64.44,300,64.45,400,64.46,7700,64.47,400
2026-01-16 09:34:00,64.36,64.35,1,64.34,500,64.38,400,64.38,64.34,64.34,500,64.32,1100,64.31,600,64.3,800,64.29,100,64.28,800,64.27,200,64.24,400,64.23,500,64.22,300,64.38,400,64.39,800,64.4,100,64.41,800,64.42,400,64.43,500,64.44,300,64.45,400,64.46,7700,64.47,400
2026-01-16 09:34:01,64.36,64.35,1,64.34,500,64.38,400,64.38,64.34,64.34,500,64.32,1100,64.31,600,64.3,800,64.29,100,64.28,800,64.27,200,64.24,400,64.23,500,64.22,300,64.38,400,64.39,800,64.4,100,64.41,800,64.42,400,64.43,500,64.44,300,64.45,400,64.46,7700,64.47,400
2026-01-16 09:34:02,64.36,64.36,1,64.34,500,64.38,400,64.38,64.34,64.34,500,64.32,1100,64.31,600,64.3,800,64.29,100,64.28,800,64.27,200,64.24,400,64.23,500,64.22,300,64.38,400,64.39,800,64.4,100,64.41,800,64.42,400,64.43,500,64.44,300,64.45,400,64.46,7700,64.47,400
2026-01-16 09:34:03,64.435,64.44,1,64.41,300,64.46,7800,64.46,64.41,64.41,300,64.4,100,64.39,200,64.38,100,64.37,200,64.36,100,64.35,300,64.34,500,64.32,1100,64.31,600,64.46,7800,64.47,400,64.48,200,64.49,1100,64.5,600,64.51,100,64.52,100,64.53,800,64.54,600,64.55,200
2026-01-16 09:34:04,64.43,64.44,1,64.41,400,64.45,400,64.45,64.41,64.41,400,64.4,100,64.39,200,64.38,100,64.37,200,64.36,100,64.35,300,64.34,500,64.32,1100,64.31,600,64.45,400,64.46,8400,64.47,400,64.48,200,64.49,1100,64.5,600,64.51,100,64.52,100,64.53,800,64.54,600
2026-01-16 09:34:05,64.43,64.44,1,64.41,400,64.45,300,64.45,64.41,64.41,400,64.4,100,64.39,200,64.38,100,64.37,200,64.36,100,64.35,300,64.34,500,64.32,1100,64.31,600,64.45,300,64.46,8400,64.47,400,64.48,200,64.49,1100,64.5,600,64.51,100,64.52,100,64.53,800,64.54,600
2026-01-16 09:34:06,64.42,64.43,2,64.39,500,64.45,500,64.45,64.39,64.39,500,64.38,100,64.37,200,64.36,100,64.35,300,64.34,500,64.32,1100,64.31,600,64.3,800,64.29,100,64.45,500,64.46,8400,64.47,400,64.48,200,64.49,1100,64.5,600,64.51,100,64.52,100,64.53,800,64.54,600
2026-01-16 09:34:07,64.395,64.38,2,64.37,600,64.42,900,64.42,64.37,64.37,600,64.36,100,64.35,300,64.34,500,64.32,1100,64.31,600,64.3,800,64.29,100,64.28,800,64.27,200,64.42,900,64.43,400,64.44,200,64.45,500,64.46,8400,64.47,400,64.48,200,64.49,1100,64.5,600,64.51,100
2026-01-16 09:34:08,64.4,64.38,2,64.38,300,64.42,1000,64.42,64.38,64.38,300,64.37,600,64.36,100,64.35,300,64.34,500,64.32,1100,64.31,600,64.3,800,64.29,100,64.28,800,64.42,1000,64.43,400,64.44,200,64.45,500,64.46,8400,64.47,400,64.48,200,64.49,1100,64.5,600,64.51,100
2026-01-16 09:34:09,64.4,64.38,2,64.38,300,64.42,1000,64.42,64.38,64.38,300,64.37,600,64.36,100,64.35,300,64.34,500,64.32,1100,64.31,600,64.3,800,64.29,100,64.28,800,64.42,1000,64.43,400,64.44,200,64.45,500,64.46,8400,64.47,400,64.48,200,64.49,1100,64.5,600,64.51,100
2026-01-16 09:34:10,64.4,64.39,3,64.38,300,64.42,1000,64.42,64.38,64.38,300,64.37,600,64.36,100,64.35,300,64.34,500,64.32,1100,64.31,600,64.3,800,64.29,100,64.28,800,64.42,1000,64.43,400,64.44,200,64.45,500,64.46,8400,64.47,400,64.48,200,64.49,1100,64.5,600,64.51,100
2026-01-16 09:34:11,64.4,64.39,3,64.38,300,64.42,1000,64.42,64.38,64.38,300,64.37,600,64.36,100,64.35,300,64.34,500,64.32,1100,64.31,600,64.3,800,64.29,100,64.28,800,64.42,1000,64.43,400,64.44,200,64.45,500,64.46,8400,64.47,400,64.48,200,64.49,1100,64.5,600,64.51,100
2026-01-16 09:34:12,64.4,64.39,3,64.38,200,64.42,1700,64.42,64.38,64.38,200,64.37,600,64.36,100,64.35,300,64.34,500,64.32,1100,64.31,600,64.3,800,64.29,100,64.28,800,64.42,1700,64.43,400,64.44,200,64.45,500,64.46,8400,64.47,400,64.48,200,64.49,1100,64.5,600,64.51,100
2026-01-16 09:34:13,64.4,64.39,3,64.38,200,64.42,1800,64.42,64.38,64.38,200,64.37,600,64.36,100,64.35,300,64.34,500,64.32,1100,64.31,600,64.3,800,64.29,100,64.28,800,64.42,1800,64.43,400,64.44,200,64.45,500,64.46,8400,64.47,400,64.48,200,64.49,1100,64.5,600,64.51,100
2026-01-16 09:34:14,64.4,64.4,1,64.38,200,64.42,1800,64.42,64.38,64.38,200,64.37,600,64.36,100,64.35,300,64.34,500,64.32,1100,64.31,600,64.3,800,64.29,100,64.28,800,64.42,1800,64.43,400,64.44,200,64.45,500,64.46,8400,64.47,400,64.48,200,64.49,1100,64.5,600,64.51,100
2026-01-16 09:34:15,64.4,64.4,1,64.38,500,64.42,1600,64.42,64.38,64.38,500,64.37,100,64.36,200,64.35,200,64.34,700,64.32,1100,64.31,600,64.3,800,64.29,100,64.28,800,64.42,1600,64.43,400,64.44,200,64.45,500,64.46,8400,64.47,400,64.48,200,64.49,1100,64.5,600,64.51,100
2026-01-16 09:34:16,64.4,64.4,3,64.38,500,64.42,1600,64.42,64.38,64.38,500,64.37,100,64.36,200,64.35,200,64.34,700,64.32,1100,64.31,600,64.3,800,64.29,100,64.28,800,64.42,1600,64.43,400,64.44,200,64.45,500,64.46,8400,64.47,400,64.48,200,64.49,1100,64.5,600,64.51,100
2026-01-16 09:34:17,64.425,64.42,1,64.4,900,64.45,600,64.45,64.4,64.4,900,64.39,200,64.38,600,64.37,100,64.36,200,64.35,200,64.34,700,64.32,1100,64.31,600,64.3,800,64.45,600,64.46,8400,64.47,400,64.48,200,64.49,1100,64.5,600,64.51,100,64.52,100,64.53,800,64.54,600
2026-01-16 09:34:18,64.425,64.43,1,64.4,800,64.45,600,64.45,64.4,64.4,800,64.39,200,64.38,600,64.37,100,64.36,200,64.35,200,64.34,700,64.32,1100,64.31,600,64.3,800,64.45,600,64.46,8400,64.47,400,64.48,200,64.49,1100,64.5,600,64.51,100,64.52,100,64.53,800,64.54,600
2026-01-16 09:34:19,64.43,64.43,1,64.41,200,64.45,600,64.45,64.41,64.41,200,64.4,800,64.39,200,64.38,600,64.37,100,64.36,200,64.35,200,64.34,700,64.32,1100,64.31,600,64.45,600,64.46,8400,64.47,400,64.48,200,64.49,1100,64.5,600,64.51,100,64.52,100,64.53,800,64.54,600
2026-01-16 09:34:20,64.43,64.43,1,64.41,200,64.45,600,64.45,64.41,64.41,200,64.4,800,64.39,200,64.38,600,64.37,100,64.36,200,64.35,200,64.34,700,64.32,1100,64.31,600,64.45,600,64.46,8400,64.47,400,64.48,200,64.49,1100,64.5,600,64.51,100,64.52,100,64.53,800,64.54,600
2026-01-16 09:34:21,64.45,64.45,1,64.42,400,64.48,700,64.48,64.42,64.42,400,64.41,200,64.4,800,64.39,200,64.38,600,64.37,100,64.36,200,64.35,200,64.34,700,64.32,1100,64.48,700,64.49,1000,64.5,600,64.51,100,64.52,100,64.53,800,64.54,600,64.55,200,64.57,300,64.59,300
2026-01-16 09:34:22,64.45,64.45,1,64.42,400,64.48,700,64.48,64.42,64.42,400,64.41,200,64.4,800,64.39,200,64.38,600,64.37,100,64.36,200,64.35,200,64.34,700,64.32,1100,64.48,700,64.49,1000,64.5,600,64.51,100,64.52,100,64.53,800,64.54,600,64.55,200,64.57,300,64.59,300
2026-01-16 09:34:23,64.435,64.45,1,64.41,400,64.46,300,64.46,64.41,64.41,400,64.4,800,64.39,200,64.38,600,64.37,100,64.36,200,64.35,200,64.34,700,64.32,1100,64.31,600,64.46,300,64.47,300,64.48,900,64.49,1000,64.5,600,64.51,100,64.52,100,64.53,800,64.54,600,64.55,200
2026-01-16 09:34:24,64.395,64.39,1,64.37,500,64.42,400,64.42,64.37,64.37,500,64.36,200,64.35,200,64.34,700,64.32,1100,64.31,600,64.3,800,64.29,100,64.28,800,64.27,200,64.42,400,64.43,300,64.45,200,64.46,300,64.47,300,64.48,900,64.49,1000,64.5,600,64.51,100,64.52,100
2026-01-16 09:34:25,64.39,64.39,1,64.36,500,64.42,400,64.42,64.36,64.36,500,64.35,200,64.34,700,64.32,1100,64.31,600,64.3,800,64.29,100,64.28,800,64.27,200,64.24,400,64.42,400,64.43,300,64.45,200,64.46,300,64.47,300,64.48,900,64.49,1000,64.5,600,64.51,100,64.52,100
2026-01-16 09:34:26,64.39,64.39,1,64.36,500,64.42,400,64.42,64.36,64.36,500,64.35,200,64.34,700,64.32,1100,64.31,600,64.3,800,64.29,100,64.28,800,64.27,200,64.24,400,64.42,400,64.43,300,64.45,200,64.46,300,64.47,300,64.48,900,64.49,1000,64.5,600,64.51,100,64.52,100
2026-01-16 09:34:27,64.39,64.39,8,64.36,500,64.42,400,64.42,64.36,64.36,500,64.35,200,64.34,700,64.32,1100,64.31,600,64.3,800,64.29,100,64.28,800,64.27,200,64.24,400,64.42,400,64.43,300,64.45,200,64.46,300,64.47,300,64.48,900,64.49,1000,64.5,600,64.51,100,64.52,100
2026-01-16 09:34:28,64.39,64.39,1,64.36,500,64.42,400,64.42,64.36,64.36,500,64.35,200,64.34,700,64.32,1100,64.31,600,64.3,800,64.29,100,64.28,800,64.27,200,64.24,400,64.42,400,64.43,300,64.45,200,64.46,300,64.47,300,64.48,900,64.49,1000,64.5,600,64.51,100,64.52,100
2026-01-16 09:34:29,64.39,64.39,1,64.36,500,64.42,400,64.42,64.36,64.36,500,64.35,200,64.34,700,64.32,1100,64.31,600,64.3,800,64.29,100,64.28,800,64.27,200,64.24,400,64.42,400,64.43,300,64.45,200,64.46,300,64.47,300,64.48,900,64.49,1000,64.5,600,64.51,100,64.52,100
2026-01-16 09:34:30,64.38,64.39,1,64.35,500,64.41,700,64.41,64.35,64.35,500,64.34,700,64.32,1100,64.31,600,64.3,800,64.29,100,64.28,800,64.27,200,64.24,400,64.23,500,64.41,700,64.42,400,64.43,300,64.45,200,64.46,300,64.47,300,64.48,900,64.49,1000,64.5,600,64.51,100
2026-01-16 09:34:31,64.37,64.39,1,64.35,500,64.39,300,64.39,64.35,64.35,500,64.34,700,64.32,1100,64.31,600,64.3,800,64.29,100,64.28,800,64.27,200,64.24,400,64.23,500,64.39,300,64.4,200,64.41,700,64.42,400,64.43,300,64.45,200,64.46,300,64.47,300,64.48,900,64.49,1000
2026-01-16 09:34:32,64.37,64.39,1,64.35,500,64.39,300,64.39,64.35,64.35,500,64.34,700,64.32,1100,64.31,600,64.3,800,64.29,100,64.28,800,64.27,200,64.24,400,64.23,500,64.39,300,64.4,200,64.41,700,64.42,400,64.43,300,64.45,200,64.46,300,64.47,300,64.48,900,64.49,1000
2026-01-16 09:34:33,64.37,64.39,1,64.35,500,64.39,300,64.39,64.35,64.35,500,64.34,700,64.32,1100,64.31,600,64.3,800,64.29,100,64.28,800,64.27,200,64.24,400,64.23,500,64.39,300,64.4,200,64.41,700,64.42,400,64.43,300,64.45,200,64.46,300,64.47,300,64.48,900,64.49,1000
2026-01-16 09:34:34,64.365,64.35,1,64.34,400,64.39,300,64.39,64.34,64.34,400,64.33,300,64.32,1100,64.31,600,64.3,800,64.29,100,64.28,800,64.27,200,64.24,400,64.23,500,64.39,300,64.4,200,64.41,700,64.42,400,64.43,300,64.45,200,64.46,300,64.47,300,64.48,900,64.49,1000
2026-01-16 09:34:35,64.365,64.35,1,64.34,400,64.39,500,64.39,64.34,64.34,400,64.33,300,64.32,1100,64.31,600,64.3,800,64.29,100,64.28,800,64.27,200,64.24,400,64.23,500,64.39,500,64.4,200,64.41,700,64.42,400,64.43,300,64.45,200,64.46,300,64.47,300,64.48,900,64.49,1000
2026-01-16 09:34:36,64.365,64.35,1,64.34,400,64.39,400,64.39,64.34,64.34,400,64.33,300,64.32,1100,64.31,600,64.3,800,64.29,100,64.28,800,64.27,200,64.24,400,64.23,500,64.39,400,64.4,200,64.41,700,64.42,400,64.43,300,64.45,200,64.46,300,64.47,300,64.48,900,64.49,1000
2026-01-16 09:34:37,64.375,64.35,1,64.36,400,64.39,400,64.39,64.36,64.36,400,64.34,400,64.33,300,64.32,1100,64.31,600,64.3,800,64.29,100,64.28,800,64.27,200,64.24,400,64.39,400,64.4,200,64.41,700,64.42,400,64.43,300,64.45,200,64.46,300,64.47,300,64.48,900,64.49,1000
2026-01-16 09:34:38,64.375,64.35,1,64.36,400,64.39,400,64.39,64.36,64.36,400,64.34,400,64.33,300,64.32,1100,64.31,600,64.3,800,64.29,100,64.28,800,64.27,200,64.24,400,64.39,400,64.4,200,64.41,700,64.42,400,64.43,300,64.45,200,64.46,300,64.47,300,64.48,900,64.49,1000
2026-01-16 09:34:39,64.375,64.35,1,64.36,400,64.39,400,64.39,64.36,64.36,400,64.34,400,64.33,300,64.32,1100,64.31,600,64.3,800,64.29,100,64.28,800,64.27,200,64.24,400,64.39,400,64.4,200,64.41,700,64.42,400,64.43,300,64.45,200,64.46,300,64.47,300,64.48,900,64.49,1000
2026-01-16 09:34:40,64.375,64.35,1,64.36,400,64.39,400,64.39,64.36,64.36,400,64.34,400,64.33,300,64.32,1100,64.31,600,64.3,800,64.29,100,64.28,800,64.27,200,64.24,400,64.39,400,64.4,200,64.41,700,64.42,400,64.43,300,64.45,200,64.46,300,64.47,300,64.48,900,64.49,1000
2026-01-16 09:34:41,64.395,64.39,1,64.37,800,64.42,300,64.42,64.37,64.37,800,64.36,700,64.34,400,64.33,300,64.32,1100,64.31,600,64.3,800,64.29,100,64.28,800,64.27,200,64.42,300,64.43,300,64.45,200,64.46,300,64.47,300,64.48,900,64.49,1000,64.5,600,64.51,100,64.52,100
2026-01-16 09:34:42,64.395,64.39,1,64.37,800,64.42,300,64.42,64.37,64.37,800,64.36,700,64.34,400,64.33,300,64.32,1100,64.31,600,64.3,800,64.29,100,64.28,800,64.27,200,64.42,300,64.43,300,64.45,200,64.46,300,64.47,300,64.48,900,64.49,1000,64.5,600,64.51,100,64.52,100
2026-01-16 09:34:43,64.395,64.39,1,64.37,800,64.42,300,64.42,64.37,64.37,800,64.36,700,64.34,400,64.33,300,64.32,1100,64.31,600,64.3,800,64.29,100,64.28,800,64.27,200,64.42,300,64.43,300,64.45,200,64.46,300,64.47,300,64.48,900,64.49,1000,64.5,600,64.51,100,64.52,100
2026-01-16 09:34:44,64.4,64.38,28,64.38,200,64.42,300,64.42,64.38,64.38,200,64.37,800,64.36,700,64.34,400,64.33,300,64.32,1100,64.31,600,64.3,800,64.29,100,64.28,800,64.42,300,64.43,300,64.45,200,64.46,300,64.47,300,64.48,900,64.49,1000,64.5,600,64.51,100,64.52,100
2026-01-16 09:34:45,64.405,64.4,1,64.39,200,64.42,700,64.42,64.39,64.39,200,64.38,400,64.37,800,64.36,700,64.34,400,64.33,300,64.32,1100,64.31,600,64.3,800,64.29,100,64.42,700,64.43,300,64.45,200,64.46,300,64.47,300,64.48,900,64.49,1000,64.5,600,64.51,100,64.52,100
2026-01-16 09:34:46,64.385,64.39,2,64.37,1100,64.4,400,64.4,64.37,64.37,1100,64.36,700,64.34,400,64.33,300,64.32,1100,64.31,600,64.3,800,64.29,100,64.28,800,64.27,200,64.4,400,64.41,200,64.42,800,64.43,300,64.45,200,64.46,300,64.47,300,64.48,900,64.49,1000,64.5,600
2026-01-16 09:34:47,64.385,64.39,2,64.37,1100,64.4,400,64.4,64.37,64.37,1100,64.36,700,64.34,400,64.33,300,64.32,1100,64.31,600,64.3,800,64.29,100,64.28,800,64.27,200,64.4,400,64.41,200,64.42,800,64.43,300,64.45,200,64.46,300,64.47,300,64.48,900,64.49,1000,64.5,600
2026-01-16 09:34:48,64.385,64.37,1,64.37,1100,64.4,300,64.4,64.37,64.37,1100,64.36,700,64.34,400,64.33,300,64.32,1100,64.31,600,64.3,800,64.29,100,64.28,800,64.27,200,64.4,300,64.41,200,64.42,800,64.43,300,64.45,200,64.46,300,64.47,300,64.48,900,64.49,1000,64.5,600
2026-01-16 09:34:49,64.39,64.39,5,64.38,100,64.4,400,64.4,64.38,64.38,100,64.37,1100,64.36,700,64.34,400,64.33,300,64.32,1100,64.31,600,64.3,800,64.29,100,64.28,800,64.4,400,64.41,200,64.42,800,64.43,300,64.45,200,64.46,300,64.47,300,64.48,900,64.49,1000,64.5,600
2026-01-16 09:34:50,64.39,64.39,1,64.38,100,64.4,500,64.4,64.38,64.38,100,64.37,1100,64.36,700,64.34,400,64.33,300,64.32,1100,64.31,600,64.3,800,64.29,100,64.28,800,64.4,500,64.41,200,64.42,800,64.43,300,64.45,200,64.46,300,64.47,300,64.48,900,64.49,1000,64.5,600
2026-01-16 09:34:51,64.385,64.38,1,64.38,200,64.39,200,64.39,64.38,64.38,200,64.37,600,64.36,200,64.34,500,64.33,300,64.32,1100,64.31,600,64.3,800,64.29,100,64.28,800,64.39,200,64.4,1200,64.41,200,64.42,800,64.43,300,64.45,200,64.46,300,64.47,300,64.48,900,64.49,1000
2026-01-16 09:34:52,64.38,64.38,2,64.37,500,64.39,300,64.39,64.37,64.37,500,64.36,200,64.34,500,64.33,300,64.32,1100,64.31,600,64.3,800,64.29,100,64.28,800,64.27,200,64.39,300,64.4,1200,64.41,200,64.42,800,64.43,300,64.45,200,64.46,300,64.47,300,64.48,900,64.49,1000
2026-01-16 09:34:53,64.345,64.35,1,64.33,700,64.36,600,64.36,64.33,64.33,700,64.32,1100,64.31,600,64.3,800,64.29,100,64.28,800,64.27,200,64.24,400,64.23,500,64.22,300,64.36,600,64.37,100,64.38,400,64.39,700,64.4,1200,64.41,200,64.42,800,64.43,300,64.45,200,64.46,300
2026-01-16 09:34:54,64.345,64.35,1,64.33,700,64.36,700,64.36,64.33,64.33,700,64.32,1100,64.31,600,64.3,800,64.29,100,64.28,800,64.27,200,64.24,400,64.23,500,64.22,300,64.36,700,64.37,100,64.38,400,64.39,700,64.4,1200,64.41,200,64.42,800,64.43,300,64.45,200,64.46,300
2026-01-16 09:34:55,64.355,64.33,2,64.33,600,64.38,400,64.38,64.33,64.33,600,64.32,1100,64.31,600,64.3,800,64.29,100,64.28,800,64.27,200,64.24,400,64.23,500,64.22,300,64.38,400,64.39,700,64.4,1200,64.41,200,64.42,800,64.43,300,64.45,200,64.46,300,64.47,300,64.48,900
2026-01-16 09:34:56,64.355,64.33,2,64.33,700,64.38,400,64.38,64.33,64.33,700,64.32,1100,64.31,600,64.3,800,64.29,100,64.28,800,64.27,200,64.24,400,64.23,500,64.22,300,64.38,400,64.39,700,64.4,1200,64.41,200,64.42,800,64.43,300,64.45,200,64.46,300,64.47,300,64.48,900
2026-01-16 09:34:57,64.36,64.33,2,64.34,400,64.38,400,64.38,64.34,64.34,400,64.33,700,64.32,1100,64.31,600,64.3,800,64.29,100,64.28,800,64.27,200,64.24,400,64.23,500,64.38,400,64.39,700,64.4,1200,64.41,200,64.42,800,64.43,300,64.45,200,64.46,300,64.47,300,64.48,900
2026-01-16 09:34:58,64.36,64.33,2,64.34,600,64.38,400,64.38,64.34,64.34,600,64.33,700,64.32,1100,64.31,600,64.3,800,64.29,100,64.28,800,64.27,200,64.24,400,64.23,500,64.38,400,64.39,700,64.4,1200,64.41,200,64.42,800,64.43,300,64.45,200,64.46,300,64.47,300,64.48,900
2026-01-16 09:34:59,64.37,64.36,1,64.36,900,64.38,1300,64.38,64.36,64.36,900,64.34,600,64.33,700,64.32,1100,64.31,600,64.3,800,64.29,100,64.28,800,64.27,200,64.24,400,64.38,1300,64.39,700,64.4,1200,64.41,200,64.42,800,64.43,300,64.45,200,64.46,300,64.47,300,64.48,900
2026-01-16 09:35:00,64.36,64.36,1,64.35,200,64.37,700,64.37,64.35,64.35,200,64.34,600,64.33,700,64.32,1100,64.31,600,64.3,800,64.29,100,64.28,800,64.27,200,64.24,400,64.37,700,64.38,1400,64.39,700,64.4,1200,64.41,200,64.42,800,64.43,300,64.45,200,64.46,300,64.47,300
2026-01-16 09:35:01,64.34,64.34,1,64.33,700,64.35,900,64.35,64.33,64.33,700,64.32,1100,64.31,600,64.3,800,64.29,100,64.28,800,64.27,200,64.24,400,64.23,500,64.22,300,64.35,900,64.36,1100,64.37,1300,64.38,1300,64.39,700,64.4,1200,64.41,200,64.42,800,64.43,300,64.45,200
2026-01-16 09:35:02,64.335,64.35,1,64.33,800,64.34,400,64.34,64.33,64.33,800,64.32,1100,64.31,600,64.3,800,64.29,100,64.28,800,64.27,200,64.24,400,64.23,500,64.22,300,64.34,400,64.35,1100,64.36,1100,64.37,1300,64.38,1300,64.39,700,64.4,1200,64.41,200,64.42,800,64.43,300
2026-01-16 09:35:03,64.32,64.33,1,64.31,700,64.33,700,64.33,64.31,64.31,700,64.3,800,64.29,100,64.28,800,64.27,200,64.24,400,64.23,500,64.22,300,64.2,800,,,64.33,700,64.34,400,64.35,1100,64.36,1100,64.37,1300,64.38,1300,64.39,700,64.4,1200,64.41,200,64.42,800
2026-01-16 09:35:04,64.335,64.33,1,64.32,300,64.35,1000,64.35,64.32,64.32,300,64.31,700,64.3,800,64.29,100,64.28,800,64.27,200,64.24,400,64.23,500,64.22,300,64.2,800,64.35,1000,64.36,1100,64.37,1300,64.38,1300,64.39,700,64.4,1200,64.41,200,64.42,800,64.43,300,64.45,200
2026-01-16 09:35:05,64.335,64.33,1,64.32,300,64.35,900,64.35,64.32,64.32,300,64.31,700,64.3,800,64.29,100,64.28,800,64.27,200,64.24,400,64.23,500,64.22,300,64.2,800,64.35,900,64.36,1100,64.37,1300,64.38,1300,64.39,700,64.4,1200,64.41,200,64.42,800,64.43,300,64.45,200
2026-01-16 09:35:06,64.335,64.35,4,64.32,400,64.35,900,64.35,64.32,64.32,400,64.31,700,64.3,800,64.29,100,64.28,800,64.27,200,64.24,400,64.23,500,64.22,300,64.2,800,64.35,900,64.36,1100,64.37,1300,64.38,1300,64.39,700,64.4,1200,64.41,200,64.42,800,64.43,300,64.45,200
2026-01-16 09:35:07,64.335,64.35,4,64.32,400,64.35,800,64.35,64.32,64.32,400,64.31,700,64.3,800,64.29,100,64.28,800,64.27,200,64.24,400,64.23,500,64.22,300,64.2,800,64.35,800,64.36,1100,64.37,1300,64.38,1300,64.39,700,64.4,1200,64.41,200,64.42,800,64.43,300,64.45,200
2026-01-16 09:35:08,64.335,64.35,1,64.32,400,64.35,800,64.35,64.32,64.32,400,64.31,700,64.3,800,64.29,100,64.28,800,64.27,200,64.24,400,64.23,500,64.22,300,64.2,800,64.35,800,64.36,1100,64.37,1300,64.38,1300,64.39,700,64.4,1200,64.41,200,64.42,800,64.43,300,64.45,200
2026-01-16 09:35:09,64.335,64.35,1,64.32,400,64.35,1500,64.35,64.32,64.32,400,64.31,700,64.3,800,64.29,100,64.28,800,64.27,200,64.24,400,64.23,500,64.22,300,64.2,800,64.35,1500,64.36,1100,64.37,1300,64.38,1300,64.39,700,64.4,1200,64.41,200,64.42,800,64.43,300,64.45,200
2026-01-16 09:35:10,64.335,64.35,1,64.32,400,64.35,1500,64.35,64.32,64.32,400,64.31,700,64.3,800,64.29,100,64.28,800,64.27,200,64.24,400,64.23,500,64.22,300,64.2,800,64.35,1500,64.36,1100,64.37,1300,64.38,1300,64.39,700,64.4,1200,64.41,200,64.42,800,64.43,300,64.45,200
2026-01-16 09:35:11,64.335,64.34,2,64.32,400,64.35,1500,64.35,64.32,64.32,400,64.31,700,64.3,800,64.29,100,64.28,800,64.27,200,64.24,400,64.23,500,64.22,300,64.2,800,64.35,1500,64.36,1100,64.37,1300,64.38,1300,64.39,700,64.4,1200,64.41,200,64.42,800,64.43,300,64.45,200
2026-01-16 09:35:12,64.335,64.34,2,64.32,400,64.35,1500,64.35,64.32,64.32,400,64.31,700,64.3,800,64.29,100,64.28,800,64.27,200,64.24,400,64.23,500,64.22,300,64.2,800,64.35,1500,64.36,1100,64.37,1300,64.38,1300,64.39,700,64.4,1200,64.41,200,64.42,800,64.43,300,64.45,200
2026-01-16 09:35:13,64.335,64.34,2,64.32,400,64.35,1500,64.35,64.32,64.32,400,64.31,700,64.3,800,64.29,100,64.28,800,64.27,200,64.24,400,64.23,500,64.22,300,64.2,800,64.35,1500,64.36,1100,64.37,1300,64.38,1300,64.39,700,64.4,1200,64.41,200,64.42,800,64.43,300,64.45,200
2026-01-16 09:35:14,64.335,64.34,2,64.32,400,64.35,1500,64.35,64.32,64.32,400,64.31,700,64.3,800,64.29,100,64.28,800,64.27,200,64.24,400,64.23,500,64.22,300,64.2,800,64.35,1500,64.36,1100,64.37,1300,64.38,1300,64.39,700,64.4,1200,64.41,200,64.42,800,64.43,300,64.45,200
2026-01-16 09:35:15,64.335,64.34,2,64.32,400,64.35,1500,64.35,64.32,64.32,400,64.31,700,64.3,800,64.29,100,64.28,800,64.27,200,64.24,400,64.23,500,64.22,300,64.2,800,64.35,1500,64.36,1100,64.37,1300,64.38,1300,64.39,700,64.4,1200,64.41,200,64.42,800,64.43,300,64.45,200
2026-01-16 09:35:16,64.335,64.34,2,64.32,400,64.35,1500,64.35,64.32,64.32,400,64.31,700,64.3,800,64.29,100,64.28,800,64.27,200,64.24,400,64.23,500,64.22,300,64.2,800,64.35,1500,64.36,1100,64.37,1300,64.38,1300,64.39,700,64.4,1200,64.41,200,64.42,800,64.43,300,64.45,200
2026-01-16 09:35:17,64.335,64.35,1,64.32,400,64.35,300,64.35,64.32,64.32,400,64.31,700,64.3,800,64.29,100,64.28,800,64.27,200,64.24,400,64.23,500,64.22,300,64.2,800,64.35,300,64.36,300,64.37,1100,64.38,1300,64.39,700,64.4,1200,64.41,200,64.42,800,64.43,300,64.45,200
2026-01-16 09:35:18,64.33,64.35,1,64.31,700,64.35,500,64.35,64.31,64.31,700,64.3,800,64.29,100,64.28,800,64.27,200,64.24,400,64.23,500,64.22,300,64.2,800,,,64.35,500,64.36,300,64.37,1100,64.38,1300,64.39,700,64.4,1200,64.41,200,64.42,800,64.43,300,64.45,200
2026-01-16 09:35:19,64.33,64.35,1,64.31,700,64.35,500,64.35,64.31,64.31,700,64.3,800,64.29,100,64.28,800,64.27,200,64.24,400,64.23,500,64.22,300,64.2,800,,,64.35,500,64.36,300,64.37,1100,64.38,1300,64.39,700,64.4,1200,64.41,200,64.42,800,64.43,300,64.45,200
2026-01-16 09:35:20,64.335,64.34,1,64.31,700,64.36,800,64.36,64.31,64.31,700,64.3,800,64.29,100,64.28,800,64.27,200,64.24,400,64.23,500,64.22,300,64.2,800,,,64.36,800,64.37,1100,64.38,1300,64.39,700,64.4,1200,64.41,200,64.42,800,64.43,300,64.45,200,64.46,300
2026-01-16 09:35:21,64.345,64.34,1,64.33,300,64.36,700,64.36,64.33,64.33,300,64.31,700,64.3,800,64.29,100,64.28,800,64.27,200,64.24,400,64.23,500,64.22,300,64.2,800,64.36,700,64.37,1100,64.38,1300,64.39,700,64.4,1200,64.41,200,64.42,800,64.43,300,64.45,200,64.46,300
2026-01-16 09:35:22,64.345,64.34,1,64.33,300,64.36,700,64.36,64.33,64.33,300,64.31,700,64.3,800,64.29,100,64.28,800,64.27,200,64.24,400,64.23,500,64.22,300,64.2,800,64.36,700,64.37,1100,64.38,1300,64.39,700,64.4,1200,64.41,200,64.42,800,64.43,300,64.45,200,64.46,300
2026-01-16 09:35:23,64.3,64.29,1,64.28,1100,64.32,300,64.32,64.28,64.28,1100,64.27,300,64.24,400,64.23,500,64.22,300,64.2,800,,,,,,,,,64.32,300,64.33,200,64.34,400,64.35,100,64.36,700,64.37,1100,64.38,1300,64.39,700,64.4,1200,64.41,200
2026-01-16 09:35:24,64.305,64.29,2,64.28,1100,64.33,400,64.33,64.28,64.28,1100,64.27,300,64.24,400,64.23,500,64.22,300,64.2,800,,,,,,,,,64.33,400,64.34,400,64.35,100,64.36,700,64.37,1100,64.38,1300,64.39,700,64.4,1200,64.41,200,64.42,800
2026-01-16 09:35:25,64.3,64.29,2,64.28,1100,64.32,500,64.32,64.28,64.28,1100,64.27,300,64.24,400,64.23,500,64.22,300,64.2,800,,,,,,,,,64.32,500,64.33,400,64.34,400,64.35,100,64.36,700,64.37,1100,64.38,1300,64.39,700,64.4,1200,64.41,200
2026-01-16 09:35:26,64.3,64.29,2,64.28,1100,64.32,500,64.32,64.28,64.28,1100,64.27,300,64.24,400,64.23,500,64.22,300,64.2,800,,,,,,,,,64.32,500,64.33,400,64.34,400,64.35,100,64.36,700,64.37,1100,64.38,1300,64.39,700,64.4,1200,64.41,200
2026-01-16 09:35:27,64.3,64.3,2,64.28,1100,64.32,500,64.32,64.28,64.28,1100,64.27,300,64.24,400,64.23,500,64.22,300,64.2,800,,,,,,,,,64.32,500,64.33,400,64.34,400,64.35,100,64.36,700,64.37,1100,64.38,1300,64.39,700,64.4,1200,64.41,200
2026-01-16 09:35:28,64.3,64.31,10,64.28,1100,64.32,100,64.32,64.28,64.28,1100,64.27,300,64.24,400,64.23,500,64.22,300,64.2,800,,,,,,,,,64.32,100,64.33,600,64.34,400,64.35,100,64.36,700,64.37,1100,64.38,1300,64.39,700,64.4,1200,64.41,200
2026-01-16 09:35:29,64.31,64.32,5,64.29,300,64.33,600,64.33,64.29,64.29,300,64.28,1100,64.27,300,64.24,400,64.23,500,64.22,300,64.2,800,,,,,,,64.33,600,64.34,400,64.35,100,64.36,700,64.37,1100,64.38,1300,64.39,700,64.4,1200,64.41,200,64.42,800
2026-01-16 09:35:30,64.305,64.3,5,64.29,600,64.32,300,64.32,64.29,64.29,600,64.28,1100,64.27,300,64.24,400,64.23,500,64.22,300,64.2,800,,,,,,,64.32,300,64.33,700,64.34,400,64.35,100,64.36,700,64.37,1100,64.38,1300,64.39,700,64.4,1200,64.41,200
2026-01-16 09:35:31,64.305,64.31,10,64.29,600,64.32,400,64.32,64.29,64.29,600,64.28,1100,64.27,300,64.24,400,64.23,500,64.22,300,64.2,800,,,,,,,64.32,400,64.33,700,64.34,400,64.35,100,64.36,700,64.37,1100,64.38,1300,64.39,700,64.4,1200,64.41,200
2026-01-16 09:35:32,64.265,64.27,1,64.25,200,64.28,600,64.28,64.25,64.25,200,64.24,400,64.23,500,64.22,300,64.2,800,,,,,,,,,,,64.28,600,64.29,1300,64.3,200,64.31,300,64.32,500,64.33,700,64.34,400,64.35,100,64.36,700,64.37,1100
2026-01-16 09:35:33,64.265,64.27,2,64.25,200,64.28,600,64.28,64.25,64.25,200,64.24,400,64.23,500,64.22,300,64.2,800,,,,,,,,,,,64.28,600,64.29,1300,64.3,200,64.31,300,64.32,500,64.33,700,64.34,400,64.35,100,64.36,700,64.37,1100
2026-01-16 09:35:34,64.26,64.27,2,64.25,200,64.27,400,64.27,64.25,64.25,200,64.24,400,64.23,500,64.22,300,64.2,800,,,,,,,,,,,64.27,400,64.28,700,64.29,1300,64.3,200,64.31,300,64.32,500,64.33,700,64.34,400,64.35,100,64.36,700
2026-01-16 09:35:35,64.275,64.27,1,64.26,100,64.29,1500,64.29,64.26,64.26,100,64.25,300,64.24,400,64.23,500,64.22,300,64.2,800,,,,,,,,,64.29,1500,64.3,200,64.31,300,64.32,500,64.33,700,64.34,400,64.35,100,64.36,700,64.37,1100,64.38,1300
2026-01-16 09:35:36,64.275,64.27,1,64.26,400,64.29,1300,64.29,64.26,64.26,400,64.25,300,64.24,400,64.23,500,64.22,300,64.2,800,,,,,,,,,64.29,1300,64.3,200,64.31,300,64.32,500,64.33,700,64.34,400,64.35,100,64.36,700,64.37,1100,64.38,1300
2026-01-16 09:35:37,64.28,64.27,1,64.26,300,64.3,300,64.3,64.26,64.26,300,64.25,300,64.24,400,64.23,500,64.22,300,64.2,800,,,,,,,,,64.3,300,64.31,300,64.32,500,64.33,700,64.34,400,64.35,100,64.36,700,64.37,1100,64.38,1300,64.39,700
2026-01-16 09:35:38,64.305,64.27,1,64.29,200,64.32,400,64.32,64.29,64.29,200,64.26,300,64.25,300,64.24,400,64.23,500,64.22,300,64.2,800,,,,,,,64.32,400,64.33,700,64.34,400,64.35,100,64.36,700,64.37,1100,64.38,1300,64.39,700,64.4,1200,64.41,200
2026-01-16 09:35:39,64.325,64.31,1,64.31,400,64.34,1100,64.34,64.31,64.31,400,64.3,300,64.29,200,64.26,300,64.25,300,64.24,400,64.23,500,64.22,300,64.2,800,,,64.34,1100,64.35,100,64.36,700,64.37,1100,64.38,1300,64.39,700,64.4,1200,64.41,200,64.42,800,64.43,300
2026-01-16 09:35:40,64.325,64.31,1,64.31,400,64.34,1100,64.34,64.31,64.31,400,64.3,300,64.29,200,64.26,300,64.25,300,64.24,400,64.23,500,64.22,300,64.2,800,,,64.34,1100,64.35,100,64.36,700,64.37,1100,64.38,1300,64.39,700,64.4,1200,64.41,200,64.42,800,64.43,300
2026-01-16 09:35:41,64.315,64.3,1,64.3,100,64.33,400,64.33,64.3,64.3,100,64.29,400,64.26,300,64.25,300,64.24,400,64.23,500,64.22,300,64.2,800,,,,,64.33,400,64.34,1100,64.35,100,64.36,700,64.37,1100,64.38,1300,64.39,700,64.4,1200,64.41,200,64.42,800
2026-01-16 09:35:42,64.315,64.3,1,64.3,300,64.33,400,64.33,64.3,64.3,300,64.29,400,64.26,300,64.25,300,64.24,400,64.23,500,64.22,300,64.2,800,,,,,64.33,400,64.34,1100,64.35,100,64.36,700,64.37,1100,64.38,1300,64.39,700,64.4,1200,64.41,200,64.42,800
2026-01-16 09:35:43,64.315,64.32,1,64.3,600,64.33,500,64.33,64.3,64.3,600,64.29,400,64.26,300,64.25,300,64.24,400,64.23,500,64.22,300,64.2,800,,,,,64.33,500,64.34,1100,64.35,100,64.36,700,64.37,1100,64.38,1300,64.39,700,64.4,1200,64.41,200,64.42,800
2026-01-16 09:35:44,64.325,64.32,1,64.31,100,64.34,1100,64.34,64.31,64.31,100,64.3,600,64.29,400,64.26,300,64.25,300,64.24,400,64.23,500,64.22,300,64.2,800,,,64.34,1100,64.35,100,64.36,700,64.37,1100,64.38,1300,64.39,700,64.4,1200,64.41,200,64.42,800,64.43,300
2026-01-16 09:35:45,64.435,64.44,2,64.42,400,64.45,700,64.45,64.42,64.42,400,64.41,400,64.4,300,64.39,600,64.36,300,64.35,700,64.34,400,64.33,300,64.32,100,64.31,200,64.45,700,64.46,300,64.47,300,64.48,900,64.49,1000,64.5,600,64.51,100,64.52,100,64.53,800,64.54,600
2026-01-16 09:35:46,64.435,64.42,1,64.42,400,64.45,800,64.45,64.42,64.42,400,64.41,400,64.4,300,64.39,600,64.36,300,64.35,700,64.34,400,64.33,300,64.32,100,64.31,200,64.45,800,64.46,300,64.47,300,64.48,900,64.49,1000,64.5,600,64.51,100,64.52,100,64.53,800,64.54,600
2026-01-16 09:35:47,64.435,64.42,1,64.42,800,64.45,800,64.45,64.42,64.42,800,64.41,400,64.4,300,64.39,600,64.36,300,64.35,700,64.34,400,64.33,300,64.32,100,64.31,200,64.45,800,64.46,300,64.47,300,64.48,900,64.49,1000,64.5,600,64.51,100,64.52,100,64.53,800,64.54,600
2026-01-16 09:35:48,64.41,64.39,1,64.39,300,64.43,600,64.43,64.39,64.39,300,64.36,300,64.35,700,64.34,400,64.33,300,64.32,100,64.31,200,64.3,600,64.29,400,64.26,300,64.43,600,64.44,600,64.45,1000,64.46,300,64.47,300,64.48,900,64.49,1000,64.5,600,64.51,100,64.52,100
2026-01-16 09:35:49,64.41,64.39,1,64.39,300,64.43,500,64.43,64.39,64.39,300,64.36,300,64.35,700,64.34,400,64.33,300,64.32,100,64.31,200,64.3,600,64.29,400,64.26,300,64.43,500,64.44,600,64.45,1000,64.46,300,64.47,300,64.48,900,64.49,1000,64.5,600,64.51,100,64.52,100
2026-01-16 09:35:50,64.41,64.39,1,64.39,300,64.43,400,64.43,64.39,64.39,300,64.36,300,64.35,700,64.34,400,64.33,300,64.32,100,64.31,200,64.3,600,64.29,400,64.26,300,64.43,400,64.44,600,64.45,1000,64.46,300,64.47,300,64.48,900,64.49,1000,64.5,600,64.51,100,64.52,100
2026-01-16 09:35:51,64.41,64.39,1,64.39,300,64.43,400,64.43,64.39,64.39,300,64.36,300,64.35,700,64.34,400,64.33,300,64.32,100,64.31,200,64.3,600,64.29,400,64.26,300,64.43,400,64.44,600,64.45,1000,64.46,300,64.47,300,64.48,900,64.49,1000,64.5,600,64.51,100,64.52,100
2026-01-16 09:35:52,64.41,64.39,2,64.39,700,64.43,700,64.43,64.39,64.39,700,64.38,300,64.37,300,64.36,300,64.35,500,64.34,400,64.33,300,64.32,100,64.31,200,64.3,600,64.43,700,64.44,600,64.45,1000,64.46,300,64.47,300,64.48,900,64.49,1000,64.5,600,64.51,100,64.52,100
2026-01-16 09:35:53,64.41,64.42,2,64.39,900,64.43,200,64.43,64.39,64.39,900,64.38,300,64.37,300,64.36,300,64.35,500,64.34,400,64.33,300,64.32,100,64.31,200,64.3,600,64.43,200,64.44,500,64.45,1000,64.46,300,64.47,300,64.48,900,64.49,1000,64.5,600,64.51,100,64.52,100
2026-01-16 09:35:54,64.44,64.42,2,64.42,400,64.46,900,64.46,64.42,64.42,400,64.41,100,64.4,200,64.39,900,64.38,300,64.37,300,64.36,300,64.35,500,64.34,400,64.33,300,64.46,900,64.47,300,64.48,900,64.49,1000,64.5,600,64.51,100,64.52,100,64.53,800,64.54,600,64.55,200
2026-01-16 09:35:55,64.445,64.47,10,64.42,400,64.47,400,64.47,64.42,64.42,400,64.41,100,64.4,200,64.39,900,64.38,300,64.37,300,64.36,300,64.35,500,64.34,400,64.33,300,64.47,400,64.48,900,64.49,1000,64.5,600,64.51,100,64.52,100,64.53,800,64.54,600,64.55,200,64.57,300
2026-01-16 09:35:56,64.445,64.47,10,64.42,400,64.47,400,64.47,64.42,64.42,400,64.41,100,64.4,200,64.39,900,64.38,300,64.37,300,64.36,300,64.35,500,64.34,400,64.33,300,64.47,400,64.48,900,64.49,1000,64.5,600,64.51,100,64.52,100,64.53,800,64.54,600,64.55,200,64.57,300
2026-01-16 09:35:57,64.445,64.47,10,64.42,400,64.47,600,64.47,64.42,64.42,400,64.41,100,64.4,200,64.39,900,64.38,300,64.37,300,64.36,300,64.35,500,64.34,400,64.33,300,64.47,600,64.48,900,64.49,1000,64.5,600,64.51,100,64.52,100,64.53,800,64.54,600,64.55,200,64.57,300
2026-01-16 09:35:58,64.445,64.44,1,64.42,400,64.47,600,64.47,64.42,64.42,400,64.41,100,64.4,200,64.39,900,64.38,300,64.37,300,64.36,300,64.35,500,64.34,400,64.33,300,64.47,600,64.48,900,64.49,1000,64.5,600,64.51,100,64.52,100,64.53,800,64.54,600,64.55,200,64.57,300
2026-01-16 09:35:59,64.44,64.44,1,64.42,400,64.46,500,64.46,64.42,64.42,400,64.41,100,64.4,200,64.39,900,64.38,300,64.37,300,64.36,300,64.35,500,64.34,400,64.33,300,64.46,500,64.47,600,64.48,900,64.49,1000,64.5,600,64.51,100,64.52,100,64.53,800,64.54,600,64.55,200
2026-01-16 09:36:00,64.44,64.43,1,64.42,500,64.46,400,64.46,64.42,64.42,500,64.41,100,64.4,200,64.39,900,64.38,300,64.37,300,64.36,300,64.35,500,64.34,400,64.33,300,64.46,400,64.47,600,64.48,900,64.49,1000,64.5,600,64.51,100,64.52,100,64.53,800,64.54,600,64.55,200
2026-01-16 09:36:01,64.405,64.42,1,64.39,800,64.42,400,64.42,64.39,64.39,800,64.38,300,64.37,300,64.36,300,64.35,500,64.34,400,64.33,300,64.32,100,64.31,200,64.3,600,64.42,400,64.43,600,64.44,200,64.45,200,64.46,700,64.47,600,64.48,900,64.49,1000,64.5,600,64.51,100
2026-01-16 09:36:02,64.41,64.42,1,64.39,800,64.43,500,64.43,64.39,64.39,800,64.38,300,64.37,300,64.36,300,64.35,500,64.34,400,64.33,300,64.32,100,64.31,200,64.3,600,64.43,500,64.44,200,64.45,200,64.46,700,64.47,600,64.48,900,64.49,1000,64.5,600,64.51,100,64.52,100
2026-01-16 09:36:03,64.41,64.41,1,64.39,800,64.43,500,64.43,64.39,64.39,800,64.38,300,64.37,300,64.36,300,64.35,500,64.34,400,64.33,300,64.32,100,64.31,200,64.3,600,64.43,500,64.44,200,64.45,200,64.46,700,64.47,600,64.48,900,64.49,1000,64.5,600,64.51,100,64.52,100
2026-01-16 09:36:04,64.41,64.41,2,64.39,800,64.43,600,64.43,64.39,64.39,800,64.38,300,64.37,300,64.36,300,64.35,500,64.34,400,64.33,300,64.32,100,64.31,200,64.3,600,64.43,600,64.44,200,64.45,200,64.46,700,64.47,600,64.48,900,64.49,1000,64.5,600,64.51,100,64.52,100
2026-01-16 09:36:05,64.41,64.41,2,64.39,800,64.43,600,64.43,64.39,64.39,800,64.38,300,64.37,300,64.36,300,64.35,500,64.34,400,64.33,300,64.32,100,64.31,200,64.3,600,64.43,600,64.44,200,64.45,200,64.46,700,64.47,600,64.48,900,64.49,1000,64.5,600,64.51,100,64.52,100
2026-01-16 09:36:06,64.41,64.39,1,64.39,800,64.43,600,64.43,64.39,64.39,800,64.38,300,64.37,300,64.36,300,64.35,500,64.34,400,64.33,300,64.32,100,64.31,200,64.3,600,64.43,600,64.44,200,64.45,200,64.46,700,64.47,600,64.48,900,64.49,1000,64.5,600,64.51,100,64.52,100
2026-01-16 09:36:07,64.415,64.39,1,64.4,1100,64.43,700,64.43,64.4,64.4,1100,64.39,800,64.38,300,64.37,300,64.36,300,64.35,500,64.34,400,64.33,300,64.32,100,64.31,200,64.43,700,64.44,200,64.45,200,64.46,700,64.47,600,64.48,900,64.49,1000,64.5,600,64.51,100,64.52,100
2026-01-16 09:36:08,64.415,64.39,1,64.4,1100,64.43,700,64.43,64.4,64.4,1100,64.39,800,64.38,300,64.37,300,64.36,300,64.35,500,64.34,400,64.33,300,64.32,100,64.31,200,64.43,700,64.44,200,64.45,200,64.46,700,64.47,600,64.48,900,64.49,1000,64.5,600,64.51,100,64.52,100
2026-01-16 09:36:09,64.31,64.33,1,64.29,700,64.33,100,64.33,64.29,64.29,700,64.26,300,64.25,300,64.24,400,64.23,500,64.22,300,64.2,800,,,,,,,64.33,100,64.34,500,64.35,100,64.36,200,64.37,400,64.38,900,64.39,600,64.4,500,64.41,500,64.42,200
2026-01-16 09:36:10,64.31,64.33,1,64.29,700,64.33,300,64.33,64.29,64.29,700,64.26,300,64.25,300,64.24,400,64.23,500,64.22,300,64.2,800,,,,,,,64.33,300,64.34,700,64.35,100,64.36,200,64.37,400,64.38,900,64.39,600,64.4,500,64.41,500,64.42,200
2026-01-16 09:36:11,64.305,64.33,1,64.28,1200,64.33,400,64.33,64.28,64.28,1200,64.26,300,64.25,300,64.24,400,64.23,500,64.22,300,64.2,800,,,,,,,64.33,400,64.34,700,64.35,100,64.36,200,64.37,400,64.38,900,64.39,600,64.4,500,64.41,500,64.42,200
2026-01-16 09:36:12,64.3,64.33,1,64.28,1200,64.32,100,64.32,64.28,64.28,1200,64.26,300,64.25,300,64.24,400,64.23,500,64.22,300,64.2,800,,,,,,,64.32,100,64.33,400,64.34,700,64.35,100,64.36,200,64.37,400,64.38,900,64.39,600,64.4,500,64.41,500
2026-01-16 09:36:13,64.295,64.33,1,64.28,1100,64.31,300,64.31,64.28,64.28,1100,64.26,300,64.25,300,64.24,400,64.23,500,64.22,300,64.2,800,,,,,,,64.31,300,64.32,200,64.33,400,64.34,700,64.35,100,64.36,200,64.37,400,64.38,900,64.39,600,64.4,500
2026-01-16 09:36:14,64.27,64.28,1,64.25,1800,64.29,100,64.29,64.25,64.25,1800,64.24,400,64.23,500,64.22,300,64.2,800,,,,,,,,,,,64.29,100,64.3,500,64.31,300,64.32,200,64.33,400,64.34,700,64.35,100,64.36,200,64.37,400,64.38,900
2026-01-16 09:36:15,64.265,64.28,1,64.25,1800,64.28,500,64.28,64.25,64.25,1800,64.24,400,64.23,500,64.22,300,64.2,800,,,,,,,,,,,64.28,500,64.29,100,64.3,500,64.31,300,64.32,200,64.33,400,64.34,700,64.35,100,64.36,200,64.37,400
2026-01-16 09:36:16,64.265,64.27,10,64.25,1800,64.28,500,64.28,64.25,64.25,1800,64.24,400,64.23,500,64.22,300,64.2,800,,,,,,,,,,,64.28,500,64.29,100,64.3,500,64.31,300,64.32,200,64.33,400,64.34,700,64.35,100,64.36,200,64.37,400
2026-01-16 09:36:17,64.265,64.26,1,64.25,1800,64.28,500,64.28,64.25,64.25,1800,64.24,400,64.23,500,64.22,300,64.2,800,,,,,,,,,,,64.28,500,64.29,100,64.3,500,64.31,300,64.32,200,64.33,400,64.34,700,64.35,100,64.36,200,64.37,400
2026-01-16 09:36:18,64.265,64.27,2,64.25,1800,64.28,700,64.28,64.25,64.25,1800,64.24,400,64.23,500,64.22,300,64.2,800,,,,,,,,,,,64.28,700,64.29,100,64.3,500,64.31,300,64.32,200,64.33,400,64.34,700,64.35,100,64.36,200,64.37,400
2026-01-16 09:36:19,64.265,64.27,2,64.25,1800,64.28,700,64.28,64.25,64.25,1800,64.24,400,64.23,500,64.22,300,64.2,800,,,,,,,,,,,64.28,700,64.29,100,64.3,500,64.31,300,64.32,200,64.33,400,64.34,700,64.35,100,64.36,200,64.37,400
2026-01-16 09:36:20,64.265,64.25,2,64.25,1800,64.28,700,64.28,64.25,64.25,1800,64.24,400,64.23,500,64.22,300,64.2,800,,,,,,,,,,,64.28,700,64.29,100,64.3,500,64.31,300,64.32,200,64.33,400,64.34,700,64.35,100,64.36,200,64.37,400
2026-01-16 09:36:21,64.22,64.22,2,64.21,100,64.23,700,64.23,64.21,64.21,100,64.2,1400,,,,,,,,,,,,,,,,,64.23,700,64.24,200,64.25,300,64.26,200,64.27,500,64.28,700,64.29,100,64.3,500,64.31,300,64.32,200
2026-01-16 09:36:22,64.19,64.17,3,64.17,800,64.21,400,64.21,64.17,64.17,800,64.16,500,,,,,,,,,,,,,,,,,64.21,400,64.22,800,64.23,200,64.24,200,64.25,300,64.26,200,64.27,500,64.28,700,64.29,100,64.3,500
2026-01-16 09:36:23,64.205,64.2,2,64.19,500,64.22,300,64.22,64.19,64.19,500,64.17,1000,64.16,500,,,,,,,,,,,,,,,64.22,300,64.23,700,64.24,200,64.25,300,64.26,200,64.27,500,64.28,700,64.29,100,64.3,500,64.31,300
2026-01-16 09:36:25,64.205,64.21,1,64.19,500,64.22,300,64.22,64.19,64.19,500,64.17,1000,64.16,500,,,,,,,,,,,,,,,64.22,300,64.23,700,64.24,200,64.25,300,64.26,200,64.27,500,64.28,700,64.29,100,64.3,500,64.31,300
2026-01-16 09:36:26,64.205,64.19,1,64.19,500,64.22,300,64.22,64.19,64.19,500,64.17,1000,64.16,500,,,,,,,,,,,,,,,64.22,300,64.23,700,64.24,200,64.25,300,64.26,200,64.27,500,64.28,700,64.29,100,64.3,500,64.31,300
2026-01-16 09:36:27,64.205,64.19,1,64.19,500,64.22,300,64.22,64.19,64.19,500,64.17,1000,64.16,500,,,,,,,,,,,,,,,64.22,300,64.23,700,64.24,200,64.25,300,64.26,200,64.27,500,64.28,700,64.29,100,64.3,500,64.31,300
2026-01-16 09:36:28,64.205,64.19,1,64.19,600,64.22,1000,64.22,64.19,64.19,600,64.17,1000,64.16,500,,,,,,,,,,,,,,,64.22,1000,64.23,700,64.24,200,64.25,300,64.26,200,64.27,500,64.28,700,64.29,100,64.3,500,64.31,300
2026-01-16 09:36:29,64.205,64.21,1,64.19,700,64.22,1000,64.22,64.19,64.19,700,64.17,1000,64.16,500,,,,,,,,,,,,,,,64.22,1000,64.23,700,64.24,200,64.25,300,64.26,200,64.27,500,64.28,700,64.29,100,64.3,500,64.31,300
2026-01-16 09:36:30,64.205,64.21,1,64.19,700,64.22,1000,64.22,64.19,64.19,700,64.17,1000,64.16,500,,,,,,,,,,,,,,,64.22,1000,64.23,700,64.24,200,64.25,300,64.26,200,64.27,500,64.28,700,64.29,100,64.3,500,64.31,300
2026-01-16 09:36:31,64.205,64.21,1,64.19,700,64.22,1000,64.22,64.19,64.19,700,64.17,1000,64.16,500,,,,,,,,,,,,,,,64.22,1000,64.23,700,64.24,200,64.25,300,64.26,200,64.27,500,64.28,700,64.29,100,64.3,500,64.31,300
2026-01-16 09:36:32,64.205,64.21,1,64.19,700,64.22,1000,64.22,64.19,64.19,700,64.17,1000,64.16,500,,,,,,,,,,,,,,,64.22,1000,64.23,700,64.24,200,64.25,300,64.26,200,64.27,500,64.28,700,64.29,100,64.3,500,64.31,300
2026-01-16 09:36:33,64.185,64.19,1,64.16,800,64.21,300,64.21,64.16,64.16,800,,,,,,,,,,,,,,,,,,,64.21,300,64.22,600,64.23,300,64.24,400,64.25,300,64.26,200,64.27,500,64.28,700,64.29,100,64.3,500
2026-01-16 09:36:34,64.175,64.16,1,64.16,800,64.19,200,64.19,64.16,64.16,800,,,,,,,,,,,,,,,,,,,64.19,200,64.21,400,64.22,600,64.23,300,64.24,400,64.25,300,64.26,200,64.27,500,64.28,700,64.29,100
2026-01-16 09:36:35,64.165,64.16,1,64.15,1200,64.18,400,64.18,64.15,64.15,1200,,,,,,,,,,,,,,,,,,,64.18,400,64.19,400,64.21,400,64.22,600,64.23,300,64.24,400,64.25,300,64.26,200,64.27,500,64.28,700
2026-01-16 09:36:36,64.145,64.13,10,64.13,400,64.16,400,64.16,64.13,64.13,400,,,,,,,,,,,,,,,,,,,64.16,400,64.17,200,64.18,400,64.19,400,64.21,400,64.22,600,64.23,300,64.24,400,64.25,300,64.26,200
2026-01-16 09:36:37,64.155,64.13,1,64.13,500,64.18,500,64.18,64.13,64.13,500,,,,,,,,,,,,,,,,,,,64.18,500,64.19,400,64.21,400,64.22,600,64.23,300,64.24,400,64.25,300,64.26,200,64.27,500,64.28,700
2026-01-16 09:36:38,64.155,64.14,1,64.13,500,64.18,500,64.18,64.13,64.13,500,,,,,,,,,,,,,,,,,,,64.18,500,64.19,400,64.21,400,64.22,600,64.23,300,64.24,400,64.25,300,64.26,200,64.27,500,64.28,700
2026-01-16 09:36:39,64.155,64.14,1,64.13,500,64.18,500,64.18,64.13,64.13,500,,,,,,,,,,,,,,,,,,,64.18,500,64.19,400,64.21,400,64.22,600,64.23,300,64.24,400,64.25,300,64.26,200,64.27,500,64.28,700
2026-01-16 09:36:40,64.155,64.14,5,64.13,500,64.18,500,64.18,64.13,64.13,500,,,,,,,,,,,,,,,,,,,64.18,500,64.19,400,64.21,400,64.22,600,64.23,300,64.24,400,64.25,300,64.26,200,64.27,500,64.28,700
2026-01-16 09:36:41,64.155,64.14,5,64.13,500,64.18,400,64.18,64.13,64.13,500,,,,,,,,,,,,,,,,,,,64.18,400,64.19,400,64.21,400,64.22,600,64.23,300,64.24,400,64.25,300,64.26,200,64.27,500,64.28,700
2026-01-16 09:36:42,64.155,64.14,5,64.13,500,64.18,400,64.18,64.13,64.13,500,,,,,,,,,,,,,,,,,,,64.18,400,64.19,400,64.21,400,64.22,600,64.23,300,64.24,400,64.25,300,64.26,200,64.27,500,64.28,700
2026-01-16 09:36:43,64.155,64.14,5,64.13,500,64.18,400,64.18,64.13,64.13,500,,,,,,,,,,,,,,,,,,,64.18,400,64.19,400,64.21,400,64.22,600,64.23,300,64.24,400,64.25,300,64.26,200,64.27,500,64.28,700
2026-01-16 09:36:44,64.17,64.14,5,64.15,500,64.19,400,64.19,64.15,64.15,500,64.14,100,64.13,500,,,,,,,,,,,,,,,64.19,400,64.21,400,64.22,600,64.23,300,64.24,400,64.25,300,64.26,200,64.27,500,64.28,700,64.29,100
2026-01-16 09:36:45,64.17,64.14,5,64.15,500,64.19,400,64.19,64.15,64.15,500,64.14,100,64.13,500,,,,,,,,,,,,,,,64.19,400,64.21,400,64.22,600,64.23,300,64.24,400,64.25,300,64.26,200,64.27,500,64.28,700,64.29,100
2026-01-16 09:36:46,64.19,64.19,1,64.18,400,64.2,100,64.2,64.18,64.18,400,64.17,100,64.16,200,64.15,400,64.14,100,64.13,500,,,,,,,,,64.2,100,64.21,400,64.22,600,64.23,300,64.24,400,64.25,300,64.26,200,64.27,500,64.28,700,64.29,100
2026-01-16 09:36:47,64.19,64.19,1,64.18,300,64.2,100,64.2,64.18,64.18,300,64.17,100,64.16,200,64.15,400,64.14,100,64.13,500,,,,,,,,,64.2,100,64.21,400,64.22,600,64.23,300,64.24,400,64.25,300,64.26,200,64.27,500,64.28,700,64.29,100
2026-01-16 09:36:48,64.17,64.18,1,64.15,300,64.19,500,64.19,64.15,64.15,300,64.14,100,64.13,500,,,,,,,,,,,,,,,64.19,500,64.2,200,64.21,400,64.22,600,64.23,300,64.24,400,64.25,300,64.26,200,64.27,500,64.28,700
2026-01-16 09:36:49,64.17,64.18,1,64.15,300,64.19,500,64.19,64.15,64.15,300,64.14,100,64.13,500,,,,,,,,,,,,,,,64.19,500,64.2,200,64.21,400,64.22,600,64.23,300,64.24,400,64.25,300,64.26,200,64.27,500,64.28,700
2026-01-16 09:36:50,64.17,64.18,1,64.15,300,64.19,500,64.19,64.15,64.15,300,64.14,100,64.13,500,,,,,,,,,,,,,,,64.19,500,64.2,200,64.21,400,64.22,600,64.23,300,64.24,400,64.25,300,64.26,200,64.27,500,64.28,700
2026-01-16 09:36:51,64.16,64.18,1,64.13,500,64.19,500,64.19,64.13,64.13,500,,,,,,,,,,,,,,,,,,,64.19,500,64.2,200,64.21,400,64.22,600,64.23,300,64.24,400,64.25,300,64.26,200,64.27,500,64.28,700
2026-01-16 09:36:52,64.16,64.18,1,64.13,500,64.19,900,64.19,64.13,64.13,500,,,,,,,,,,,,,,,,,,,64.19,900,64.2,200,64.21,400,64.22,600,64.23,300,64.24,400,64.25,300,64.26,200,64.27,500,64.28,700
2026-01-16 09:36:53,64.16,64.18,1,64.13,500,64.19,900,64.19,64.13,64.13,500,,,,,,,,,,,,,,,,,,,64.19,900,64.2,200,64.21,400,64.22,600,64.23,300,64.24,400,64.25,300,64.26,200,64.27,500,64.28,700
2026-01-16 09:36:54,64.165,64.18,1,64.14,200,64.19,900,64.19,64.14,64.14,200,64.13,500,,,,,,,,,,,,,,,,,64.19,900,64.2,200,64.21,400,64.22,600,64.23,300,64.24,400,64.25,300,64.26,200,64.27,500,64.28,700
2026-01-16 09:36:55,64.165,64.18,1,64.14,200,64.19,900,64.19,64.14,64.14,200,64.13,500,,,,,,,,,,,,,,,,,64.19,900,64.2,200,64.21,400,64.22,600,64.23,300,64.24,400,64.25,300,64.26,200,64.27,500,64.28,700
2026-01-16 09:36:56,64.105,64.1,1,64.08,400,64.13,500,64.13,64.08,64.08,400,,,,,,,,,,,,,,,,,,,64.13,500,64.14,100,64.15,200,64.16,600,64.17,400,64.18,500,64.19,900,64.2,200,64.21,400,64.22,600
2026-01-16 09:36:57,64.15,64.1,1,64.13,300,64.17,400,64.17,64.13,64.13,300,64.12,500,64.11,500,64.08,700,,,,,,,,,,,,,64.17,400,64.18,500,64.19,900,64.2,200,64.21,400,64.22,600,64.23,300,64.24,400,64.25,300,64.26,200
2026-01-16 09:36:58,64.175,64.1,1,64.16,500,64.19,600,64.19,64.16,64.16,500,64.15,300,64.14,300,64.13,800,64.12,500,64.11,500,64.08,700,,,,,,,64.19,600,64.2,200,64.21,400,64.22,600,64.23,300,64.24,400,64.25,300,64.26,200,64.27,500,64.28,700
2026-01-16 09:36:59,64.175,64.1,1,64.16,500,64.19,700,64.19,64.16,64.16,500,64.15,300,64.14,300,64.13,800,64.12,500,64.11,500,64.08,700,,,,,,,64.19,700,64.2,200,64.21,400,64.22,600,64.23,300,64.24,400,64.25,300,64.26,200,64.27,500,64.28,700
2026-01-16 09:37:00,64.175,64.1,1,64.16,600,64.19,700,64.19,64.16,64.16,600,64.15,300,64.14,300,64.13,800,64.12,500,64.11,500,64.08,700,,,,,,,64.19,700,64.2,200,64.21,400,64.22,600,64.23,300,64.24,400,64.25,300,64.26,200,64.27,500,64.28,700
2026-01-16 09:37:01,64.175,64.19,3,64.16,500,64.19,700,64.19,64.16,64.16,500,64.15,300,64.14,300,64.13,800,64.12,500,64.11,500,64.08,700,,,,,,,64.19,700,64.2,200,64.21,400,64.22,600,64.23,300,64.24,400,64.25,300,64.26,200,64.27,500,64.28,700
2026-01-16 09:37:02,64.135,64.13,1,64.12,500,64.15,400,64.15,64.12,64.12,500,64.11,500,64.08,700,,,,,,,,,,,,,,,64.15,400,64.16,1300,64.17,300,64.18,500,64.19,700,64.2,200,64.21,400,64.22,600,64.23,300,64.24,400
2026-01-16 09:37:03,64.14,64.13,1,64.12,500,64.16,900,64.16,64.12,64.12,500,64.11,500,64.08,700,,,,,,,,,,,,,,,64.16,900,64.17,300,64.18,500,64.19,700,64.2,200,64.21,400,64.22,600,64.23,300,64.24,400,64.25,300
2026-01-16 09:37:04,64.14,64.13,1,64.12,500,64.16,800,64.16,64.12,64.12,500,64.11,500,64.08,700,,,,,,,,,,,,,,,64.16,800,64.17,300,64.18,500,64.19,700,64.2,200,64.21,400,64.22,600,64.23,300,64.24,400,64.25,300
2026-01-16 09:37:05,64.135,64.14,10,64.12,500,64.15,100,64.15,64.12,64.12,500,64.11,500,64.08,700,,,,,,,,,,,,,,,64.15,100,64.16,1200,64.17,300,64.18,500,64.19,700,64.2,200,64.21,400,64.22,600,64.23,300,64.24,400
2026-01-16 09:37:06,64.135,64.14,10,64.12,600,64.15,100,64.15,64.12,64.12,600,64.11,500,64.08,700,,,,,,,,,,,,,,,64.15,100,64.16,1200,64.17,300,64.18,500,64.19,700,64.2,200,64.21,400,64.22,600,64.23,300,64.24,400
2026-01-16 09:37:07,64.135,64.14,8,64.12,600,64.15,500,64.15,64.12,64.12,600,64.11,500,64.08,700,,,,,,,,,,,,,,,64.15,500,64.16,1200,64.17,300,64.18,500,64.19,700,64.2,200,64.21,400,64.22,600,64.23,300,64.24,400
2026-01-16 09:37:08,64.135,64.14,8,64.12,600,64.15,500,64.15,64.12,64.12,600,64.11,500,64.08,700,,,,,,,,,,,,,,,64.15,500,64.16,1200,64.17,300,64.18,500,64.19,700,64.2,200,64.21,400,64.22,600,64.23,300,64.24,400
2026-01-16 09:37:09,64.135,64.14,8,64.12,600,64.15,500,64.15,64.12,64.12,600,64.11,500,64.08,700,,,,,,,,,,,,,,,64.15,500,64.16,1200,64.17,300,64.18,500,64.19,700,64.2,200,64.21,400,64.22,600,64.23,300,64.24,400
2026-01-16 09:37:10,64.135,64.15,1,64.12,500,64.15,500,64.15,64.12,64.12,500,64.11,500,64.08,700,,,,,,,,,,,,,,,64.15,500,64.16,1200,64.17,300,64.18,500,64.19,700,64.2,200,64.21,400,64.22,600,64.23,300,64.24,400
2026-01-16 09:37:11,64.135,64.14,15,64.12,600,64.15,500,64.15,64.12,64.12,600,64.11,500,64.08,700,,,,,,,,,,,,,,,64.15,500,64.16,1200,64.17,300,64.18,500,64.19,700,64.2,200,64.21,400,64.22,600,64.23,300,64.24,400
2026-01-16 09:37:12,64.13,64.13,1,64.12,600,64.14,500,64.14,64.12,64.12,600,64.11,500,64.08,700,,,,,,,,,,,,,,,64.14,500,64.15,500,64.16,1200,64.17,300,64.18,500,64.19,700,64.2,200,64.21,400,64.22,600,64.23,300
2026-01-16 09:37:13,64.135,64.14,4,64.12,600,64.15,500,64.15,64.12,64.12,600,64.11,500,64.08,700,,,,,,,,,,,,,,,64.15,500,64.16,1200,64.17,300,64.18,500,64.19,700,64.2,200,64.21,400,64.22,600,64.23,300,64.24,400
