sim_time,mid_price,last_price,last_size,best_bid_price,best_bid_size,best_ask_price,best_ask_size,close_price_buy,close_price_sell,bid1_price,bid1_size,bid2_price,bid2_size,bid3_price,bid3_size,bid4_price,bid4_size,bid5_price,bid5_size,bid6_price,bid6_size,bid7_price,bid7_size,bid8_price,bid8_size,bid9_price,bid9_size,bid10_price,bid10_size,ask1_price,ask1_size,ask2_price,ask2_size,ask3_price,ask3_size,ask4_price,ask4_size,ask5_price,ask5_size,ask6_price,ask6_size,ask7_price,ask7_size,ask8_price,ask8_size,ask9_price,ask9_size,ask10_price,ask10_size
2026-01-16 09:30:36,,0.0,0,,,,,,,,,,,,,,,,,,,,,,,,,,,,,,,,,,,,,,,,,,,,,,
2026-01-16 09:30:37,,0.0,0,,,,,,,,,,,,,,,,,,,,,,,,,,,,,,,,,,,,,,,,,,,,,,
2026-01-16 09:30:38,188.945,189.01,1,188.91,100,188.98,100,188.98,188.91,188.91,100,188.9,300,,,,,,,,,,,,,,,,,188.98,100,188.99,500,189.0,400,189.02,100,189.05,100,189.06,300,189.07,200,189.08,200,189.09,300,189.1,300
2026-01-16 09:30:38,188.83,188.82,59,188.81,600,188.85,100,188.85,188.81,188.81,600,188.8,6200,188.79,6100,188.78,6900,188.77,300,188.75,6000,188.73,1700,,,,,,,188.85,100,188.87,200,188.88,300,188.9,100,188.92,200,188.94,500,188.95,100,188.96,200,188.99,200,189.0,300
2026-01-16 09:30:39,188.93,189.0,1,188.9,800,188.96,100,188.96,188.9,188.9,800,188.89,100,188.88,1500,188.86,300,188.85,100,188.84,200,188.81,600,188.8,300,188.79,100,188.78,600,188.96,100,188.97,800,188.98,800,188.99,300,189.0,1600,189.01,1700,189.02,2000,189.03,1600,189.04,2000,189.05,400
2026-01-16 09:30:39,189.255,189.26,1,189.24,200,189.27,100,189.27,189.24,189.24,200,189.23,1300,189.21,1100,189.18,100,189.14,1100,189.13,200,189.11,800,189.09,1300,189.07,700,189.05,500,189.27,100,189.29,100,189.31,500,189.33,100,189.34,800,189.37,1000,189.38,600,,,,,,
2026-01-16 09:30:41,189.32,189.31,1,189.31,200,189.33,200,189.33,189.31,189.31,200,189.3,500,189.29,400,189.28,200,189.27,100,189.26,300,189.25,700,189.24,800,189.23,200,189.21,500,189.33,200,189.34,500,189.35,1000,189.36,100,189.37,400,189.38,300,189.39,100,189.4,300,189.42,700,189.43,500
2026-01-16 09:30:43,189.24,189.26,1,189.21,1900,189.27,1100,189.27,189.21,189.21,1900,189.2,1900,189.19,5300,189.17,1600,189.15,600,189.14,1100,189.13,200,189.11,800,189.09,1300,189.07,700,189.27,1100,189.28,600,189.29,400,189.3,500,189.31,200,189.32,400,189.33,500,189.34,500,189.35,1000,189.36,100
2026-01-16 09:30:44,189.26,189.23,23,189.23,200,189.29,200,189.29,189.23,189.23,200,189.21,1900,189.2,1900,189.19,5300,189.17,1600,189.15,600,189.14,1100,189.13,200,189.11,800,189.09,1300,189.29,200,189.3,500,189.31,800,189.32,1400,189.33,500,189.34,500,189.35,1000,189.36,100,189.37,400,189.38,300
2026-01-16 09:30:45,189.28,189.27,1,189.25,1300,189.31,800,189.31,189.25,189.25,1300,189.24,500,189.23,200,189.21,1900,189.2,1900,189.19,5300,189.17,1600,189.15,600,189.14,1100,189.13,200,189.31,800,189.32,1400,189.33,500,189.34,500,189.35,1000,189.36,100,189.37,400,189.38,300,189.39,100,189.4,300
2026-01-16 09:30:46,189.37,189.38,1,189.35,6300,189.39,300,189.39,189.35,189.35,6300,189.34,700,189.33,5900,189.32,5800,189.31,1200,189.3,900,189.29,800,189.27,5800,189.26,300,189.25,300,189.39,300,189.4,300,189.42,700,189.43,500,189.44,600,189.45,2800,,,,,,,,
2026-01-16 09:30:47,189.345,189.35,2,189.33,4700,189.36,1400,189.36,189.33,189.33,4700,189.32,5500,189.31,6400,189.3,900,189.29,800,189.27,5800,189.26,300,189.25,300,189.24,800,189.23,400,189.36,1400,189.39,699,189.4,300,189.42,700,189.43,500,189.44,600,189.45,2800,,,,,,
2026-01-16 09:30:48,189.36,189.36,1,189.35,700,189.37,300,189.37,189.35,189.35,700,189.33,1200,189.32,800,189.31,6400,189.3,900,189.29,800,189.27,5800,189.26,300,189.25,300,189.24,800,189.37,300,189.38,200,189.4,300,189.44,800,189.45,2800,,,,,,,,,,
2026-01-16 09:30:49,189.4,189.4,2,189.36,600,189.44,700,189.44,189.36,189.36,600,189.35,699,189.33,1200,189.32,800,189.31,6400,189.3,900,189.29,800,189.27,5800,189.26,300,189.25,300,189.44,700,189.45,2800,,,,,,,,,,,,,,,,
2026-01-16 09:30:50,189.41,189.4,1,189.39,200,189.43,200,189.43,189.39,189.39,200,189.38,1000,189.36,600,189.35,699,189.33,1200,189.32,800,189.31,6400,189.3,900,189.29,800,189.27,5800,189.43,200,189.44,200,189.45,400,189.46,200,,,,,,,,,,,,
2026-01-16 09:30:51,189.435,189.44,1,189.42,100,189.45,700,189.45,189.42,189.42,100,189.4,1100,189.39,500,189.38,1000,189.36,600,189.35,699,189.33,1200,189.32,800,189.31,6400,189.3,900,189.45,700,189.47,600,,,,,,,,,,,,,,,,
2026-01-16 09:30:52,189.435,189.45,2,189.42,500,189.45,500,189.45,189.42,189.42,500,189.4,1100,189.39,500,189.38,1000,189.36,600,189.35,699,189.33,1200,189.32,800,189.31,6400,189.3,900,189.45,500,189.46,600,189.47,800,189.48,1100,189.49,3200,,,,,,,,,,
2026-01-16 09:30:53,189.47,189.47,2,189.45,100,189.49,2300,189.49,189.45,189.45,100,189.44,200,189.43,500,189.42,800,189.4,1100,189.39,500,189.38,1000,189.36,600,189.35,699,189.33,1200,189.49,2300,,,,,,,,,,,,,,,,,,
2026-01-16 09:30:54,189.4,189.4,1,189.39,100,189.41,200,189.41,189.39,189.39,100,189.38,200,189.36,800,189.35,699,189.33,1200,189.32,800,189.31,6400,189.3,900,189.29,800,189.27,5800,189.41,200,189.42,300,189.44,1900,189.45,800,189.46,100,189.48,200,189.5,22800,,,,,,
2026-01-16 09:30:55,189.36,189.38,1,189.34,900,189.38,300,189.38,189.34,189.34,900,189.33,1200,189.32,800,189.31,6400,189.3,900,189.29,800,189.27,5800,189.26,300,189.25,300,189.24,800,189.38,300,189.39,300,189.43,100,189.44,100,189.45,900,189.46,100,189.48,200,189.5,22800,,,,
2026-01-16 09:30:56,189.425,189.42,1,189.4,700,189.45,1100,189.45,189.4,189.4,700,189.39,1300,189.38,400,189.37,800,189.35,900,189.34,900,189.33,1200,189.32,800,189.31,6400,189.3,900,189.45,1100,189.46,100,189.48,200,189.5,22800,,,,,,,,,,,,
2026-01-16 09:30:57,189.395,189.44,1,189.36,700,189.43,100,189.43,189.36,189.36,700,189.35,900,189.34,900,189.33,1200,189.32,800,189.31,6400,189.3,900,189.29,800,189.27,5800,189.26,300,189.43,100,189.44,200,189.45,1100,189.46,100,189.48,200,189.5,22800,,,,,,,,
2026-01-16 09:30:58,189.41,189.43,4,189.38,500,189.44,500,189.44,189.38,189.38,500,189.37,100,189.36,700,189.35,900,189.34,900,189.33,1200,189.32,800,189.31,6400,189.3,900,189.29,800,189.44,500,189.45,700,189.47,400,189.48,200,189.5,22800,,,,,,,,,,
2026-01-16 09:30:59,189.39,189.41,1,189.35,1500,189.43,800,189.43,189.35,189.35,1500,189.34,900,189.33,1200,189.32,800,189.31,6400,189.3,900,189.29,800,189.27,5800,189.26,300,189.25,300,189.43,800,189.44,100,189.45,800,189.47,400,189.48,200,189.5,22800,,,,,,,,
2026-01-16 09:31:00,189.41,189.41,1,189.38,4400,189.44,400,189.44,189.38,189.38,4400,189.37,900,189.36,200,189.35,100,189.34,800,189.33,1400,189.32,800,189.31,6400,189.3,900,189.29,800,189.44,400,189.45,800,189.47,400,189.48,200,189.5,22800,,,,,,,,,,
2026-01-16 09:31:01,189.51,189.49,5,189.48,800,189.54,1100,189.54,189.48,189.48,800,189.46,700,189.45,5500,189.44,200,189.43,1000,189.42,100,189.41,100,189.4,300,189.39,4700,189.38,900,189.54,1100,189.55,3300,,,,,,,,,,,,,,,,
2026-01-16 09:31:02,189.595,189.58,2,189.57,500,189.62,200,189.62,189.57,189.57,500,189.56,1000,189.55,1600,189.54,100,189.53,200,189.52,300,189.51,800,189.49,200,189.48,899,189.46,700,189.62,200,189.63,1300,,,,,,,,,,,,,,,,
2026-01-16 09:31:03,189.625,189.64,1,189.61,100,189.64,200,189.64,189.61,189.61,100,189.6,100,189.59,1100,189.58,1000,189.57,300,189.56,500,189.55,100,189.54,800,189.53,200,189.52,300,189.64,200,189.65,700,189.66,2100,189.67,1300,,,,,,,,,,,,
2026-01-16 09:31:04,189.545,189.54,1,189.52,1000,189.57,1000,189.57,189.52,189.52,1000,189.51,800,189.49,200,189.48,899,189.46,700,189.45,5500,189.44,200,189.43,1000,189.42,100,189.41,100,189.57,1000,189.58,300,189.59,100,189.6,200,189.61,200,189.62,500,189.64,300,189.65,100,189.66,1700,189.67,1300
2026-01-16 09:31:05,189.52,189.51,1,189.5,600,189.54,100,189.54,189.5,189.5,600,189.49,300,189.48,200,189.47,1100,189.46,200,189.45,200,189.44,2600,189.43,1000,189.42,100,189.41,100,189.54,100,189.57,800,189.58,300,189.59,100,189.6,200,189.61,200,189.62,500,189.64,300,189.65,100,189.66,1700
2026-01-16 09:31:06,189.56,189.56,5,189.53,700,189.59,1100,189.59,189.53,189.53,700,189.52,700,189.51,200,189.5,600,189.49,700,189.48,200,189.47,1100,189.46,200,189.45,200,189.44,2600,189.59,1100,189.6,200,189.61,200,189.62,500,189.64,300,189.65,100,189.66,1700,189.67,1300,,,,
2026-01-16 09:31:07,189.46,189.62,2,189.44,600,189.48,800,189.48,189.44,189.44,600,189.43,400,189.42,1700,189.41,100,189.4,300,189.39,4700,189.38,900,189.37,900,189.36,200,189.35,100,189.48,800,189.49,600,189.5,500,189.51,800,189.52,700,189.53,1100,189.54,900,189.55,600,189.56,200,189.57,300
2026-01-16 09:31:08,189.49,189.49,1,189.47,800,189.51,500,189.51,189.47,189.47,800,189.44,900,189.43,400,189.42,2300,189.41,100,189.4,300,189.39,4700,189.38,900,189.37,900,189.36,200,189.51,500,189.52,200,189.53,1100,189.54,900,189.55,600,189.56,200,189.57,300,189.58,300,189.59,400,189.6,200
2026-01-16 09:31:09,189.435,189.44,1,189.42,800,189.45,600,189.45,189.42,189.42,800,189.41,700,189.4,300,189.39,4700,189.38,900,189.37,900,189.36,200,189.35,100,189.34,800,189.33,1400,189.45,600,189.46,1100,189.47,400,189.48,1200,189.49,1300,189.5,600,189.51,500,189.52,100,189.53,1200,189.54,900
2026-01-16 09:31:10,189.485,189.47,1,189.47,100,189.5,1000,189.5,189.47,189.47,100,189.46,100,189.45,700,189.44,200,189.42,900,189.41,200,189.4,100,189.39,8700,189.38,900,189.37,900,189.5,1000,189.51,500,189.52,100,189.53,1200,189.54,900,189.55,600,189.56,200,189.57,300,189.58,300,189.59,400
2026-01-16 09:31:11,189.465,189.46,28,189.43,800,189.5,700,189.5,189.43,189.43,800,189.42,900,189.41,200,189.4,100,189.39,8700,189.38,900,189.37,900,189.36,200,189.35,100,189.34,800,189.5,700,189.51,100,189.52,400,189.53,1200,189.54,900,189.55,600,189.56,200,189.57,300,189.58,300,189.59,400
2026-01-16 09:31:12,189.56,189.55,1,189.55,3400,189.57,800,189.57,189.55,189.55,3400,189.54,3400,189.53,1800,189.52,1100,189.51,100,189.5,3500,189.49,3400,189.47,600,189.46,300,189.45,500,189.57,800,189.58,300,189.59,400,189.6,200,189.61,100,189.62,200,189.63,100,189.64,1100,189.65,100,189.66,1700
2026-01-16 09:31:13,189.595,189.61,1,189.57,100,189.62,100,189.62,189.57,189.57,100,189.56,4700,189.55,3400,189.54,3400,189.53,1800,189.52,1100,189.51,100,189.5,3500,189.49,3400,189.47,600,189.62,100,189.63,200,189.64,900,189.65,100,189.67,1100,,,,,,,,,,
2026-01-16 09:31:14,189.56,189.54,1,189.55,100,189.57,800,189.57,189.55,189.55,100,189.54,1100,189.52,700,189.51,500,189.5,13800,189.49,3400,189.47,600,189.46,300,189.45,500,189.44,3400,189.57,800,189.58,100,189.59,300,189.61,600,189.62,200,189.63,200,189.64,900,189.65,100,189.67,1100,,
2026-01-16 09:31:15,189.555,189.56,1,189.54,100,189.57,700,189.57,189.54,189.54,100,189.52,1700,189.51,800,189.5,13800,189.49,3400,189.47,600,189.46,300,189.45,500,189.44,3400,189.43,600,189.57,700,189.58,1100,189.59,300,189.61,600,189.62,200,189.63,200,189.64,900,189.65,100,189.67,1100,,
2026-01-16 09:31:16,189.515,189.53,1,189.5,13800,189.53,100,189.53,189.5,189.5,13800,189.49,3400,189.47,600,189.46,300,189.45,500,189.44,3400,189.43,600,189.42,1700,189.41,200,189.4,100,189.53,100,189.54,100,189.55,1200,189.56,200,189.57,200,189.58,1200,189.59,300,189.61,600,189.62,200,189.63,200
2026-01-16 09:31:17,189.49,189.47,3,189.47,600,189.51,700,189.51,189.47,189.47,600,189.46,1500,189.45,2000,189.44,3400,189.43,600,189.42,1700,189.41,200,189.4,100,189.39,8700,189.38,900,189.51,700,189.52,200,189.53,199,189.54,100,189.55,1200,189.56,200,189.57,200,189.58,1200,189.59,300,189.61,600
2026-01-16 09:31:18,189.475,189.48,2,189.45,2000,189.5,100,189.5,189.45,189.45,2000,189.44,3400,189.43,600,189.42,1700,189.41,200,189.4,100,189.39,8700,189.38,900,189.37,900,189.36,200,189.5,100,189.51,200,189.53,700,189.54,100,189.55,1200,189.56,200,189.57,200,189.58,1200,189.59,300,189.61,600
2026-01-16 09:31:19,189.435,189.43,5,189.42,800,189.45,1600,189.45,189.42,189.42,800,189.41,600,189.4,500,189.39,8700,189.38,900,189.37,900,189.36,200,189.35,100,189.34,800,189.33,1400,189.45,1600,189.46,1600,189.48,1500,189.49,700,189.5,300,189.51,200,189.53,700,189.54,100,189.55,1200,189.56,200
2026-01-16 09:31:20,189.365,189.37,4,189.35,700,189.38,200,189.38,189.35,189.35,700,189.34,800,189.33,1400,189.32,800,189.31,6400,189.3,900,189.29,800,189.27,5800,189.26,300,189.25,300,189.38,200,189.39,1300,189.4,500,189.41,1900,189.43,600,189.44,100,189.45,1700,189.46,1600,189.48,1500,189.49,700
2026-01-16 09:31:21,189.425,189.45,1,189.41,600,189.44,400,189.44,189.41,189.41,600,189.4,100,189.39,800,189.38,500,189.37,2100,189.36,800,189.35,300,189.34,100,189.33,1200,189.32,1800,189.44,400,189.45,1000,189.46,200,189.47,700,189.48,1500,189.49,700,189.5,300,189.51,200,189.53,700,189.54,100
2026-01-16 09:31:22,189.415,189.4,1,189.39,700,189.44,900,189.44,189.39,189.39,700,189.38,100,189.37,100,189.36,100,189.35,200,189.34,500,189.33,1200,189.32,1800,189.31,6400,189.3,900,189.44,900,189.45,1000,189.46,200,189.47,700,189.48,1500,189.49,700,189.5,300,189.51,200,189.53,700,189.54,100
2026-01-16 09:31:23,189.39,189.4,1,189.37,700,189.41,100,189.41,189.37,189.37,700,189.36,700,189.35,200,189.34,500,189.33,1200,189.32,1800,189.31,6400,189.3,900,189.29,800,189.27,5800,189.41,100,189.42,200,189.43,100,189.44,200,189.45,100,189.46,600,189.47,700,189.48,1500,189.49,700,189.5,300
2026-01-16 09:31:24,189.35,189.37,1,189.33,1500,189.37,100,189.37,189.33,189.33,1500,189.32,1800,189.31,6400,189.3,900,189.29,800,189.27,5800,189.26,300,189.25,300,189.24,800,189.23,400,189.37,100,189.38,1600,189.39,1200,189.4,200,189.41,800,189.43,1100,189.45,1000,189.46,700,189.47,700,189.48,1500
2026-01-16 09:31:25,189.075,189.14,3,189.06,500,189.09,200,189.09,189.06,189.06,500,189.05,600,189.03,600,189.01,400,188.99,500,188.98,200,188.97,200,188.96,100,188.95,800,188.93,900,189.09,200,189.1,300,189.11,400,189.12,200,189.13,200,189.14,600,189.15,200,189.16,300,189.17,300,189.18,400
2026-01-16 09:31:26,189.21,189.21,2,189.19,1100,189.23,100,189.23,189.19,189.19,1100,189.17,800,189.16,1300,189.15,700,189.14,200,189.13,1000,189.12,200,189.1,1000,189.09,700,189.08,1000,189.23,100,189.24,200,189.25,900,189.26,200,189.27,200,189.28,300,189.29,500,189.3,700,189.31,800,189.32,200
2026-01-16 09:31:27,189.315,189.3,1,189.3,600,189.33,300,189.33,189.3,189.3,600,189.29,300,189.28,200,189.26,600,189.25,300,189.24,100,189.23,700,189.22,500,189.21,600,189.19,1300,189.33,300,189.34,300,189.35,300,189.36,300,189.37,400,189.38,1200,189.39,1200,189.4,200,189.41,800,189.43,1100
2026-01-16 09:31:28,189.25,189.25,1,189.23,900,189.27,200,189.27,189.23,189.23,900,189.22,500,189.21,600,189.19,1300,189.17,800,189.16,1300,189.15,700,189.14,200,189.13,1000,189.12,200,189.27,200,189.28,200,189.29,400,189.3,800,189.31,300,189.32,700,189.33,300,189.34,300,189.35,300,189.36,300
2026-01-16 09:31:29,189.315,189.31,1,189.29,800,189.34,300,189.34,189.29,189.29,800,189.28,700,189.27,200,189.25,500,189.24,400,189.23,900,189.22,500,189.21,600,189.19,1300,189.17,800,189.34,300,189.35,600,189.36,300,189.37,400,189.38,1200,189.39,1200,189.4,200,189.41,800,189.43,1100,189.45,1000
2026-01-16 09:31:30,189.255,189.28,2,189.23,700,189.28,100,189.28,189.23,189.23,700,189.22,500,189.21,600,189.19,1300,189.17,800,189.16,1300,189.15,700,189.14,200,189.13,1000,189.12,200,189.28,100,189.29,100,189.3,1700,189.31,400,189.34,800,189.35,600,189.36,300,189.37,400,189.38,1200,189.39,1200
2026-01-16 09:31:31,189.3,189.31,1,189.28,700,189.32,200,189.32,189.28,189.28,700,189.27,600,189.26,300,189.25,500,189.24,800,189.23,699,189.22,500,189.21,600,189.19,1300,189.17,800,189.32,200,189.33,900,189.34,500,189.35,1300,189.36,300,189.37,400,189.38,1200,189.39,1200,189.4,200,189.41,800
2026-01-16 09:31:32,189.385,189.38,1,189.37,500,189.4,500,189.4,189.37,189.37,500,189.36,700,189.35,300,189.34,600,189.33,500,189.32,200,189.31,400,189.3,900,189.29,600,189.28,1100,189.4,500,189.41,3600,189.43,1100,189.45,1000,189.46,700,189.47,700,189.48,1500,189.49,700,189.5,300,189.51,200
2026-01-16 09:31:33,189.38,189.38,7,189.36,800,189.4,800,189.4,189.36,189.36,800,189.35,100,189.34,200,189.33,600,189.32,200,189.31,500,189.3,1400,189.29,600,189.28,1100,189.27,600,189.4,800,189.41,900,189.43,1100,189.45,1000,189.46,700,189.47,700,189.48,1500,189.49,700,189.5,300,189.51,200
2026-01-16 09:31:34,189.32,189.32,1,189.3,800,189.34,600,189.34,189.3,189.3,800,189.29,300,189.28,1100,189.27,600,189.26,300,189.25,500,189.24,800,189.23,699,189.22,500,189.21,600,189.34,600,189.35,200,189.36,200,189.37,600,189.38,200,189.39,700,189.4,800,189.41,900,189.43,1100,189.45,1000
2026-01-16 09:31:35,189.375,189.39,2,189.36,600,189.39,100,189.39,189.36,189.36,600,189.35,400,189.34,100,189.33,200,189.32,1700,189.31,500,189.3,200,189.29,700,189.28,1100,189.27,600,189.39,100,189.4,300,189.41,800,189.42,400,189.43,100,189.44,700,189.45,1000,189.46,700,189.47,700,189.48,1500
2026-01-16 09:31:36,189.195,189.2,5,189.17,700,189.22,600,189.22,189.17,189.17,700,189.16,700,189.14,100,189.12,100,189.11,300,189.1,1000,189.09,700,189.08,1000,189.07,800,189.06,499,189.22,600,189.24,1200,189.25,600,189.26,600,189.27,400,189.29,600,189.31,100,189.32,400,189.33,100,189.34,100
2026-01-16 09:31:37,189.14,189.14,2,189.12,700,189.16,200,189.16,189.12,189.12,700,189.11,300,189.1,1000,189.09,700,189.08,1000,189.07,800,189.06,499,189.05,600,189.03,600,189.01,400,189.16,200,189.17,100,189.18,200,189.19,2300,189.2,300,189.21,600,189.22,999,189.24,1200,189.25,600,189.26,600
2026-01-16 09:31:38,189.15,189.16,2,189.13,1100,189.17,600,189.17,189.13,189.13,1100,189.12,1100,189.11,300,189.1,1000,189.09,700,189.08,1000,189.07,800,189.06,499,189.05,600,189.03,600,189.17,600,189.18,200,189.19,500,189.2,600,189.21,300,189.23,600,189.24,1200,189.25,600,189.26,600,189.27,400
2026-01-16 09:31:39,189.08,189.07,1,189.07,100,189.09,200,189.09,189.07,189.07,100,189.06,600,189.05,300,189.04,600,189.03,800,189.01,400,188.99,500,188.98,200,188.97,200,188.96,100,189.09,200,189.1,100,189.11,900,189.12,700,189.13,300,189.14,200,189.15,300,189.16,400,189.17,800,189.18,200
2026-01-16 09:31:40,189.03,189.02,28,189.02,7700,189.04,600,189.04,189.02,189.02,7700,189.01,400,188.99,500,188.98,200,188.97,200,188.96,100,188.95,800,188.93,900,188.91,100,188.9,400,189.04,600,189.05,300,189.06,400,189.07,300,189.08,900,189.09,100,189.1,300,189.11,300,189.12,200,189.13,700
2026-01-16 09:31:41,189.03,189.03,1,189.02,1200,189.04,900,189.04,189.02,189.02,1200,189.01,1600,188.99,500,188.98,200,188.97,200,188.96,100,188.95,800,188.93,900,188.91,100,188.9,400,189.04,900,189.05,800,189.06,400,189.07,300,189.08,900,189.09,100,189.1,300,189.11,300,189.12,200,189.13,700
2026-01-16 09:31:42,188.98,189.0,1,188.96,1000,189.0,300,189.0,188.96,188.96,1000,188.95,800,188.93,900,188.91,100,188.9,400,188.89,300,188.86,100,188.84,1300,188.83,200,188.82,600,189.0,300,189.01,400,189.02,900,189.03,400,189.04,400,189.05,300,189.07,700,189.08,900,189.09,100,189.1,300
2026-01-16 09:31:43,188.945,188.93,1,188.93,2900,188.96,600,188.96,188.93,188.93,2900,188.91,100,188.9,400,188.89,300,188.86,100,188.84,1300,188.83,200,188.82,600,188.81,400,188.8,100,188.96,600,188.97,300,188.99,200,189.0,100,189.01,100,189.02,1000,189.03,800,189.04,400,189.05,300,189.07,700
2026-01-16 09:31:44,188.945,188.93,5,188.92,200,188.97,900,188.97,188.92,188.92,200,188.91,800,188.9,400,188.89,300,188.86,100,188.84,1300,188.83,200,188.82,600,188.81,400,188.8,100,188.97,900,188.98,100,188.99,1000,189.0,1200,189.01,100,189.02,1000,189.03,800,189.04,400,189.05,300,189.07,700
2026-01-16 09:31:45,188.96,188.96,1,188.94,600,188.98,1100,188.98,188.94,188.94,600,188.93,900,188.92,500,188.91,800,188.9,400,188.89,300,188.86,100,188.84,1300,188.83,200,188.82,600,188.98,1100,188.99,1000,189.0,1200,189.01,100,189.02,1000,189.03,800,189.04,400,189.05,300,189.07,700,189.08,900
2026-01-16 09:31:46,188.935,188.92,1,188.92,100,188.95,100,188.95,188.92,188.92,100,188.91,700,188.9,500,188.89,1000,188.88,600,188.86,100,188.84,1300,188.83,200,188.82,600,188.81,400,188.95,100,188.96,600,188.97,700,189.0,1500,189.01,100,189.02,1000,189.03,800,189.04,400,189.05,300,189.07,700
2026-01-16 09:31:47,188.995,189.0,1,188.98,700,189.01,1100,189.01,188.98,188.98,700,188.97,100,188.96,500,188.95,100,188.93,100,188.91,100,188.9,1000,188.89,1000,188.88,600,188.86,100,189.01,1100,189.02,600,189.03,900,189.04,100,189.05,700,189.07,700,189.08,900,189.09,100,189.1,300,189.11,300
2026-01-16 09:31:48,189.005,189.0,5,188.98,800,189.03,2100,189.03,188.98,188.98,800,188.97,1500,188.96,800,188.95,800,188.93,100,188.91,100,188.9,1000,188.89,1000,188.88,600,188.86,100,189.03,2100,189.04,100,189.05,700,189.07,700,189.08,900,189.09,100,189.1,300,189.11,300,189.12,200,189.13,700
2026-01-16 09:31:49,189.035,189.05,12,189.02,100,189.05,700,189.05,189.02,189.02,100,189.01,100,189.0,600,188.99,600,188.98,1000,188.97,1500,188.96,800,188.95,800,188.93,100,188.91,100,189.05,700,189.07,700,189.08,900,189.09,100,189.1,300,189.11,300,189.12,200,189.13,700,189.14,200,189.15,300
2026-01-16 09:31:50,188.92,188.92,1,188.9,2200,188.94,200,188.94,188.9,188.9,2200,188.89,1000,188.88,600,188.86,100,188.84,1300,188.83,200,188.82,600,188.81,400,188.8,100,188.78,1800,188.94,200,188.95,600,188.96,300,188.97,100,188.98,200,188.99,100,189.0,200,189.02,600,189.03,1100,189.04,200
2026-01-16 09:31:51,188.955,188.96,3,188.94,200,188.97,800,188.97,188.94,188.94,200,188.93,1000,188.92,200,188.91,900,188.9,1999,188.89,1000,188.88,600,188.86,100,188.84,1300,188.83,200,188.97,800,188.98,200,188.99,100,189.0,200,189.02,600,189.03,1100,189.04,200,189.05,100,189.06,600,189.07,700
2026-01-16 09:31:52,188.945,188.94,1,188.92,500,188.97,400,188.97,188.92,188.92,500,188.91,500,188.9,2100,188.89,1000,188.88,600,188.86,100,188.84,1300,188.83,200,188.82,600,188.81,400,188.97,400,188.98,700,188.99,800,189.0,200,189.02,600,189.03,1100,189.04,200,189.05,100,189.06,600,189.07,700
2026-01-16 09:31:53,188.92,188.92,1,188.9,200,188.94,800,188.94,188.9,188.9,200,188.89,200,188.88,1500,188.86,100,188.84,1300,188.83,200,188.82,600,188.81,400,188.8,100,188.78,1800,188.94,800,188.95,900,188.96,600,188.97,400,188.98,700,188.99,800,189.0,200,189.02,600,189.03,1100,189.04,200
2026-01-16 09:31:54,188.92,188.9,13,188.9,200,188.94,1000,188.94,188.9,188.9,200,188.89,200,188.88,800,188.87,400,188.86,100,188.84,1300,188.83,200,188.82,600,188.81,400,188.8,100,188.94,1000,188.95,900,188.96,600,188.97,400,188.98,700,188.99,800,189.0,200,189.02,600,189.03,1100,189.04,200
2026-01-16 09:31:55,188.975,188.98,1,188.96,500,188.99,600,188.99,188.96,188.96,500,188.95,300,188.94,500,188.93,300,188.92,900,188.91,1500,188.9,900,188.89,200,188.88,800,188.87,400,188.99,600,189.0,200,189.02,600,189.03,1100,189.04,200,189.05,100,189.06,600,189.07,700,189.08,900,189.09,100
2026-01-16 09:31:56,188.96,188.95,1,188.95,900,188.97,1500,188.97,188.95,188.95,900,188.94,500,188.93,300,188.92,900,188.91,1500,188.9,900,188.89,200,188.88,800,188.87,400,188.86,100,188.97,1500,188.99,600,189.0,200,189.02,600,189.03,1100,189.04,200,189.05,100,189.06,600,189.07,700,189.08,900
2026-01-16 09:31:57,188.895,188.9,5,188.88,1900,188.91,300,188.91,188.88,188.88,1900,188.87,400,188.86,100,188.84,1300,188.83,200,188.82,600,188.81,400,188.8,100,188.78,1800,188.77,500,188.91,300,188.92,100,188.93,200,188.94,200,188.95,600,188.96,200,188.97,200,188.98,600,188.99,600,189.0,200
2026-01-16 09:31:58,189.005,189.01,1,188.99,800,189.02,100,189.02,188.99,188.99,800,188.98,300,188.97,400,188.95,600,188.94,600,188.93,400,188.92,1200,188.9,1000,188.89,200,188.88,1899,189.02,100,189.03,200,189.04,900,189.05,400,189.06,700,189.07,700,189.08,900,189.09,100,189.1,300,189.11,300
2026-01-16 09:31:59,188.965,188.99,10,188.94,5600,188.99,200,188.99,188.94,188.94,5600,188.93,400,188.92,1200,188.9,1000,188.89,200,188.88,1899,188.87,400,188.86,100,188.84,1300,188.83,200,188.99,200,189.0,600,189.01,200,189.02,900,189.03,200,189.04,900,189.05,400,189.06,700,189.07,700,189.08,900
2026-01-16 09:32:00,189.05,189.01,2,189.03,400,189.07,800,189.07,189.03,189.03,400,189.02,900,189.01,400,189.0,700,188.99,600,188.98,300,188.97,100,188.95,800,188.94,5600,188.93,400,189.07,800,189.08,900,189.09,100,189.1,300,189.11,300,189.12,200,189.13,700,189.14,200,189.15,300,189.16,400
2026-01-16 09:32:01,189.14,189.15,1,189.12,200,189.16,800,189.16,189.12,189.12,200,189.11,900,189.1,200,189.09,300,189.08,200,189.07,500,189.06,300,189.05,500,189.04,1300,189.03,200,189.16,800,189.17,1000,189.18,900,189.19,500,189.2,600,189.21,300,189.23,600,189.24,1200,189.25,600,189.26,600
2026-01-16 09:32:02,189.055,189.04,1,189.04,1200,189.07,900,189.07,189.04,189.04,1200,189.03,200,189.02,700,189.01,400,189.0,700,188.99,600,188.98,300,188.97,100,188.95,800,188.94,5600,189.07,900,189.08,100,189.1,800,189.12,300,189.13,100,189.14,300,189.15,500,189.16,700,189.17,1000,189.18,900
2026-01-16 09:32:03,188.99,188.99,5,188.98,200,189.0,700,189.0,188.98,188.98,200,188.97,100,188.96,500,188.95,800,188.94,5600,188.93,400,188.92,1200,188.9,1000,188.89,200,188.88,1899,189.0,700,189.01,700,189.02,200,189.03,100,189.04,500,189.05,1400,189.06,100,189.07,1300,189.08,200,189.09,100
2026-01-16 09:32:04,188.93,188.92,2,188.91,1400,188.95,800,188.95,188.91,188.91,1400,188.9,400,188.89,900,188.88,1899,188.87,400,188.86,100,188.84,1300,188.83,200,188.82,600,188.81,400,188.95,800,188.96,1000,188.97,100,188.98,200,188.99,300,189.0,500,189.01,600,189.02,200,189.03,100,189.04,500
2026-01-16 09:32:05,188.915,188.91,1,188.89,2100,188.94,800,188.94,188.89,188.89,2100,188.88,1899,188.87,400,188.86,100,188.84,1300,188.83,200,188.82,600,188.81,400,188.8,100,188.78,1800,188.94,800,188.95,200,188.96,1800,188.97,100,188.98,200,188.99,300,189.0,500,189.01,600,189.02,200,189.03,100
2026-01-16 09:32:06,189.005,188.93,1,188.99,1600,189.02,100,189.02,188.99,188.99,1600,188.98,500,188.97,700,188.96,800,188.95,500,188.94,1200,188.93,1000,188.92,500,188.91,700,188.9,2000,189.02,100,189.03,100,189.04,1300,189.05,100,189.06,500,189.07,1300,189.08,200,189.09,100,189.1,300,189.11,1000
2026-01-16 09:32:07,188.945,188.95,1,188.93,700,188.96,800,188.96,188.93,188.93,700,188.92,400,188.91,700,188.9,2000,188.89,1799,188.88,1899,188.87,400,188.86,100,188.84,1300,188.83,200,188.96,800,188.97,500,188.98,900,188.99,200,189.0,400,189.01,700,189.02,1100,189.03,100,189.04,1300,189.05,100
2026-01-16 09:32:08,188.96,188.94,1,188.94,1200,188.98,1100,188.98,188.94,188.94,1200,188.93,300,188.92,400,188.91,800,188.9,2000,188.89,1799,188.88,1899,188.87,400,188.86,100,188.84,1300,188.98,1100,188.99,400,189.0,200,189.01,500,189.02,1000,189.03,700,189.04,1300,189.05,100,189.06,500,189.07,1300
2026-01-16 09:32:09,188.98,188.98,30,188.96,1500,189.0,200,189.0,188.96,188.96,1500,188.95,1400,188.94,1100,188.93,300,188.92,400,188.91,800,188.9,2000,188.89,1799,188.88,1899,188.87,400,189.0,200,189.01,1000,189.02,1000,189.03,700,189.04,1300,189.05,100,189.06,500,189.07,1300,189.08,200,189.09,100
2026-01-16 09:32:10,189.03,189.01,1,189.01,1100,189.05,1300,189.05,189.01,189.01,1100,189.0,600,188.99,1100,188.98,400,188.96,1900,188.95,1400,188.94,1100,188.93,300,188.92,400,188.91,800,189.05,1300,189.06,400,189.07,300,189.08,700,189.09,100,189.1,300,189.11,1000,189.12,1600,189.14,1100,189.15,500
2026-01-16 09:32:11,189.085,189.05,3,189.06,600,189.11,1100,189.11,189.06,189.06,600,189.05,300,189.04,200,189.03,300,189.02,900,189.01,1099,189.0,600,188.99,1100,188.98,400,188.96,1900,189.11,1100,189.12,2600,189.14,1100,189.15,500,189.16,700,189.17,1000,189.18,900,189.19,500,189.2,600,189.21,300
2026-01-16 09:32:12,189.12,189.12,5,189.1,800,189.14,800,189.14,189.1,189.1,800,189.09,200,189.08,300,189.07,700,189.06,600,189.05,300,189.04,200,189.03,300,189.02,900,189.01,1099,189.14,800,189.15,1500,189.16,700,189.17,1000,189.18,900,189.19,500,189.2,600,189.21,300,189.23,600,189.24,1200
2026-01-16 09:32:13,189.185,189.18,1,189.18,1000,189.19,200,189.19,189.18,189.18,1000,189.17,200,189.16,6800,189.15,100,189.14,1000,189.13,1100,189.12,700,189.11,600,189.1,1100,189.09,200,189.19,200,189.2,500,189.21,600,189.23,600,189.24,1200,189.25,600,189.26,600,189.27,400,189.29,600,189.31,100
2026-01-16 09:32:14,189.17,189.16,3,189.16,100,189.18,600,189.18,189.16,189.16,100,189.15,1100,189.14,800,189.13,900,189.12,700,189.11,600,189.1,1100,189.09,200,189.08,300,189.07,700,189.18,600,189.19,300,189.2,1200,189.21,600,189.23,600,189.24,1200,189.25,600,189.26,600,189.27,400,189.29,600
2026-01-16 09:32:15,189.17,189.17,1,189.16,1400,189.18,100,189.18,189.16,189.16,1400,189.15,1100,189.14,800,189.13,900,189.12,700,189.11,600,189.1,1100,189.09,200,189.08,300,189.07,700,189.18,100,189.19,1000,189.2,100,189.21,900,189.23,600,189.24,1200,189.25,600,189.26,600,189.27,400,189.29,600
2026-01-16 09:32:16,189.135,189.13,1,189.12,1100,189.15,500,189.15,189.12,189.12,1100,189.11,600,189.1,1100,189.09,200,189.08,300,189.07,700,189.06,600,189.05,300,189.04,200,189.03,300,189.15,500,189.16,500,189.18,1399,189.19,1000,189.2,100,189.21,900,189.23,600,189.24,1200,189.25,600,189.26,600
2026-01-16 09:32:17,189.065,189.07,1,189.05,1000,189.08,300,189.08,189.05,189.05,1000,189.04,200,189.03,300,189.02,900,189.01,1099,189.0,600,188.99,1100,188.98,400,188.96,1900,188.95,1400,189.08,300,189.09,200,189.1,100,189.11,700,189.12,400,189.13,200,189.14,600,189.15,500,189.16,500,189.18,1399
2026-01-16 09:32:18,189.065,189.06,1,189.05,1000,189.08,699,189.08,189.05,189.05,1000,189.04,800,189.03,400,189.02,1100,189.01,1099,189.0,600,188.99,1100,188.98,400,188.96,1900,188.95,1400,189.08,699,189.09,200,189.1,100,189.11,700,189.12,400,189.13,200,189.14,600,189.15,500,189.16,500,189.18,1399
2026-01-16 09:32:19,189.055,189.07,3,189.04,400,189.07,400,189.07,189.04,189.04,400,189.03,800,189.02,1100,189.01,1099,189.0,600,188.99,1100,188.98,400,188.96,1900,188.95,1400,188.94,1100,189.07,400,189.08,300,189.09,100,189.11,900,189.12,700,189.13,400,189.14,1000,189.15,500,189.16,500,189.18,1399
2026-01-16 09:32:20,189.145,189.16,16,189.13,800,189.16,100,189.16,189.13,189.13,800,189.12,600,189.11,700,189.1,800,189.09,200,189.08,900,189.07,200,189.06,1100,189.05,200,189.04,300,189.16,100,189.17,700,189.18,1399,189.19,1000,189.2,100,189.21,900,189.23,600,189.24,1200,189.25,600,189.26,600
2026-01-16 09:32:21,189.235,189.24,2,189.22,600,189.25,600,189.25,189.22,189.22,600,189.21,300,189.2,200,189.19,300,189.18,100,189.17,200,189.16,200,189.15,200,189.14,200,189.13,700,189.25,600,189.26,600,189.27,400,189.29,600,189.31,100,189.32,400,189.33,100,189.34,100,189.35,100,189.36,300
2026-01-16 09:32:22,189.27,189.26,2,189.26,200,189.28,800,189.28,189.26,189.26,200,189.25,400,189.24,500,189.23,500,189.22,300,189.21,200,189.2,600,189.19,800,189.18,100,189.17,200,189.28,800,189.29,600,189.31,100,189.32,400,189.33,100,189.34,100,189.35,100,189.36,300,189.37,100,189.38,600
2026-01-16 09:32:24,189.275,189.28,1,189.26,1200,189.29,1200,189.29,189.26,189.26,1200,189.25,400,189.24,500,189.23,500,189.22,300,189.21,200,189.2,600,189.19,800,189.18,100,189.17,200,189.29,1200,189.3,3200,189.31,100,189.32,400,189.33,100,189.34,100,189.35,100,189.36,300,189.37,100,189.38,600
2026-01-16 09:32:25,189.205,189.19,10,189.19,700,189.22,1200,189.22,189.19,189.19,700,189.18,100,189.17,200,189.16,200,189.15,200,189.14,200,189.13,700,189.11,100,189.1,700,189.09,200,189.22,1200,189.23,100,189.24,800,189.25,700,189.26,600,189.27,100,189.29,1100,189.3,3200,189.31,100,189.32,400
2026-01-16 09:32:26,189.215,189.2,1,189.2,900,189.23,900,189.23,189.2,189.2,900,189.19,300,189.18,900,189.17,200,189.16,200,189.15,200,189.14,200,189.13,700,189.11,100,189.1,700,189.23,900,189.24,300,189.25,700,189.26,400,189.27,600,189.28,600,189.29,1200,189.3,3200,189.31,100,189.32,400
2026-01-16 09:32:26,189.155,189.2,5,189.14,5300,189.17,1000,189.17,189.14,189.14,5300,189.13,700,189.11,100,189.1,700,189.09,200,189.08,900,189.07,200,189.06,1100,189.05,200,189.04,300,189.17,1000,189.18,200,189.19,700,189.2,600,189.21,100,189.22,300,189.23,900,189.24,300,189.25,700,189.26,400
2026-01-16 09:32:28,189.175,189.18,5,189.16,6200,189.19,200,189.19,189.16,189.16,6200,189.14,5299,189.13,700,189.11,100,189.1,700,189.09,200,189.08,900,189.07,200,189.06,1100,189.05,200,189.19,200,189.2,200,189.21,300,189.22,300,189.23,900,189.24,300,189.25,700,189.26,400,189.27,600,189.28,600
2026-01-16 09:32:29,189.33,189.34,1,189.31,1300,189.35,400,189.35,189.31,189.31,1300,189.3,300,189.29,700,189.28,900,189.27,600,189.26,600,189.25,1000,189.24,400,189.23,6000,189.22,700,189.35,400,189.36,1200,189.37,1100,189.38,600,189.39,400,189.4,300,189.41,800,189.42,400,189.43,100,189.44,700
2026-01-16 09:32:30,189.35,189.36,1,189.34,700,189.36,1000,189.36,189.34,189.34,700,189.33,1300,189.32,300,189.31,1299,189.3,300,189.29,700,189.28,900,189.27,600,189.26,600,189.25,1000,189.36,1000,189.37,200,189.38,500,189.39,700,189.4,4100,189.41,800,189.42,400,189.43,100,189.44,700,189.45,1000
2026-01-16 09:32:31,189.365,189.37,2,189.35,1000,189.38,400,189.38,189.35,189.35,1000,189.34,1200,189.33,300,189.32,300,189.31,700,189.3,900,189.29,800,189.28,900,189.27,600,189.26,600,189.38,400,189.39,300,189.4,4100,189.41,800,189.42,400,189.43,100,189.44,700,189.45,1000,189.46,700,189.47,700
2026-01-16 09:32:31,189.345,189.34,1,189.33,900,189.36,900,189.36,189.33,189.33,900,189.32,100,189.31,1100,189.3,900,189.29,800,189.28,900,189.27,600,189.26,600,189.25,1000,189.24,400,189.36,900,189.39,800,189.4,4100,189.41,800,189.42,400,189.43,100,189.44,700,189.45,1000,189.46,700,189.47,700
2026-01-16 09:32:33,189.39,189.39,1,189.38,300,189.4,800,189.4,189.38,189.38,300,189.37,100,189.36,1100,189.35,1000,189.34,200,189.33,900,189.32,100,189.31,1100,189.3,900,189.29,800,189.4,800,189.41,100,189.42,1900,189.43,400,189.44,700,189.45,2700,189.46,700,189.47,700,189.48,1500,189.49,700
2026-01-16 09:32:33,189.4,189.4,1,189.38,1400,189.42,500,189.42,189.38,189.38,1400,189.37,100,189.36,1100,189.35,1000,189.34,200,189.33,900,189.32,100,189.31,1100,189.3,900,189.29,800,189.42,500,189.43,100,189.44,300,189.45,2600,189.46,700,189.47,700,189.48,1500,189.49,700,189.5,300,189.51,200
2026-01-16 09:32:35,189.42,189.42,5,189.41,1100,189.43,1100,189.43,189.41,189.41,1100,189.4,800,189.39,300,189.38,1600,189.37,100,189.36,1100,189.35,1000,189.34,200,189.33,900,189.32,100,189.43,1100,189.44,500,189.45,2500,189.46,700,189.47,700,189.48,1500,189.49,700,189.5,300,189.51,200,189.53,700
2026-01-16 09:32:36,189.33,189.33,1,189.31,1000,189.35,700,189.35,189.31,189.31,1000,189.3,900,189.29,1000,189.28,900,189.27,600,189.26,600,189.25,1000,189.24,400,189.23,6000,189.22,700,189.35,700,189.36,800,189.37,300,189.38,300,189.39,400,189.41,900,189.42,800,189.43,1100,189.44,500,189.45,2500
2026-01-16 09:32:36,189.34,189.33,1,189.33,1300,189.35,100,189.35,189.33,189.33,1300,189.32,100,189.31,2000,189.3,900,189.29,1000,189.28,900,189.27,600,189.26,600,189.25,1000,189.24,400,189.35,100,189.36,600,189.37,500,189.38,900,189.39,400,189.41,900,189.42,800,189.43,1100,189.44,500,189.45,2500
2026-01-16 09:32:37,189.36,189.36,1,189.34,600,189.38,1200,189.38,189.34,189.34,600,189.33,200,189.32,900,189.31,300,189.3,500,189.29,1700,189.28,900,189.27,600,189.26,600,189.25,1000,189.38,1200,189.39,400,189.41,900,189.42,800,189.43,1100,189.44,500,189.45,2500,189.46,700,189.47,700,189.48,1500
2026-01-16 09:32:39,189.445,189.45,1,189.43,1000,189.46,600,189.46,189.43,189.43,1000,189.42,800,189.41,800,189.4,500,189.39,1100,189.38,700,189.37,1100,189.36,200,189.35,300,189.34,900,189.46,600,189.48,1600,189.49,700,189.5,300,189.51,200,189.53,700,189.54,100,189.55,1200,189.56,200,189.57,200
2026-01-16 09:32:40,189.44,189.45,1,189.43,1100,189.45,500,189.45,189.43,189.43,1100,189.42,800,189.41,800,189.4,500,189.39,1100,189.38,700,189.37,1100,189.36,200,189.35,300,189.34,900,189.45,500,189.46,400,189.47,1000,189.48,1500,189.49,700,189.5,300,189.51,200,189.53,700,189.54,100,189.55,1200
2026-01-16 09:32:41,189.42,189.42,1,189.41,1000,189.43,600,189.43,189.41,189.41,1000,189.4,100,189.39,700,189.38,700,189.37,1100,189.36,200,189.35,300,189.34,900,189.33,200,189.32,900,189.43,600,189.44,600,189.45,600,189.46,600,189.47,200,189.48,1600,189.49,700,189.5,300,189.51,200,189.53,700
2026-01-16 09:32:42,189.445,189.43,1,189.43,200,189.46,700,189.46,189.43,189.43,200,189.42,900,189.41,300,189.4,1600,189.39,1700,189.38,900,189.37,1100,189.36,200,189.35,300,189.34,900,189.46,700,189.47,200,189.48,1600,189.49,700,189.5,300,189.51,200,189.53,700,189.54,100,189.55,1200,189.56,200
2026-01-16 09:32:43,189.38,189.39,1,189.37,600,189.39,100,189.39,189.37,189.37,600,189.36,200,189.35,300,189.34,900,189.33,200,189.32,900,189.31,300,189.3,500,189.29,1700,189.28,900,189.39,100,189.4,500,189.41,200,189.42,300,189.43,700,189.44,100,189.45,700,189.46,600,189.47,200,189.48,1600
2026-01-16 09:32:44,189.32,189.33,1,189.3,300,189.34,1000,189.34,189.3,189.3,300,189.29,1000,189.28,1000,189.27,1000,189.25,1600,189.24,400,189.23,6000,189.22,700,189.21,500,189.2,5800,189.34,1000,189.35,800,189.36,600,189.37,200,189.38,400,189.39,200,189.4,500,189.41,200,189.42,300,189.43,700
2026-01-16 09:32:45,189.315,189.31,2,189.31,500,189.32,600,189.32,189.31,189.31,500,189.3,1200,189.29,700,189.28,1400,189.27,1000,189.25,1600,189.24,400,189.23,6000,189.22,700,189.21,500,189.32,600,189.33,700,189.34,1000,189.35,800,189.36,600,189.37,200,189.38,400,189.39,200,189.4,500,189.41,200
2026-01-16 09:32:46,189.275,189.27,1,189.27,600,189.28,100,189.28,189.27,189.27,600,189.26,100,189.25,400,189.24,1600,189.23,6000,189.22,700,189.21,500,189.2,5800,189.19,5200,189.18,1000,189.28,100,189.29,1000,189.3,200,189.31,400,189.32,1400,189.33,700,189.34,1000,189.35,800,189.36,600,189.37,200
2026-01-16 09:32:47,189.265,189.27,3,189.25,1500,189.28,600,189.28,189.25,189.25,1500,189.24,600,189.23,6200,189.22,700,189.21,500,189.2,5800,189.19,5200,189.18,1000,189.17,200,189.16,1500,189.28,600,189.29,1300,189.3,200,189.31,400,189.32,1400,189.33,700,189.34,1000,189.35,800,189.36,600,189.37,200
2026-01-16 09:32:48,189.245,189.24,1,189.23,2300,189.26,600,189.26,189.23,189.23,2300,189.22,700,189.21,500,189.2,5800,189.19,5200,189.18,1000,189.17,200,189.16,1500,189.14,5299,189.13,700,189.26,600,189.27,1100,189.28,100,189.29,300,189.3,1500,189.31,300,189.32,1600,189.33,700,189.34,1000,189.35,800
2026-01-16 09:32:48,189.22,189.21,1,189.2,1300,189.24,1200,189.24,189.2,189.2,1300,189.19,1100,189.18,1500,189.17,200,189.16,1500,189.14,5299,189.13,700,189.11,100,189.1,700,189.09,200,189.24,1200,189.25,400,189.26,700,189.27,1100,189.28,100,189.29,300,189.3,1500,189.31,300,189.32,1600,189.33,700
2026-01-16 09:32:50,189.245,189.24,1,189.23,200,189.26,800,189.26,189.23,189.23,200,189.22,700,189.21,700,189.2,1400,189.19,1100,189.18,1500,189.17,200,189.16,1500,189.14,5299,189.13,700,189.26,800,189.27,600,189.28,900,189.29,300,189.3,1500,189.31,300,189.32,1600,189.33,700,189.34,1000,189.35,800
2026-01-16 09:32:51,189.26,189.26,1,189.25,1400,189.27,800,189.27,189.25,189.25,1400,189.24,1100,189.23,900,189.22,1400,189.21,700,189.2,1400,189.19,1100,189.18,1500,189.17,200,189.16,1500,189.27,800,189.28,900,189.29,300,189.3,1500,189.31,300,189.32,1600,189.33,700,189.34,1000,189.35,800,189.36,600
2026-01-16 09:32:52,189.135,189.11,1,189.12,1200,189.15,600,189.15,189.12,189.12,1200,189.11,1200,189.1,200,189.09,1200,189.08,900,189.07,200,189.06,1100,189.05,200,189.04,300,189.03,100,189.15,600,189.16,1200,189.17,200,189.18,300,189.19,300,189.2,200,189.21,400,189.22,100,189.23,100,189.24,600
2026-01-16 09:32:52,189.065,189.07,1,189.05,1200,189.08,400,189.08,189.05,189.05,1200,189.04,300,189.03,100,189.02,1600,189.01,1099,189.0,600,188.99,1100,188.98,400,188.96,1900,188.95,1400,189.08,400,189.09,400,189.11,400,189.12,200,189.13,400,189.14,300,189.15,100,189.16,1200,189.17,200,189.18,300
2026-01-16 09:32:54,189.17,189.18,7,189.15,300,189.19,900,189.19,189.15,189.15,300,189.14,1400,189.13,700,189.12,1000,189.11,1100,189.09,1100,189.08,1000,189.07,1600,189.06,2100,189.05,1200,189.19,900,189.2,200,189.21,400,189.22,100,189.23,100,189.24,600,189.25,500,189.26,100,189.27,1100,189.28,900
2026-01-16 09:32:55,189.05,189.05,4,189.04,1100,189.06,600,189.06,189.04,189.04,1100,189.03,100,189.02,1600,189.01,1099,189.0,600,188.99,1100,188.98,400,188.96,1900,188.95,1400,188.94,1100,189.06,600,189.07,600,189.08,400,189.09,1100,189.1,1000,189.11,900,189.12,1100,189.13,1400,189.14,800,189.15,1500
2026-01-16 09:32:56,189.075,189.07,1,189.06,1400,189.09,1100,189.09,189.06,189.06,1400,189.05,1100,189.04,1400,189.03,1500,189.02,1600,189.01,1099,189.0,600,188.99,1100,188.98,400,188.96,1900,189.09,1100,189.1,1000,189.11,900,189.12,1100,189.13,1400,189.14,800,189.15,1500,189.16,400,189.17,500,189.18,100
2026-01-16 09:32:57,189.025,189.02,1,189.02,1200,189.03,1000,189.03,189.02,189.02,1200,189.01,2099,189.0,600,188.99,1100,188.98,400,188.96,1900,188.95,1400,188.94,1100,188.93,300,188.92,400,189.03,1000,189.04,300,189.05,400,189.06,1200,189.08,400,189.09,1100,189.1,1000,189.11,900,189.12,1100,189.13,1400
2026-01-16 09:32:58,188.995,189.0,11,188.98,1800,189.01,1700,189.01,188.98,188.98,1800,188.96,1900,188.95,1400,188.94,1100,188.93,300,188.92,400,188.91,800,188.9,2000,188.89,1799,188.88,1899,189.01,1700,189.02,1000,189.03,900,189.04,1000,189.05,1000,189.06,1200,189.08,400,189.09,1100,189.1,1000,189.11,900
2026-01-16 09:32:59,188.965,188.97,1,188.96,2300,188.97,100,188.97,188.96,188.96,2300,188.95,1400,188.94,1100,188.93,300,188.92,400,188.91,800,188.9,2000,188.89,1799,188.88,1899,188.87,400,188.97,100,188.98,500,188.99,700,189.0,500,189.01,1300,189.02,1000,189.03,900,189.04,1000,189.05,1000,189.06,1200
2026-01-16 09:33:00,188.975,188.97,4,188.96,2299,188.99,900,188.99,188.96,188.96,2299,188.95,1400,188.94,1100,188.93,300,188.92,400,188.91,800,188.9,2000,188.89,1799,188.88,1899,188.87,400,188.99,900,189.0,700,189.01,1300,189.02,1000,189.03,900,189.04,1000,189.05,1000,189.06,1200,189.08,400,189.09,1100
2026-01-16 09:33:01,188.94,188.94,1,188.93,800,188.95,1100,188.95,188.93,188.93,800,188.92,400,188.91,800,188.9,2000,188.89,1799,188.88,1899,188.87,400,188.86,100,188.84,1300,188.83,200,188.95,1100,188.96,200,188.97,2000,188.98,900,188.99,899,189.0,700,189.01,1300,189.02,1000,189.03,900,189.04,1000
2026-01-16 09:33:02,188.92,188.93,12,188.91,1300,188.93,300,188.93,188.91,188.91,1300,188.9,2000,188.89,1799,188.88,1899,188.87,400,188.86,100,188.84,1300,188.83,200,188.82,600,188.81,400,188.93,300,188.95,600,188.96,400,188.97,400,188.98,400,188.99,1099,189.0,700,189.01,1300,189.02,1000,189.03,900
2026-01-16 09:33:03,188.99,189.0,12,188.98,800,189.0,600,189.0,188.98,188.98,800,188.97,3100,188.96,900,188.95,1400,188.94,900,188.93,1700,188.92,1200,188.91,1300,188.9,2000,188.89,1799,189.0,600,189.01,1600,189.02,1300,189.03,900,189.04,1000,189.05,1000,189.06,1200,189.08,400,189.09,1100,189.1,1000
2026-01-16 09:33:04,188.955,188.97,9,188.94,800,188.97,400,188.97,188.94,188.94,800,188.93,1200,188.92,2300,188.91,1300,188.9,2000,188.89,1799,188.88,1899,188.87,400,188.86,100,188.84,1300,188.97,400,188.98,1000,188.99,700,189.0,599,189.01,1600,189.02,1300,189.03,900,189.04,1000,189.05,1000,189.06,1200
2026-01-16 09:33:05,188.93,188.94,8,188.91,1600,188.95,700,188.95,188.91,188.91,1600,188.9,2100,188.89,1799,188.88,1899,188.87,400,188.86,100,188.84,1300,188.83,200,188.82,600,188.81,400,188.95,700,188.96,500,188.97,700,188.98,1000,188.99,700,189.0,599,189.01,1600,189.02,1300,189.03,900,189.04,1000
2026-01-16 09:33:06,189.01,189.01,1,189.0,100,189.02,900,189.02,189.0,189.0,100,188.99,900,188.98,400,188.97,1500,188.96,800,188.95,600,188.94,1000,188.93,500,188.92,1600,188.9,1600,189.02,900,189.04,1600,189.05,1000,189.06,1200,189.08,400,189.09,1100,189.1,1000,189.11,900,189.12,1100,189.13,1400
2026-01-16 09:33:07,188.935,188.95,2,188.92,1700,188.95,300,188.95,188.92,188.92,1700,188.9,1600,188.89,1799,188.88,1899,188.87,400,188.86,100,188.84,1300,188.83,200,188.82,600,188.81,400,188.95,300,188.96,1100,188.97,900,188.98,600,188.99,300,189.0,800,189.01,1200,189.02,1400,189.04,1600,189.05,1000
2026-01-16 09:33:08,189.005,189.0,1,188.99,400,189.02,1400,189.02,188.99,188.99,400,188.98,900,188.97,1300,188.96,300,188.95,700,188.94,300,188.93,300,188.92,200,188.91,600,188.9,2400,189.02,1400,189.04,1600,189.05,1000,189.06,1200,189.08,400,189.09,1100,189.1,1000,189.11,900,189.12,1100,189.13,1400
2026-01-16 09:33:09,189.0,188.97,1,188.98,400,189.02,1000,189.02,188.98,188.98,400,188.97,1500,188.96,300,188.95,700,188.94,300,188.93,300,188.92,200,188.91,600,188.9,2400,188.89,1799,189.02,1000,189.03,400,189.04,1000,189.05,500,189.06,2300,189.08,400,189.09,1100,189.1,1000,189.11,900,189.12,1100
2026-01-16 09:33:10,189.0,189.0,4,188.99,100,189.01,700,189.01,188.99,188.99,100,188.98,1000,188.97,1899,188.96,300,188.95,700,188.94,300,188.93,300,188.92,200,188.91,600,188.9,2400,189.01,700,189.02,700,189.03,1000,189.04,1300,189.05,500,189.06,2300,189.08,400,189.09,1100,189.1,1000,189.11,900
2026-01-16 09:33:11,189.01,189.02,1,189.0,600,189.02,900,189.02,189.0,189.0,600,188.99,700,188.98,300,188.97,2499,188.96,300,188.95,700,188.94,300,188.93,300,188.92,200,188.91,600,189.02,900,189.03,1000,189.04,1300,189.05,500,189.06,2300,189.08,400,189.09,1100,189.1,1000,189.11,900,189.12,1100
2026-01-16 09:33:12,189.005,189.02,9,188.99,1400,189.02,700,189.02,188.99,188.99,1400,188.98,300,188.97,2499,188.96,300,188.95,700,188.94,300,188.93,300,188.92,200,188.91,600,188.9,2400,189.02,700,189.03,700,189.04,1600,189.05,1600,189.06,2300,189.08,400,189.09,1100,189.1,1000,189.11,900,189.12,1100
2026-01-16 09:33:13,189.03,189.04,1,189.02,800,189.04,100,189.04,189.02,189.02,800,189.01,2300,189.0,200,188.99,2000,188.98,300,188.97,2499,188.96,300,188.95,700,188.94,300,188.93,300,189.04,100,189.05,1600,189.06,2300,189.08,400,189.09,1100,189.1,1000,189.11,900,189.12,1100,189.13,1400,189.14,800
2026-01-16 09:33:14,188.985,188.97,1,188.97,2899,189.0,400,189.0,188.97,188.97,2899,188.96,300,188.95,700,188.94,300,188.93,300,188.92,200,188.91,600,188.9,2400,188.89,1799,188.88,1899,189.0,400,189.01,700,189.02,400,189.03,600,189.04,1000,189.05,200,189.06,2400,189.08,400,189.09,1100,189.1,1000
2026-01-16 09:33:15,188.925,188.94,1,188.91,1500,188.94,400,188.94,188.91,188.91,1500,188.9,2400,188.89,1799,188.88,1899,188.87,400,188.86,100,188.84,1300,188.83,200,188.82,600,188.81,400,188.94,400,188.95,1000,188.96,500,188.97,800,188.98,400,188.99,500,189.0,700,189.01,700,189.02,400,189.03,600
2026-01-16 09:33:16,188.93,188.93,5,188.91,1600,188.95,1300,188.95,188.91,188.91,1600,188.9,2400,188.89,1799,188.88,1899,188.87,400,188.86,100,188.84,1300,188.83,200,188.82,600,188.81,400,188.95,1300,188.96,500,188.97,800,188.98,400,188.99,500,189.0,700,189.01,700,189.02,400,189.03,600,189.04,1000
2026-01-16 09:33:17,188.93,188.94,1,188.92,700,188.94,500,188.94,188.92,188.92,700,188.91,800,188.9,2400,188.89,1799,188.88,1899,188.87,400,188.86,100,188.84,1300,188.83,200,188.82,600,188.94,500,188.95,700,188.96,1200,188.97,800,188.98,400,188.99,500,189.0,700,189.01,700,189.02,400,189.03,600
2026-01-16 09:33:18,188.95,188.96,1,188.93,1000,188.97,1100,188.97,188.93,188.93,1000,188.92,1000,188.91,1200,188.9,3000,188.89,1799,188.88,1899,188.87,400,188.86,100,188.84,1300,188.83,200,188.97,1100,188.98,900,188.99,1100,189.0,700,189.01,700,189.02,400,189.03,600,189.04,1000,189.05,200,189.06,2400
2026-01-16 09:33:19,188.91,188.91,1,188.9,2900,188.92,300,188.92,188.9,188.9,2900,188.89,1799,188.88,1899,188.87,400,188.86,100,188.84,1300,188.83,200,188.82,600,188.81,400,188.8,100,188.92,300,188.93,400,188.94,1000,188.95,1200,188.96,900,188.97,1000,188.98,900,188.99,1100,189.0,700,189.01,700
2026-01-16 09:33:20,188.855,188.85,1,188.84,1300,188.87,700,188.87,188.84,188.84,1300,188.83,200,188.82,600,188.81,400,188.8,100,188.78,1800,188.77,500,188.76,100,188.73,500,188.72,500,188.87,700,188.88,1100,188.89,2200,188.9,1200,188.91,600,188.92,500,188.93,400,188.94,1000,188.95,1200,188.96,900
2026-01-16 09:33:21,188.91,188.92,1,188.9,1300,188.92,100,188.92,188.9,188.9,1300,188.89,100,188.88,400,188.87,400,188.86,200,188.85,500,188.84,1200,188.83,200,188.82,600,188.81,400,188.92,100,188.93,2200,188.94,1600,188.95,1200,188.96,900,188.97,1000,188.98,900,188.99,1100,189.0,700,189.01,700
2026-01-16 09:33:22,188.89,188.89,5,188.88,1200,188.9,1200,188.9,188.88,188.88,1200,188.87,900,188.86,800,188.85,500,188.84,1200,188.83,200,188.82,600,188.81,400,188.8,100,188.78,1800,188.9,1200,188.91,2000,188.92,700,188.93,900,188.94,3100,188.95,1200,188.96,900,188.97,1000,188.98,900,188.99,1100
2026-01-16 09:33:23,188.885,188.89,1,188.87,1100,188.9,1300,188.9,188.87,188.87,1100,188.86,100,188.85,800,188.84,1400,188.83,200,188.82,600,188.81,400,188.8,100,188.78,1800,188.77,500,188.9,1300,188.91,900,188.92,2200,188.93,900,188.94,3100,188.95,1200,188.96,900,188.97,1000,188.98,900,188.99,1100
2026-01-16 09:33:24,188.85,188.84,23,188.84,600,188.86,500,188.86,188.84,188.84,600,188.83,700,188.82,700,188.81,700,188.8,100,188.78,1800,188.77,500,188.76,100,188.73,500,188.72,500,188.86,500,188.87,1100,188.88,700,188.89,900,188.9,1400,188.91,900,188.92,2200,188.93,900,188.94,3100,188.95,1200
2026-01-16 09:33:25,188.89,188.88,1,188.88,300,188.9,1100,188.9,188.88,188.88,300,188.87,200,188.86,200,188.85,400,188.84,800,188.83,700,188.82,700,188.81,700,188.8,100,188.78,1800,188.9,1100,188.91,900,188.92,2200,188.93,900,188.94,3100,188.95,1200,188.96,900,188.97,1000,188.98,900,188.99,1100
2026-01-16 09:33:26,188.855,188.84,1,188.84,900,188.87,1400,188.87,188.84,188.84,900,188.83,700,188.82,700,188.81,700,188.8,100,188.78,1800,188.77,500,188.76,100,188.73,500,188.72,500,188.87,1400,188.88,1200,188.89,500,188.9,1000,188.91,900,188.92,2200,188.93,900,188.94,3100,188.95,1200,188.96,900
2026-01-16 09:33:27,188.865,188.87,4,188.85,1300,188.88,2000,188.88,188.85,188.85,1300,188.84,1400,188.83,700,188.82,700,188.81,700,188.8,100,188.78,1800,188.77,500,188.76,100,188.73,500,188.88,2000,188.89,500,188.9,1000,188.91,900,188.92,2200,188.93,900,188.94,3100,188.95,1200,188.96,900,188.97,1000
2026-01-16 09:33:28,188.84,188.83,1,188.83,1000,188.85,700,188.85,188.83,188.83,1000,188.81,2000,188.8,100,188.78,1800,188.77,500,188.76,100,188.73,500,188.72,500,188.71,300,188.7,300,188.85,700,188.86,300,188.87,300,188.88,2000,188.89,500,188.9,1000,188.91,900,188.92,2200,188.93,900,188.94,3100
2026-01-16 09:33:29,188.82,188.81,1,188.81,300,188.83,700,188.83,188.81,188.81,300,188.8,2000,188.78,1800,188.77,500,188.76,100,188.73,500,188.72,500,188.71,300,188.7,300,188.69,800,188.83,700,188.84,900,188.85,1100,188.86,300,188.87,300,188.88,2000,188.89,500,188.9,1000,188.91,900,188.92,2200
2026-01-16 09:33:30,188.82,188.82,1,188.81,1700,188.83,600,188.83,188.81,188.81,1700,188.8,2400,188.78,1800,188.77,500,188.76,100,188.73,500,188.72,500,188.71,300,188.7,300,188.69,800,188.83,600,188.84,200,188.85,1100,188.86,400,188.87,1000,188.88,2000,188.89,500,188.9,1000,188.91,900,188.92,2200
2026-01-16 09:33:31,188.835,188.83,5,188.82,800,188.85,1100,188.85,188.82,188.82,800,188.81,1000,188.8,3000,188.78,1800,188.77,500,188.76,100,188.73,500,188.72,500,188.71,300,188.7,300,188.85,1100,188.86,400,188.87,1000,188.88,2000,188.89,500,188.9,1000,188.91,900,188.92,2200,188.93,900,188.94,3100
2026-01-16 09:33:32,188.8,188.8,1,188.79,700,188.81,300,188.81,188.79,188.79,700,188.78,1800,188.77,500,188.76,100,188.73,500,188.72,500,188.71,300,188.7,300,188.69,800,188.68,1300,188.81,300,188.82,700,188.83,300,188.84,1500,188.85,2000,188.86,300,188.87,1000,188.88,2000,188.89,500,188.9,1000
2026-01-16 09:33:33,188.81,188.81,3,188.8,1900,188.82,300,188.82,188.8,188.8,1900,188.79,1500,188.78,1800,188.77,500,188.76,100,188.73,500,188.72,500,188.71,300,188.7,300,188.69,800,188.82,300,188.83,1200,188.84,1000,188.85,2000,188.86,300,188.87,1000,188.88,2000,188.89,500,188.9,1000,188.91,900
2026-01-16 09:33:34,188.88,188.88,11,188.87,1100,188.89,400,188.89,188.87,188.87,1100,188.86,400,188.85,1300,188.84,300,188.83,1000,188.82,1000,188.81,1400,188.8,500,188.79,1500,188.78,1800,188.89,400,188.9,1600,188.91,900,188.92,2200,188.93,900,188.94,3100,188.95,1200,188.96,900,188.97,1000,188.98,900
2026-01-16 09:33:35,188.845,188.85,2,188.83,1600,188.86,300,188.86,188.83,188.83,1600,188.82,2900,188.81,1400,188.8,500,188.79,1500,188.78,1800,188.77,500,188.76,100,188.73,500,188.72,500,188.86,300,188.87,900,188.88,1499,188.89,400,188.9,1600,188.91,900,188.92,2200,188.93,900,188.94,3100,188.95,1200
2026-01-16 09:33:36,188.83,188.81,1,188.82,1700,188.84,300,188.84,188.82,188.82,1700,188.81,300,188.8,600,188.79,700,188.78,3200,188.77,500,188.76,100,188.73,500,188.72,500,188.71,300,188.84,300,188.85,500,188.86,600,188.87,900,188.88,1499,188.89,400,188.9,1600,188.91,900,188.92,2200,188.93,900
2026-01-16 09:33:37,188.825,188.82,1,188.81,500,188.84,500,188.84,188.81,188.81,500,188.8,2300,188.79,700,188.78,3200,188.77,500,188.76,100,188.73,500,188.72,500,188.71,300,188.7,300,188.84,500,188.85,500,188.86,600,188.87,900,188.88,1499,188.89,400,188.9,1600,188.91,900,188.92,2200,188.93,900
2026-01-16 09:33:38,188.885,188.89,1,188.87,1000,188.9,300,188.9,188.87,188.87,1000,188.86,1100,188.85,400,188.84,1300,188.83,300,188.82,500,188.81,1200,188.8,2300,188.79,700,188.78,3200,188.9,300,188.91,1000,188.92,100,188.93,2100,188.94,3100,188.95,1200,188.96,900,188.97,1000,188.98,900,188.99,1100
2026-01-16 09:33:39,188.98,188.98,1,188.97,400,188.99,1100,188.99,188.97,188.97,400,188.96,300,188.95,900,188.94,200,188.93,600,188.92,300,188.91,100,188.9,800,188.89,2000,188.87,800,188.99,1100,189.0,700,189.01,700,189.02,400,189.03,600,189.04,1000,189.05,200,189.06,2400,189.08,400,189.09,1100
2026-01-16 09:33:40,189.025,189.04,1,189.01,700,189.04,900,189.04,189.01,189.01,700,189.0,700,188.99,1800,188.98,300,188.97,399,188.96,300,188.95,900,188.94,200,188.93,600,188.92,300,189.04,900,189.05,200,189.06,500,189.07,1200,189.08,200,189.09,1100,189.1,1600,189.11,900,189.12,1100,189.13,1400
2026-01-16 09:33:41,189.035,189.04,1,189.02,1000,189.05,1100,189.05,189.02,189.02,1000,189.01,900,189.0,900,188.99,1000,188.98,1100,188.97,399,188.96,300,188.95,900,188.94,200,188.93,600,189.05,1100,189.06,1100,189.07,1200,189.08,200,189.09,1100,189.1,1600,189.11,900,189.12,1100,189.13,1400,189.14,800
2026-01-16 09:33:42,189.085,189.08,2,189.07,500,189.1,700,189.1,189.07,189.07,500,189.06,800,189.05,800,189.04,200,189.03,700,189.02,300,189.01,600,189.0,900,188.99,1000,188.98,1100,189.1,700,189.11,400,189.12,1700,189.13,1400,189.14,800,189.15,1500,189.16,400,189.17,500,189.18,100,189.19,900
2026-01-16 09:33:43,189.115,189.12,4,189.1,1000,189.13,3800,189.13,189.1,189.1,1000,189.09,400,189.08,600,189.07,800,189.06,1300,189.05,800,189.04,200,189.03,700,189.02,300,189.01,600,189.13,3800,189.14,800,189.15,1500,189.16,400,189.17,500,189.18,100,189.19,900,189.2,200,189.21,400,189.22,100
2026-01-16 09:33:44,189.145,189.15,1,189.13,400,189.16,1200,189.16,189.13,189.13,400,189.12,600,189.11,100,189.1,1300,189.09,900,189.08,900,189.07,800,189.06,1300,189.05,800,189.04,200,189.16,1200,189.17,1200,189.18,100,189.19,900,189.2,200,189.21,400,189.22,100,189.23,100,189.24,600,189.25,500
2026-01-16 09:33:45,189.18,189.18,1,189.17,800,189.19,100,189.19,189.17,189.17,800,189.16,300,189.15,1200,189.14,700,189.13,399,189.12,600,189.11,100,189.1,1300,189.09,900,189.08,900,189.19,100,189.2,700,189.21,400,189.22,100,189.23,100,189.24,600,189.25,500,189.26,100,189.27,1100,189.28,900
2026-01-16 09:33:46,189.19,189.19,1,189.17,1100,189.21,900,189.21,189.17,189.17,1100,189.16,300,189.15,1200,189.14,700,189.13,399,189.12,600,189.11,100,189.1,1300,189.09,900,189.08,900,189.21,900,189.22,200,189.23,1100,189.24,1100,189.25,1600,189.26,100,189.27,1100,189.28,900,189.29,300,189.3,1500
2026-01-16 09:33:47,189.245,189.24,1,189.24,500,189.25,2000,189.25,189.24,189.24,500,189.23,600,189.22,2100,189.21,1500,189.2,1400,189.19,100,189.18,600,189.17,1600,189.16,300,189.15,1200,189.25,2000,189.26,100,189.27,1100,189.28,900,189.29,300,189.3,1500,189.31,300,189.32,1600,189.33,700,189.34,1000
2026-01-16 09:33:48,189.205,189.21,5,189.19,700,189.22,600,189.22,189.19,189.19,700,189.18,1300,189.17,1600,189.16,300,189.15,1200,189.14,700,189.13,399,189.12,600,189.11,100,189.1,1300,189.22,600,189.23,800,189.24,300,189.25,1900,189.26,100,189.27,1100,189.28,900,189.29,300,189.3,1500,189.31,300
2026-01-16 09:33:49,189.195,189.2,2,189.18,1100,189.21,800,189.21,189.18,189.18,1100,189.17,1400,189.16,300,189.15,1200,189.14,700,189.13,399,189.12,600,189.11,100,189.1,1300,189.09,900,189.21,800,189.22,599,189.23,800,189.24,300,189.25,1900,189.26,100,189.27,1100,189.28,900,189.29,300,189.3,1500
2026-01-16 09:33:50,189.285,189.28,1,189.27,800,189.3,3100,189.3,189.27,189.27,800,189.26,500,189.25,1000,189.24,700,189.23,400,189.22,600,189.21,900,189.2,600,189.19,900,189.18,1100,189.3,3100,189.31,300,189.32,1600,189.33,700,189.34,1000,189.35,800,189.36,600,189.37,200,189.38,400,189.39,200
2026-01-16 09:33:51,189.24,189.23,19,189.23,800,189.25,100,189.25,189.23,189.23,800,189.22,1200,189.21,700,189.2,700,189.19,900,189.18,1100,189.17,1400,189.16,300,189.15,1200,189.14,700,189.25,100,189.26,1200,189.27,1000,189.28,800,189.3,700,189.31,1300,189.32,2000,189.33,700,189.34,1000,189.35,800
2026-01-16 09:33:52,189.255,189.24,1,189.24,1100,189.27,700,189.27,189.24,189.24,1100,189.23,800,189.22,1200,189.21,700,189.2,700,189.19,900,189.18,1100,189.17,1400,189.16,300,189.15,1200,189.27,700,189.28,100,189.3,700,189.31,1300,189.32,2000,189.33,700,189.34,1000,189.35,800,189.36,600,189.37,200
2026-01-16 09:33:53,189.245,189.23,1,189.23,400,189.26,500,189.26,189.23,189.23,400,189.22,1000,189.21,800,189.2,800,189.19,400,189.18,700,189.17,1200,189.16,300,189.15,1200,189.14,700,189.26,500,189.27,700,189.28,100,189.3,700,189.31,1300,189.32,2000,189.33,700,189.34,1000,189.35,800,189.36,600
2026-01-16 09:33:54,189.295,189.3,1,189.28,1100,189.31,1100,189.31,189.28,189.28,1100,189.27,500,189.26,600,189.25,300,189.24,100,189.23,399,189.22,1000,189.21,800,189.2,800,189.19,400,189.31,1100,189.32,700,189.33,200,189.35,40800,189.36,600,189.37,200,189.38,400,189.39,200,189.4,500,189.41,200
2026-01-16 09:33:55,189.235,189.22,1,189.22,900,189.25,500,189.25,189.22,189.22,900,189.21,1400,189.2,800,189.19,400,189.18,700,189.17,1200,189.16,300,189.15,1200,189.14,700,189.13,399,189.25,500,189.26,1100,189.27,700,189.28,400,189.29,500,189.3,100,189.31,400,189.32,1100,189.33,200,189.35,40800
2026-01-16 09:33:56,189.235,189.25,2,189.22,800,189.25,600,189.25,189.22,189.22,800,189.21,1600,189.2,800,189.19,400,189.18,700,189.17,1200,189.16,300,189.15,1200,189.14,700,189.13,399,189.25,600,189.26,1200,189.27,700,189.28,400,189.29,500,189.3,100,189.31,400,189.32,1100,189.33,200,189.35,40800
2026-01-16 09:33:57,189.22,189.22,1,189.21,1300,189.23,200,189.23,189.21,189.21,1300,189.2,500,189.19,1200,189.18,1100,189.17,1200,189.16,300,189.15,1200,189.14,700,189.13,399,189.12,600,189.23,200,189.24,200,189.25,800,189.26,1200,189.27,700,189.28,400,189.29,500,189.3,100,189.31,400,189.32,1100
2026-01-16 09:33:58,189.21,189.22,2,189.2,1800,189.22,400,189.22,189.2,189.2,1800,189.19,1100,189.18,1700,189.17,1200,189.16,300,189.15,1200,189.14,700,189.13,399,189.12,600,189.11,100,189.22,400,189.23,1000,189.24,200,189.25,800,189.26,1200,189.27,700,189.28,400,189.29,500,189.3,100,189.31,400
2026-01-16 09:33:59,189.2,189.21,1,189.19,900,189.21,1000,189.21,189.19,189.19,900,189.18,1300,189.17,1400,189.16,300,189.15,1200,189.14,700,189.13,399,189.12,600,189.11,100,189.1,1300,189.21,1000,189.22,300,189.23,200,189.24,400,189.25,1500,189.26,1200,189.27,700,189.28,400,189.29,500,189.3,100
2026-01-16 09:34:00,189.22,189.24,6,189.21,1300,189.23,1000,189.23,189.21,189.21,1300,189.2,200,189.19,600,189.18,1900,189.17,1800,189.16,300,189.15,1200,189.14,700,189.13,399,189.12,600,189.23,1000,189.24,400,189.25,1900,189.26,1200,189.27,700,189.28,400,189.29,500,189.3,100,189.31,400,189.32,1100
2026-01-16 09:34:01,189.165,189.16,1,189.15,400,189.18,500,189.18,189.15,189.15,400,189.14,1000,189.13,1300,189.12,600,189.11,100,189.1,1300,189.09,900,189.08,900,189.07,800,189.06,1300,189.18,500,189.19,500,189.2,700,189.21,500,189.22,400,189.23,400,189.24,1000,189.25,100,189.26,1200,189.27,700
2026-01-16 09:34:02,189.17,189.16,2,189.16,600,189.18,3900,189.18,189.16,189.16,600,189.15,200,189.14,300,189.12,600,189.11,100,189.1,1300,189.09,800,189.08,900,189.07,800,189.06,1300,189.18,3900,189.19,200,189.2,100,189.21,900,189.22,400,189.23,400,189.24,1000,189.25,100,189.26,1200,189.27,700
2026-01-16 09:34:03,189.185,189.18,10,189.17,900,189.2,600,189.2,189.17,189.17,900,189.16,400,189.15,400,189.14,700,189.13,1000,189.12,600,189.11,100,189.1,1300,189.09,800,189.08,900,189.2,600,189.21,900,189.22,400,189.23,400,189.24,1000,189.25,100,189.26,1200,189.27,700,189.28,400,189.29,500
2026-01-16 09:34:04,189.04,189.05,20,189.03,1200,189.05,100,189.05,189.03,189.03,1200,189.02,900,189.01,600,189.0,900,188.99,1000,188.98,1100,188.97,399,188.96,300,188.95,900,188.94,200,189.05,100,189.06,200,189.07,300,189.08,300,189.09,500,189.1,300,189.11,700,189.12,500,189.13,100,189.14,400
2026-01-16 09:34:05,189.07,189.06,1,189.05,1300,189.09,1100,189.09,189.05,189.05,1300,189.04,300,189.03,600,189.02,800,189.01,600,189.0,900,188.99,1000,188.98,1100,188.97,399,188.96,300,189.09,1100,189.1,300,189.11,700,189.12,500,189.13,100,189.14,400,189.15,300,189.16,1300,189.17,400,189.18,700
2026-01-16 09:34:06,189.025,189.02,1,189.02,300,189.03,600,189.03,189.02,189.02,300,189.01,1500,189.0,900,188.99,1000,188.98,1100,188.97,399,188.96,300,188.95,900,188.94,200,188.93,600,189.03,600,189.04,1000,189.05,200,189.06,400,189.07,1000,189.08,1000,189.09,1100,189.1,300,189.11,700,189.12,500
2026-01-16 09:34:07,189.04,189.03,2,189.03,1300,189.05,500,189.05,189.03,189.03,1300,189.02,500,189.01,700,189.0,1700,188.99,1000,188.98,1100,188.97,399,188.96,300,188.95,900,188.94,200,189.05,500,189.06,400,189.07,1000,189.08,1000,189.09,1100,189.1,300,189.11,700,189.12,500,189.13,100,189.14,400
2026-01-16 09:34:08,189.095,189.1,1,189.09,300,189.1,300,189.1,189.09,189.09,300,189.08,1500,189.07,300,189.06,500,189.05,200,189.04,1200,189.03,400,189.02,1000,189.01,700,189.0,1700,189.1,300,189.11,500,189.12,500,189.13,100,189.14,400,189.15,300,189.16,1300,189.17,400,189.18,700,189.19,200
2026-01-16 09:34:09,189.135,189.17,5,189.12,500,189.15,1000,189.15,189.12,189.12,500,189.11,1400,189.1,100,189.09,1500,189.08,1300,189.07,300,189.06,500,189.05,200,189.04,1200,189.03,400,189.15,1000,189.16,700,189.17,300,189.18,1200,189.19,200,189.2,900,189.21,900,189.22,400,189.23,400,189.24,1000
2026-01-16 09:34:10,189.175,189.18,1,189.16,800,189.19,1500,189.19,189.16,189.16,800,189.15,700,189.14,600,189.13,700,189.12,1200,189.11,1400,189.1,100,189.09,1500,189.08,1300,189.07,300,189.19,1500,189.2,2300,189.21,900,189.22,400,189.23,400,189.24,1000,189.25,100,189.26,1200,189.27,700,189.28,400
2026-01-16 09:34:11,189.16,189.15,1,189.15,400,189.17,1100,189.17,189.15,189.15,400,189.14,1400,189.13,700,189.12,1200,189.11,1400,189.1,100,189.09,1500,189.08,1300,189.07,300,189.06,500,189.17,1100,189.18,2000,189.19,3000,189.2,2100,189.21,900,189.22,400,189.23,400,189.24,1000,189.25,100,189.26,1200
2026-01-16 09:34:12,189.155,189.16,1,189.14,700,189.17,1500,189.17,189.14,189.14,700,189.13,1800,189.12,1200,189.11,1400,189.1,100,189.09,1500,189.08,1300,189.07,300,189.06,500,189.05,200,189.17,1500,189.18,300,189.2,2000,189.21,900,189.22,400,189.23,400,189.24,1000,189.25,100,189.26,1200,189.27,700
2026-01-16 09:34:13,189.17,189.17,1,189.15,1100,189.19,600,189.19,189.15,189.15,1100,189.14,700,189.13,1800,189.12,1200,189.11,1400,189.1,100,189.09,1500,189.08,1300,189.07,300,189.06,500,189.19,600,189.2,500,189.21,1100,189.22,400,189.23,400,189.24,1000,189.25,100,189.26,1200,189.27,700,189.28,400
2026-01-16 09:34:14,189.16,189.17,2,189.15,699,189.17,200,189.17,189.15,189.15,699,189.14,700,189.13,1800,189.12,1200,189.11,1400,189.1,100,189.09,1500,189.08,1300,189.07,300,189.06,500,189.17,200,189.18,700,189.19,500,189.2,700,189.21,1100,189.22,400,189.23,400,189.24,1000,189.25,100,189.26,1200
2026-01-16 09:34:15,189.175,189.15,1,189.16,300,189.19,600,189.19,189.16,189.16,300,189.15,1500,189.14,1800,189.13,1800,189.12,1200,189.11,1400,189.1,100,189.09,1500,189.08,1300,189.07,300,189.19,600,189.2,600,189.21,1100,189.22,400,189.23,400,189.24,1000,189.25,100,189.26,1200,189.27,700,189.28,400
2026-01-16 09:34:16,189.185,189.18,1,189.18,1600,189.19,100,189.19,189.18,189.18,1600,189.16,600,189.15,1400,189.14,1800,189.13,1800,189.12,1200,189.11,1400,189.1,100,189.09,1500,189.08,1300,189.19,100,189.2,200,189.21,1600,189.22,400,189.23,400,189.24,1000,189.25,100,189.26,1200,189.27,700,189.28,400
2026-01-16 09:34:17,189.16,189.16,1,189.15,200,189.17,500,189.17,189.15,189.15,200,189.14,1300,189.13,1800,189.12,1200,189.11,1400,189.1,100,189.09,1500,189.08,1300,189.07,300,189.06,500,189.17,500,189.18,1600,189.19,600,189.2,700,189.21,1600,189.22,400,189.23,400,189.24,1000,189.25,100,189.26,1200
2026-01-16 09:34:18,189.185,189.2,1,189.17,1200,189.2,1300,189.2,189.17,189.17,1200,189.16,1300,189.15,300,189.14,1800,189.13,1800,189.12,1200,189.11,1400,189.1,100,189.09,1500,189.08,1300,189.2,1300,189.21,1600,189.22,400,189.23,400,189.24,1000,189.25,100,189.26,1200,189.27,700,189.28,400,189.29,500
2026-01-16 09:34:19,189.18,189.19,1,189.17,1300,189.19,300,189.19,189.17,189.17,1300,189.16,1300,189.15,300,189.14,1800,189.13,1800,189.12,1200,189.11,1400,189.1,100,189.09,1500,189.08,1300,189.19,300,189.2,2000,189.21,1600,189.22,400,189.23,400,189.24,1000,189.25,100,189.26,1200,189.27,700,189.28,400
2026-01-16 09:34:20,189.19,189.19,1,189.18,500,189.2,2100,189.2,189.18,189.18,500,189.17,900,189.16,1000,189.15,1400,189.14,1700,189.13,1800,189.12,1200,189.11,1400,189.1,100,189.09,1500,189.2,2100,189.21,1600,189.22,400,189.23,400,189.24,1000,189.25,100,189.26,1200,189.27,700,189.28,400,189.29,500
2026-01-16 09:34:21,189.19,189.19,11,189.18,400,189.2,2300,189.2,189.18,189.18,400,189.17,1100,189.16,1400,189.15,1400,189.14,1700,189.13,1800,189.12,1200,189.11,1400,189.1,100,189.09,1500,189.2,2300,189.21,1600,189.22,400,189.23,400,189.24,1000,189.25,100,189.26,1200,189.27,700,189.28,400,189.29,500
2026-01-16 09:34:22,189.235,189.23,1,189.22,200,189.25,800,189.25,189.22,189.22,200,189.21,1000,189.2,500,189.19,800,189.18,1000,189.17,1400,189.16,1400,189.15,1400,189.14,1700,189.13,1800,189.25,800,189.26,1200,189.27,700,189.28,400,189.29,500,189.3,100,189.31,400,189.32,1100,189.33,200,189.35,40800
2026-01-16 09:34:23,189.255,189.26,1,189.25,500,189.26,200,189.26,189.25,189.25,500,189.24,400,189.23,1800,189.22,500,189.21,1000,189.2,500,189.19,800,189.18,1000,189.17,1400,189.16,1400,189.26,200,189.27,700,189.28,400,189.29,500,189.3,100,189.31,400,189.32,1100,189.33,200,189.35,40800,189.36,600
2026-01-16 09:34:24,189.295,189.29,1,189.28,1000,189.31,1400,189.31,189.28,189.28,1000,189.27,700,189.26,400,189.25,500,189.24,400,189.23,1800,189.22,500,189.21,1000,189.2,500,189.19,800,189.31,1400,189.33,1500,189.34,200,189.35,40800,189.36,600,189.37,200,189.38,400,189.39,200,189.4,500,189.41,200
2026-01-16 09:34:25,189.3,189.31,1,189.29,800,189.31,1400,189.31,189.29,189.29,800,189.28,900,189.27,1100,189.26,900,189.25,700,189.24,800,189.23,1800,189.22,500,189.21,1000,189.2,500,189.31,1400,189.32,300,189.33,1500,189.34,200,189.35,40800,189.36,600,189.37,200,189.38,400,189.39,200,189.4,500
2026-01-16 09:34:26,189.285,189.28,1,189.27,200,189.3,900,189.3,189.27,189.27,200,189.26,800,189.25,700,189.24,800,189.23,1800,189.22,500,189.21,1000,189.2,500,189.19,800,189.18,1000,189.3,900,189.31,1800,189.32,300,189.33,1500,189.34,200,189.35,40800,189.36,600,189.37,200,189.38,400,189.39,200
2026-01-16 09:34:27,189.4,189.41,1,189.38,500,189.42,1100,189.42,189.38,189.38,500,189.37,500,189.36,800,189.35,300,189.34,600,189.33,100,189.32,300,189.31,700,189.3,300,189.29,500,189.42,1100,189.43,1400,189.44,100,189.45,700,189.46,600,189.47,200,189.48,1600,189.49,700,189.5,300,189.51,200
2026-01-16 09:34:28,189.335,189.34,10,189.32,900,189.35,500,189.35,189.32,189.32,900,189.31,100,189.3,1100,189.29,500,189.28,300,189.27,100,189.26,1300,189.25,700,189.24,800,189.23,1800,189.35,500,189.36,1300,189.37,900,189.38,800,189.39,200,189.4,100,189.41,100,189.42,1500,189.43,1400,189.44,100
2026-01-16 09:34:29,189.42,189.42,1,189.41,200,189.43,100,189.43,189.41,189.41,200,189.4,600,189.39,100,189.38,800,189.37,800,189.36,500,189.35,500,189.34,300,189.33,200,189.32,300,189.43,100,189.44,1600,189.45,700,189.46,600,189.47,200,189.48,1600,189.49,700,189.5,300,189.51,200,189.53,700
2026-01-16 09:34:30,189.41,189.41,1,189.4,200,189.42,700,189.42,189.4,189.4,200,189.39,1000,189.38,800,189.37,800,189.36,500,189.35,500,189.34,300,189.33,200,189.32,300,189.31,300,189.42,700,189.43,100,189.44,2600,189.45,700,189.46,600,189.47,200,189.48,1600,189.49,700,189.5,300,189.51,200
2026-01-16 09:34:31,189.43,189.44,1,189.42,100,189.44,2900,189.44,189.42,189.42,100,189.41,100,189.4,900,189.39,200,189.38,500,189.37,800,189.36,500,189.35,500,189.34,300,189.33,200,189.44,2900,189.45,700,189.46,600,189.47,200,189.48,1600,189.49,700,189.5,300,189.51,200,189.53,700,189.54,100
2026-01-16 09:34:32,189.42,189.42,1,189.41,1900,189.43,900,189.43,189.41,189.41,1900,189.4,1600,189.39,200,189.38,500,189.37,800,189.36,500,189.35,500,189.34,300,189.33,200,189.32,300,189.43,900,189.44,2900,189.45,700,189.46,600,189.47,200,189.48,1600,189.49,700,189.5,300,189.51,200,189.53,700
2026-01-16 09:34:33,189.39,189.38,14,189.38,100,189.4,700,189.4,189.38,189.38,100,189.37,1400,189.36,500,189.35,1100,189.34,300,189.33,200,189.32,300,189.31,300,189.3,1500,189.29,500,189.4,700,189.41,300,189.42,600,189.43,900,189.44,2900,189.45,700,189.46,600,189.47,200,189.48,1600,189.49,700
2026-01-16 09:34:34,189.36,189.36,1,189.35,500,189.37,200,189.37,189.35,189.35,500,189.34,300,189.33,900,189.32,300,189.31,300,189.3,1500,189.29,500,189.28,300,189.27,100,189.26,1300,189.37,200,189.38,300,189.39,1200,189.4,700,189.41,1000,189.42,1100,189.43,900,189.44,2900,189.45,700,189.46,600
2026-01-16 09:34:35,189.355,189.36,3,189.35,400,189.36,800,189.36,189.35,189.35,400,189.34,1100,189.33,1000,189.32,300,189.31,300,189.3,1500,189.29,500,189.28,300,189.27,100,189.26,1300,189.36,800,189.37,400,189.38,1000,189.39,1700,189.4,700,189.41,1000,189.42,1100,189.43,900,189.44,2900,189.45,700
2026-01-16 09:34:36,189.355,189.36,1,189.34,900,189.37,900,189.37,189.34,189.34,900,189.33,1400,189.32,300,189.31,300,189.3,1500,189.29,500,189.28,300,189.27,100,189.26,1300,189.25,700,189.37,900,189.38,600,189.39,300,189.4,1000,189.41,1000,189.42,1100,189.43,900,189.44,2900,189.45,700,189.46,600
2026-01-16 09:34:37,189.31,189.39,18,189.3,1400,189.32,400,189.32,189.3,189.3,1400,189.29,700,189.28,300,189.27,100,189.26,1300,189.25,700,189.24,800,189.23,1800,189.22,500,189.21,1000,189.32,400,189.33,1300,189.34,500,189.36,800,189.37,800,189.38,600,189.39,300,189.4,1000,189.41,1000,189.42,1100
2026-01-16 09:34:38,189.22,189.21,1,189.21,3000,189.23,600,189.23,189.21,189.21,3000,189.2,500,189.19,800,189.18,1000,189.17,1400,189.16,1400,189.15,1400,189.14,1700,189.13,1800,189.12,1200,189.23,600,189.24,500,189.25,700,189.26,200,189.27,200,189.28,700,189.29,400,189.3,100,189.31,900,189.32,499
2026-01-16 09:34:39,189.2,189.21,7,189.19,1300,189.21,900,189.21,189.19,189.19,1300,189.18,1000,189.17,1400,189.16,1400,189.15,1400,189.14,1700,189.13,1800,189.12,1200,189.11,1400,189.1,100,189.21,900,189.22,600,189.23,800,189.24,400,189.25,1400,189.26,200,189.27,200,189.28,700,189.29,400,189.3,100
2026-01-16 09:34:40,189.195,189.18,1,189.18,800,189.21,799,189.21,189.18,189.18,800,189.17,700,189.16,600,189.15,2100,189.14,1700,189.13,1800,189.12,1200,189.11,1400,189.1,100,189.09,1500,189.21,799,189.22,600,189.23,800,189.24,400,189.25,1400,189.26,200,189.27,200,189.28,700,189.29,400,189.3,100
2026-01-16 09:34:41,189.27,189.26,1,189.26,300,189.28,1800,189.28,189.26,189.26,300,189.25,600,189.24,500,189.23,1400,189.22,700,189.21,500,189.2,200,189.19,300,189.18,900,189.17,700,189.28,1800,189.29,400,189.3,100,189.31,900,189.32,499,189.33,1300,189.34,500,189.36,800,189.37,800,189.38,600
2026-01-16 09:34:42,189.31,189.32,1,189.29,800,189.33,1400,189.33,189.29,189.29,800,189.28,300,189.27,100,189.26,300,189.25,800,189.24,500,189.23,1400,189.22,700,189.21,500,189.2,200,189.33,1400,189.34,1100,189.36,800,189.37,800,189.38,600,189.39,300,189.4,1000,189.41,1000,189.42,1100,189.43,900
2026-01-16 09:34:43,189.275,189.28,1,189.26,500,189.29,800,189.29,189.26,189.26,500,189.25,1100,189.24,500,189.23,1400,189.22,700,189.21,500,189.2,200,189.19,300,189.18,900,189.17,700,189.29,800,189.31,800,189.32,1200,189.33,1400,189.34,1100,189.36,800,189.37,800,189.38,600,189.39,300,189.4,1000
2026-01-16 09:34:44,189.27,189.27,1,189.26,700,189.28,1200,189.28,189.26,189.26,700,189.25,900,189.23,1600,189.22,700,189.21,500,189.2,200,189.19,300,189.18,900,189.17,700,189.16,600,189.28,1200,189.29,800,189.31,800,189.32,1200,189.33,1400,189.34,1100,189.36,800,189.37,800,189.38,600,189.39,300
2026-01-16 09:34:45,189.275,189.28,1,189.26,300,189.29,1300,189.29,189.26,189.26,300,189.25,700,189.23,1600,189.22,700,189.21,500,189.2,200,189.19,300,189.18,900,189.17,700,189.16,600,189.29,1300,189.31,800,189.32,1200,189.33,1400,189.34,1100,189.36,800,189.37,800,189.38,600,189.39,300,189.4,1000
2026-01-16 09:34:46,189.295,189.3,1,189.28,700,189.31,300,189.31,189.28,189.28,700,189.27,700,189.26,700,189.25,1400,189.23,1600,189.22,700,189.21,500,189.2,200,189.19,300,189.18,900,189.31,300,189.32,1000,189.33,2000,189.34,1100,189.36,800,189.37,800,189.38,600,189.39,300,189.4,1000,189.41,1000
2026-01-16 09:34:47,189.305,189.31,6,189.29,500,189.32,100,189.32,189.29,189.29,500,189.28,1100,189.27,300,189.26,800,189.25,1400,189.23,1600,189.22,700,189.21,500,189.2,200,189.19,300,189.32,100,189.33,2500,189.34,1100,189.36,800,189.37,800,189.38,600,189.39,300,189.4,1000,189.41,1000,189.42,1100
2026-01-16 09:34:48,189.33,189.33,2,189.32,300,189.34,1300,189.34,189.32,189.32,300,189.31,200,189.3,600,189.29,900,189.28,600,189.27,300,189.26,800,189.25,1400,189.23,1600,189.22,700,189.34,1300,189.36,800,189.37,800,189.38,600,189.39,300,189.4,1000,189.41,1000,189.42,1100,189.43,900,189.44,2900
2026-01-16 09:34:49,189.325,189.31,3,189.31,700,189.34,500,189.34,189.31,189.31,700,189.3,1000,189.29,500,189.28,500,189.27,300,189.26,800,189.25,1400,189.23,1600,189.22,700,189.21,500,189.34,500,189.35,1600,189.36,800,189.37,800,189.38,600,189.39,300,189.4,1000,189.41,1000,189.42,1100,189.43,900
2026-01-16 09:34:50,189.345,189.35,3,189.34,1000,189.35,1000,189.35,189.34,189.34,1000,189.33,600,189.32,800,189.31,200,189.3,500,189.29,600,189.28,500,189.27,300,189.26,800,189.25,1400,189.35,1000,189.36,1100,189.37,800,189.38,600,189.39,300,189.4,1000,189.41,1000,189.42,1100,189.43,900,189.44,2900
2026-01-16 09:34:51,189.42,189.41,5,189.41,1800,189.43,500,189.43,189.41,189.41,1800,189.4,1200,189.39,2000,189.38,600,189.37,1500,189.36,300,189.35,600,189.34,800,189.33,1000,189.32,800,189.43,500,189.44,1500,189.45,1300,189.46,1900,189.47,200,189.48,1600,189.49,700,189.5,300,189.51,200,189.53,700
2026-01-16 09:34:52,189.485,189.48,2,189.47,800,189.5,33500,189.5,189.47,189.47,800,189.46,1400,189.45,1200,189.44,1300,189.43,2000,189.42,1100,189.41,1900,189.4,1200,189.39,2000,189.38,600,189.5,33500,189.51,200,189.53,700,189.54,100,189.55,1200,189.56,200,189.57,200,189.58,1200,189.59,300,189.61,600
2026-01-16 09:34:53,189.43,189.43,2,189.42,1400,189.44,700,189.44,189.42,189.42,1400,189.41,1900,189.4,1200,189.39,2000,189.38,600,189.37,1500,189.36,300,189.35,600,189.34,800,189.33,1000,189.44,700,189.45,1300,189.46,100,189.47,800,189.49,400,189.5,33499,189.51,200,189.53,700,189.54,100,189.55,1200
2026-01-16 09:34:54,189.385,189.37,1,189.37,800,189.4,700,189.4,189.37,189.37,800,189.36,200,189.35,700,189.34,800,189.33,400,189.32,1100,189.31,200,189.3,500,189.29,600,189.28,500,189.4,700,189.41,1900,189.42,300,189.43,300,189.44,700,189.45,1300,189.46,100,189.47,800,189.49,400,189.5,33499
2026-01-16 09:34:55,189.285,189.3,1,189.28,1000,189.29,100,189.29,189.28,189.28,1000,189.27,300,189.26,800,189.25,1400,189.23,1600,189.22,700,189.21,500,189.2,200,189.19,300,189.18,900,189.29,100,189.3,400,189.31,700,189.32,1000,189.33,500,189.34,500,189.35,1200,189.36,300,189.37,500,189.38,1100
2026-01-16 09:34:56,189.31,189.31,1,189.3,900,189.32,2000,189.32,189.3,189.3,900,189.29,2000,189.28,1000,189.27,900,189.26,2400,189.25,1700,189.23,1600,189.22,700,189.21,500,189.2,200,189.32,2000,189.33,500,189.34,500,189.35,1200,189.36,300,189.37,500,189.38,1100,189.39,300,189.4,800,189.41,1900
2026-01-16 09:34:57,189.31,189.32,2,189.3,1200,189.32,300,189.32,189.3,189.3,1200,189.29,400,189.28,1300,189.27,1100,189.26,800,189.25,2600,189.23,1600,189.22,700,189.21,500,189.2,200,189.32,300,189.33,1300,189.34,700,189.35,1200,189.36,300,189.37,500,189.38,1100,189.39,300,189.4,800,189.41,1900
2026-01-16 09:34:58,189.3,189.3,5,189.29,1300,189.31,200,189.31,189.29,189.29,1300,189.28,1300,189.27,1100,189.26,800,189.25,2600,189.23,1600,189.22,700,189.21,500,189.2,200,189.19,300,189.31,200,189.32,200,189.33,600,189.34,700,189.35,1300,189.36,300,189.37,500,189.38,1100,189.39,300,189.4,800
2026-01-16 09:34:59,189.285,189.28,1,189.28,4100,189.29,300,189.29,189.28,189.28,4100,189.27,600,189.26,1200,189.25,2600,189.23,1600,189.22,700,189.21,500,189.2,200,189.19,300,189.18,900,189.29,300,189.3,400,189.31,1100,189.32,200,189.33,600,189.34,700,189.35,1300,189.36,300,189.37,500,189.38,1100
2026-01-16 09:35:00,189.36,189.35,1,189.35,600,189.37,1000,189.37,189.35,189.35,600,189.34,500,189.33,400,189.32,500,189.31,1100,189.3,900,189.29,500,189.28,4099,189.27,600,189.26,1200,189.37,1000,189.38,1100,189.39,300,189.4,800,189.41,1900,189.42,300,189.43,300,189.44,700,189.45,1300,189.46,100
2026-01-16 09:35:01,189.49,189.48,2,189.48,100,189.5,33599,189.5,189.48,189.48,100,189.47,300,189.46,700,189.45,900,189.44,1000,189.43,400,189.42,600,189.41,1400,189.4,800,189.39,400,189.5,33599,189.51,200,189.53,700,189.54,100,189.55,1200,189.56,200,189.57,200,189.58,1200,189.59,300,189.61,600
2026-01-16 09:35:02,189.465,189.48,5,189.46,200,189.47,600,189.47,189.46,189.46,200,189.45,1100,189.44,700,189.43,400,189.42,1000,189.41,1400,189.4,800,189.39,400,189.38,1600,189.37,800,189.47,600,189.48,1200,189.49,400,189.5,33599,189.51,200,189.53,700,189.54,100,189.55,1200,189.56,200,189.57,200
2026-01-16 09:35:03,189.475,189.47,1,189.47,600,189.48,1500,189.48,189.47,189.47,600,189.46,300,189.45,700,189.44,300,189.43,900,189.42,1000,189.41,1600,189.4,800,189.39,400,189.38,1600,189.48,1500,189.49,400,189.5,33599,189.51,200,189.53,700,189.54,100,189.55,1200,189.56,200,189.57,200,189.58,1200
2026-01-16 09:35:04,189.335,189.34,1,189.33,1300,189.34,100,189.34,189.33,189.33,1300,189.32,500,189.31,1100,189.3,900,189.29,500,189.28,4099,189.27,600,189.26,1200,189.25,2600,189.23,1600,189.34,100,189.35,900,189.36,700,189.37,1000,189.38,700,189.39,300,189.4,200,189.41,1900,189.42,1400,189.43,1000
2026-01-16 09:35:05,189.37,189.35,2,189.36,700,189.38,1300,189.38,189.36,189.36,700,189.35,1200,189.34,600,189.33,1000,189.32,500,189.31,1500,189.3,900,189.29,500,189.28,4099,189.27,600,189.38,1300,189.39,300,189.4,200,189.41,1900,189.42,1400,189.43,1000,189.44,400,189.45,1100,189.46,1500,189.47,900
2026-01-16 09:35:06,189.345,189.35,1,189.34,800,189.35,400,189.35,189.34,189.34,800,189.33,700,189.32,400,189.31,1300,189.3,900,189.29,500,189.28,4099,189.27,600,189.26,1200,189.25,2600,189.35,400,189.36,200,189.37,600,189.38,1300,189.39,900,189.4,200,189.41,1900,189.42,1400,189.43,1000,189.44,400
2026-01-16 09:35:07,189.375,189.38,1,189.37,100,189.38,1000,189.38,189.37,189.37,100,189.36,1000,189.34,700,189.33,300,189.32,1100,189.31,1600,189.3,900,189.29,500,189.28,4099,189.27,600,189.38,1000,189.39,800,189.4,600,189.41,1900,189.42,1400,189.43,1000,189.44,400,189.45,1100,189.46,1500,189.47,900
2026-01-16 09:35:08,189.42,189.42,44,189.41,800,189.43,1500,189.43,189.41,189.41,800,189.4,100,189.39,700,189.38,900,189.37,1200,189.36,500,189.35,1100,189.34,700,189.33,300,189.32,1100,189.43,1500,189.44,1600,189.45,1100,189.46,1500,189.47,900,189.48,900,189.49,1000,189.5,33799,189.51,200,189.53,700
2026-01-16 09:35:09,189.545,189.54,1,189.54,100,189.55,500,189.55,189.54,189.54,100,189.53,200,189.52,1000,189.51,1300,189.5,800,189.49,600,189.48,700,189.47,300,189.46,200,189.45,400,189.55,500,189.56,1800,189.57,1700,189.58,1200,189.59,300,189.61,600,189.62,200,189.63,200,189.64,900,189.65,100
2026-01-16 09:35:10,189.57,189.58,1,189.56,1300,189.58,300,189.58,189.56,189.56,1300,189.55,1100,189.54,200,189.53,200,189.52,1000,189.51,1300,189.5,800,189.49,600,189.48,700,189.47,300,189.58,300,189.59,200,189.6,7000,189.61,600,189.62,200,189.63,200,189.64,900,189.65,100,189.67,1100,,
2026-01-16 09:35:11,189.57,189.56,1,189.56,200,189.58,700,189.58,189.56,189.56,200,189.55,200,189.54,500,189.53,1200,189.52,1000,189.51,600,189.5,1300,189.49,600,189.48,700,189.47,300,189.58,700,189.59,200,189.6,7000,189.61,600,189.62,200,189.63,200,189.64,900,189.65,100,189.67,1100,,
2026-01-16 09:35:12,189.575,189.57,1,189.57,100,189.58,900,189.58,189.57,189.57,100,189.56,1800,189.55,1200,189.54,500,189.53,1200,189.52,1000,189.51,600,189.5,1300,189.49,600,189.48,700,189.58,900,189.59,800,189.6,1100,189.61,1100,189.62,200,189.63,200,189.64,900,189.65,100,189.67,1100,,
2026-01-16 09:35:13,189.555,189.56,8,189.55,800,189.56,100,189.56,189.55,189.55,800,189.54,1100,189.53,400,189.52,1200,189.51,600,189.5,1300,189.49,600,189.48,700,189.47,300,189.46,200,189.56,100,189.57,800,189.58,1400,189.59,800,189.6,1100,189.61,1100,189.62,200,189.63,200,189.64,900,189.65,100
2026-01-16 09:35:14,189.595,189.58,1,189.59,100,189.6,1100,189.6,189.59,189.59,100,189.58,1600,189.57,1000,189.56,200,189.55,900,189.54,1000,189.53,400,189.52,1300,189.51,600,189.5,1300,189.6,1100,189.61,900,189.62,200,189.63,200,189.64,900,189.65,100,189.67,1100,,,,,,
2026-01-16 09:35:15,189.59,189.59,1,189.58,800,189.6,1100,189.6,189.58,189.58,800,189.57,1900,189.56,200,189.55,900,189.54,1000,189.53,400,189.52,1300,189.51,600,189.5,1300,189.49,600,189.6,1100,189.61,300,189.62,3300,189.63,200,189.64,900,189.65,100,189.67,1100,,,,,,
2026-01-16 09:35:16,189.535,189.52,1,189.53,500,189.54,200,189.54,189.53,189.53,500,189.52,400,189.51,500,189.5,1300,189.49,600,189.48,700,189.47,300,189.46,200,189.45,400,189.44,700,189.54,200,189.55,700,189.56,900,189.57,500,189.58,800,189.59,1000,189.6,1100,189.61,300,189.62,3300,189.63,200
2026-01-16 09:35:17,189.54,189.55,3,189.53,1100,189.55,900,189.55,189.53,189.53,1100,189.52,1700,189.51,800,189.5,600,189.49,1000,189.48,700,189.47,300,189.46,200,189.45,400,189.44,700,189.55,900,189.56,1500,189.57,1400,189.58,800,189.59,1000,189.6,1100,189.61,300,189.62,3300,189.63,200,189.64,900
2026-01-16 09:35:18,189.51,189.55,1,189.5,1000,189.52,1100,189.52,189.5,189.5,1000,189.49,1600,189.48,700,189.47,300,189.46,200,189.45,400,189.44,700,189.43,200,189.42,2400,189.41,800,189.52,1100,189.53,700,189.54,400,189.55,200,189.56,200,189.57,1400,189.58,800,189.59,1000,189.6,1100,189.61,300
2026-01-16 09:35:19,189.51,189.51,1,189.5,700,189.52,900,189.52,189.5,189.5,700,189.49,800,189.48,2400,189.47,300,189.46,200,189.45,400,189.44,700,189.43,200,189.42,2400,189.41,800,189.52,900,189.53,1000,189.54,400,189.55,200,189.56,200,189.57,1400,189.58,800,189.59,1000,189.6,1100,189.61,300
2026-01-16 09:35:20,189.415,189.42,1,189.41,700,189.42,400,189.42,189.41,189.41,700,189.4,1100,189.39,700,189.38,900,189.37,1200,189.36,500,189.35,1100,189.34,700,189.33,300,189.32,1100,189.42,400,189.43,600,189.44,2200,189.45,400,189.46,300,189.47,300,189.48,300,189.49,400,189.5,800,189.51,700
2026-01-16 09:35:21,189.38,189.38,1,189.37,2100,189.39,800,189.39,189.37,189.37,2100,189.36,500,189.35,1100,189.34,700,189.33,300,189.32,1100,189.31,1600,189.3,900,189.29,500,189.28,4099,189.39,800,189.4,1800,189.41,500,189.42,800,189.43,1100,189.44,2100,189.45,400,189.46,300,189.47,300,189.48,300
2026-01-16 09:35:22,189.37,189.36,1,189.36,1000,189.38,600,189.38,189.36,189.36,1000,189.35,2000,189.34,700,189.33,300,189.32,1100,189.31,1600,189.3,900,189.29,500,189.28,4099,189.27,600,189.38,600,189.39,300,189.4,500,189.41,300,189.42,900,189.43,1100,189.44,2100,189.45,400,189.46,300,189.47,300
2026-01-16 09:35:23,189.4,189.41,1,189.39,400,189.41,1000,189.41,189.39,189.39,400,189.38,1400,189.37,400,189.36,600,189.35,1900,189.34,700,189.33,300,189.32,1100,189.31,1600,189.3,900,189.41,1000,189.42,800,189.43,1100,189.44,2100,189.45,400,189.46,300,189.47,300,189.48,300,189.49,400,189.5,800
2026-01-16 09:35:24,189.37,189.36,1,189.36,700,189.38,1000,189.38,189.36,189.36,700,189.35,1000,189.34,1300,189.33,300,189.32,1100,189.31,1600,189.3,900,189.29,500,189.28,4099,189.27,600,189.38,1000,189.39,800,189.4,400,189.41,1200,189.42,800,189.43,1100,189.44,2100,189.45,400,189.46,300,189.47,300
2026-01-16 09:35:25,189.515,189.53,1,189.51,1700,189.52,300,189.52,189.51,189.51,1700,189.5,300,189.49,500,189.48,300,189.47,1500,189.46,200,189.45,200,189.44,500,189.43,400,189.42,300,189.52,300,189.53,1700,189.54,400,189.55,200,189.56,200,189.57,1400,189.58,800,189.59,1000,189.6,1100,189.61,300
2026-01-16 09:35:26,189.465,189.48,1,189.45,1500,189.48,100,189.48,189.45,189.45,1500,189.44,500,189.43,400,189.42,300,189.41,400,189.4,300,189.39,800,189.38,1000,189.37,200,189.36,700,189.48,100,189.49,900,189.5,800,189.51,100,189.52,1200,189.53,1700,189.54,400,189.55,200,189.56,200,189.57,1400
2026-01-16 09:35:27,189.495,189.5,1,189.49,300,189.5,1500,189.5,189.49,189.49,300,189.48,100,189.47,900,189.46,1000,189.45,1500,189.44,500,189.43,400,189.42,300,189.41,400,189.4,300,189.5,1500,189.51,100,189.52,1200,189.53,1700,189.54,400,189.55,200,189.56,200,189.57,1400,189.58,800,189.59,1000
2026-01-16 09:35:28,189.505,189.5,1,189.49,700,189.52,600,189.52,189.49,189.49,700,189.48,600,189.47,700,189.46,700,189.45,1600,189.44,500,189.43,400,189.42,300,189.41,400,189.4,300,189.52,600,189.53,1600,189.54,400,189.55,200,189.56,200,189.57,1400,189.58,800,189.59,1000,189.6,1100,189.61,300
2026-01-16 09:35:29,189.57,189.56,2,189.56,100,189.58,1000,189.58,189.56,189.56,100,189.55,1000,189.54,400,189.53,800,189.52,1100,189.51,800,189.5,400,189.49,1200,189.48,600,189.47,700,189.58,1000,189.59,1000,189.6,1100,189.61,300,189.62,3300,189.63,200,189.64,900,189.65,100,189.67,1100,,
2026-01-16 09:35:30,189.55,189.55,1,189.54,100,189.56,300,189.56,189.54,189.54,100,189.53,1100,189.52,100,189.51,600,189.5,1200,189.49,1200,189.48,600,189.47,700,189.46,700,189.45,1600,189.56,300,189.57,800,189.58,1200,189.59,1000,189.6,1100,189.61,300,189.62,3300,189.63,200,189.64,900,189.65,100
2026-01-16 09:35:31,189.565,189.57,2,189.56,1900,189.57,500,189.57,189.56,189.56,1900,189.55,1300,189.54,500,189.53,1400,189.52,800,189.51,600,189.5,1200,189.49,1200,189.48,600,189.47,700,189.57,500,189.58,1000,189.59,1800,189.6,1100,189.61,300,189.62,3300,189.63,200,189.64,900,189.65,100,189.67,1100
2026-01-16 09:35:32,189.535,189.55,1,189.53,1400,189.54,100,189.54,189.53,189.53,1400,189.52,1000,189.51,600,189.5,1200,189.49,1200,189.48,600,189.47,700,189.46,700,189.45,1600,189.44,500,189.54,100,189.55,1100,189.56,700,189.57,900,189.58,1000,189.59,1800,189.6,1100,189.61,300,189.62,3300,189.63,200
2026-01-16 09:35:33,189.6,189.62,6,189.59,600,189.61,500,189.61,189.59,189.59,600,189.58,100,189.57,700,189.56,1300,189.55,200,189.54,1500,189.53,600,189.52,1600,189.51,600,189.5,1200,189.61,500,189.62,600,189.63,1500,189.64,900,189.65,100,189.67,1100,,,,,,,,
2026-01-16 09:35:34,189.645,189.64,1,189.64,200,189.65,1100,189.65,189.64,189.64,200,189.63,1400,189.62,400,189.61,800,189.6,300,189.59,600,189.58,3600,189.56,1700,189.55,200,189.54,1500,189.65,1100,189.67,1100,,,,,,,,,,,,,,,,
2026-01-16 09:35:35,189.57,189.58,5,189.56,1300,189.58,100,189.58,189.56,189.56,1300,189.55,200,189.54,1500,189.53,600,189.52,1600,189.51,600,189.5,1200,189.49,1200,189.48,600,189.47,700,189.58,100,189.59,600,189.6,700,189.61,1500,189.62,400,189.63,1100,189.64,1100,189.65,100,189.66,800,189.67,1100
2026-01-16 09:35:36,189.58,189.58,1,189.57,1300,189.59,1700,189.59,189.57,189.57,1300,189.56,1700,189.55,200,189.54,1500,189.53,600,189.52,1600,189.51,600,189.5,1200,189.49,1200,189.48,600,189.59,1700,189.6,1700,189.61,1400,189.62,400,189.63,1100,189.64,1100,189.65,100,189.66,800,189.67,1100,,
2026-01-16 09:35:37,189.495,189.49,40,189.49,200,189.5,800,189.5,189.49,189.49,200,189.48,1400,189.47,1300,189.46,1200,189.45,1600,189.44,500,189.43,400,189.42,300,189.41,400,189.4,300,189.5,800,189.51,800,189.52,600,189.53,400,189.54,800,189.55,1700,189.56,1600,189.57,2000,189.58,500,189.59,2000
2026-01-16 09:35:38,189.53,189.53,40,189.52,1500,189.54,500,189.54,189.52,189.52,1500,189.51,800,189.5,800,189.49,800,189.48,1300,189.47,1400,189.46,1200,189.45,1600,189.44,500,189.43,400,189.54,500,189.55,1000,189.56,200,189.57,2500,189.58,500,189.59,2000,189.6,1700,189.61,1400,189.62,400,189.63,1100
2026-01-16 09:35:39,189.515,189.51,4,189.51,1700,189.52,2100,189.52,189.51,189.51,1700,189.5,800,189.49,800,189.48,1300,189.47,1400,189.46,1200,189.45,1600,189.44,500,189.43,400,189.42,300,189.52,2100,189.53,100,189.54,2700,189.55,900,189.56,800,189.57,2500,189.58,500,189.59,2000,189.6,1700,189.61,1400
2026-01-16 09:35:40,189.53,189.52,1,189.52,600,189.54,2500,189.54,189.52,189.52,600,189.51,900,189.5,1400,189.49,800,189.48,1300,189.47,1400,189.46,1200,189.45,1600,189.44,500,189.43,400,189.54,2500,189.55,900,189.56,800,189.57,2500,189.58,500,189.59,2000,189.6,1700,189.61,1400,189.62,400,189.63,1100
2026-01-16 09:35:41,189.51,189.51,1,189.5,1100,189.52,600,189.52,189.5,189.5,1100,189.49,800,189.48,1300,189.47,1400,189.46,1200,189.45,1600,189.44,500,189.43,400,189.42,300,189.41,400,189.52,600,189.53,200,189.54,2700,189.55,900,189.56,800,189.57,2500,189.58,500,189.59,2000,189.6,1700,189.61,1400
2026-01-16 09:35:42,189.455,189.45,10,189.45,1300,189.46,900,189.46,189.45,189.45,1300,189.44,500,189.43,400,189.42,300,189.41,400,189.4,300,189.39,800,189.38,1000,189.37,200,189.36,700,189.46,900,189.47,400,189.48,500,189.49,700,189.5,2700,189.51,400,189.52,700,189.53,200,189.54,2700,189.55,900
2026-01-16 09:35:43,189.475,189.48,1,189.47,2400,189.48,100,189.48,189.47,189.47,2400,189.46,1400,189.45,200,189.44,2100,189.43,400,189.42,300,189.41,400,189.4,300,189.39,800,189.38,1000,189.48,100,189.49,700,189.5,900,189.51,700,189.52,1100,189.53,200,189.54,2700,189.55,900,189.56,800,189.57,2500
2026-01-16 09:35:44,189.495,189.49,1,189.49,600,189.5,300,189.5,189.49,189.49,600,189.48,1000,189.47,1000,189.46,900,189.45,1500,189.44,2100,189.43,400,189.42,300,189.41,400,189.4,300,189.5,300,189.51,800,189.52,1100,189.53,200,189.54,2700,189.55,900,189.56,800,189.57,2500,189.58,500,189.59,2000
2026-01-16 09:35:45,189.48,189.48,2,189.47,1000,189.49,500,189.49,189.47,189.47,1000,189.46,900,189.45,1500,189.44,2100,189.43,400,189.42,300,189.41,400,189.4,300,189.39,800,189.38,1000,189.49,500,189.5,300,189.51,1100,189.52,1200,189.53,800,189.54,2700,189.55,900,189.56,800,189.57,2500,189.58,500
2026-01-16 09:35:46,189.48,189.48,4,189.47,200,189.49,800,189.49,189.47,189.47,200,189.46,900,189.45,300,189.44,1900,189.43,900,189.42,1000,189.41,400,189.4,300,189.39,800,189.38,1000,189.49,800,189.5,300,189.51,1100,189.52,1200,189.53,800,189.54,2700,189.55,900,189.56,800,189.57,2500,189.58,500
2026-01-16 09:35:47,189.48,189.46,3,189.47,1400,189.49,1100,189.49,189.47,189.47,1400,189.46,200,189.45,1100,189.44,2100,189.43,900,189.42,1000,189.41,400,189.4,300,189.39,800,189.38,1000,189.49,1100,189.5,600,189.51,1100,189.52,1200,189.53,800,189.54,2700,189.55,900,189.56,800,189.57,2500,189.58,500
2026-01-16 09:35:48,189.46,189.47,2,189.45,600,189.47,800,189.47,189.45,189.45,600,189.44,800,189.43,800,189.42,1000,189.41,400,189.4,300,189.39,800,189.38,1000,189.37,200,189.36,700,189.47,800,189.48,500,189.49,1000,189.5,600,189.51,1100,189.52,1200,189.53,800,189.54,2700,189.55,900,189.56,800
2026-01-16 09:35:49,189.48,189.48,1,189.47,1100,189.49,1300,189.49,189.47,189.47,1100,189.46,1100,189.45,1000,189.44,700,189.43,1100,189.42,1000,189.41,400,189.4,300,189.39,800,189.38,1000,189.49,1300,189.5,600,189.51,1100,189.52,1200,189.53,800,189.54,2700,189.55,900,189.56,800,189.57,2500,189.58,500
2026-01-16 09:35:50,189.515,189.51,1,189.51,200,189.52,1600,189.52,189.51,189.51,200,189.5,300,189.49,1100,189.48,1000,189.47,800,189.46,1000,189.45,800,189.44,600,189.43,1100,189.42,1000,189.52,1600,189.53,800,189.54,2700,189.55,900,189.56,800,189.57,2500,189.58,500,189.59,2000,189.6,1700,189.61,1400
2026-01-16 09:35:51,189.535,189.54,2,189.53,1200,189.54,100,189.54,189.53,189.53,1200,189.52,1200,189.51,700,189.5,500,189.49,1100,189.48,1000,189.47,800,189.46,1000,189.45,800,189.44,600,189.54,100,189.55,1000,189.56,900,189.57,2300,189.58,1200,189.59,2000,189.6,1700,189.61,1400,189.62,400,189.63,1100
2026-01-16 09:35:52,189.605,189.61,1,189.6,300,189.61,3200,189.61,189.6,189.6,300,189.59,800,189.58,700,189.57,800,189.56,1600,189.55,900,189.54,1400,189.53,2199,189.52,1200,189.51,700,189.61,3200,189.62,400,189.63,1100,189.64,1100,189.65,100,189.66,800,189.67,1100,,,,,,
2026-01-16 09:35:53,189.62,189.63,1,189.61,900,189.63,800,189.63,189.61,189.61,900,189.6,1000,189.59,800,189.58,700,189.57,800,189.56,1600,189.55,900,189.54,1400,189.53,2199,189.52,1200,189.63,800,189.64,800,189.65,700,189.66,800,189.67,1100,,,,,,,,,,
2026-01-16 09:35:54,189.62,189.62,3,189.61,200,189.63,1200,189.63,189.61,189.61,200,189.6,1300,189.59,800,189.58,700,189.57,800,189.56,1600,189.55,900,189.54,1400,189.53,2199,189.52,1200,189.63,1200,189.64,900,189.65,800,189.66,800,189.67,1100,,,,,,,,,,
2026-01-16 09:35:55,189.65,189.65,1,189.64,1400,189.66,2800,189.66,189.64,189.64,1400,189.63,1100,189.62,1100,189.61,900,189.6,500,189.59,1500,189.58,700,189.57,800,189.56,1600,189.55,900,189.66,2800,189.67,1100,,,,,,,,,,,,,,,,
2026-01-16 09:35:56,189.725,189.72,1,189.72,500,189.73,1000,189.73,189.72,189.72,500,189.71,1100,189.7,600,189.69,2000,189.68,800,189.67,700,189.66,1500,189.65,900,189.64,1100,189.63,500,189.73,1000,,,,,,,,,,,,,,,,,,
2026-01-16 09:35:57,189.75,189.75,1,189.74,1500,189.76,500,189.76,189.74,189.74,1500,189.73,1400,189.72,1100,189.71,2300,189.7,1400,189.69,3000,189.68,800,189.67,700,189.66,1500,189.65,900,189.76,500,189.77,1100,189.78,1800,,,,,,,,,,,,,,
2026-01-16 09:35:58,189.74,189.74,1,189.73,700,189.75,600,189.75,189.73,189.73,700,189.72,1600,189.71,2400,189.7,1400,189.69,3000,189.68,800,189.67,700,189.66,1500,189.65,900,189.64,1100,189.75,600,189.76,700,189.77,1100,189.78,1800,,,,,,,,,,,,
2026-01-16 09:35:59,189.775,189.78,1,189.77,200,189.78,1300,189.78,189.77,189.77,200,189.76,1900,189.75,1100,189.74,800,189.73,1400,189.72,1600,189.71,2400,189.7,1400,189.69,3000,189.68,800,189.78,1300,,,,,,,,,,,,,,,,,,
2026-01-16 09:36:00,189.795,189.8,1,189.79,1100,189.8,400,189.8,189.79,189.79,1100,189.78,900,189.77,1400,189.76,1200,189.75,1100,189.74,800,189.73,1400,189.72,1600,189.71,2400,189.7,1400,189.8,400,189.81,1200,189.82,600,189.83,500,189.84,1400,189.85,15700,,,,,,,,
2026-01-16 09:36:01,189.81,189.81,2,189.8,1200,189.82,300,189.82,189.8,189.8,1200,189.79,400,189.78,2200,189.77,1400,189.76,1200,189.75,1100,189.74,800,189.73,1400,189.72,1600,189.71,2400,189.82,300,189.83,600,189.84,700,189.85,15900,,,,,,,,,,,,
2026-01-16 09:36:02,189.85,189.86,5,189.84,1500,189.86,200,189.86,189.84,189.84,1500,189.83,300,189.82,1100,189.81,1100,189.8,600,189.79,800,189.78,2200,189.77,1400,189.76,1200,189.75,1100,189.86,200,189.87,800,189.88,1500,,,,,,,,,,,,,,
2026-01-16 09:36:03,189.85,189.85,2,189.84,1000,189.86,400,189.86,189.84,189.84,1000,189.83,800,189.82,1500,189.81,1100,189.8,600,189.79,800,189.78,2200,189.77,1400,189.76,1200,189.75,1100,189.86,400,189.87,1300,189.88,1500,,,,,,,,,,,,,,
2026-01-16 09:36:04,189.93,189.93,4,189.92,1700,189.94,2000,189.94,189.92,189.92,1700,189.91,900,189.9,1200,189.89,1300,189.88,1400,189.87,1400,189.86,2100,189.85,1100,189.84,1500,189.83,800,189.94,2000,,,,,,,,,,,,,,,,,,
2026-01-16 09:36:05,189.93,189.93,6,189.92,200,189.94,2900,189.94,189.92,189.92,200,189.91,1100,189.9,1100,189.89,1100,189.88,1400,189.87,1400,189.86,2100,189.85,1100,189.84,1500,189.83,800,189.94,2900,,,,,,,,,,,,,,,,,,
2026-01-16 09:36:06,189.93,189.93,7,189.92,800,189.94,400,189.94,189.92,189.92,800,189.91,1100,189.9,1100,189.89,1100,189.88,1400,189.87,1400,189.86,2100,189.85,1100,189.84,1500,189.83,800,189.94,400,189.95,4200,,,,,,,,,,,,,,,,
2026-01-16 09:36:07,189.955,189.95,1,189.95,700,189.96,1900,189.96,189.95,189.95,700,189.94,2900,189.93,700,189.92,800,189.91,1100,189.9,1100,189.89,1100,189.88,1400,189.87,1400,189.86,2100,189.96,1900,,,,,,,,,,,,,,,,,,
2026-01-16 09:36:08,189.945,189.94,1,189.94,1200,189.95,1700,189.95,189.94,189.94,1200,189.93,900,189.92,1100,189.91,2000,189.9,1100,189.89,1100,189.88,1400,189.87,1400,189.86,2100,189.85,1100,189.95,1700,189.96,2400,,,,,,,,,,,,,,,,
2026-01-16 09:36:09,189.985,189.99,1,189.98,1800,189.99,14400,189.99,189.98,189.98,1800,189.97,700,189.96,1300,189.95,1800,189.94,300,189.93,1700,189.92,1400,189.91,1700,189.9,500,189.89,900,189.99,14400,190.0,296800,,,,,,,,,,,,,,,,
2026-01-16 09:36:10,190.025,190.02,1,190.02,1100,190.03,2600,190.03,190.02,190.02,1100,190.01,900,190.0,2000,189.99,1500,189.98,1600,189.97,500,189.96,1400,189.95,2100,189.94,300,189.93,1700,190.03,2600,,,,,,,,,,,,,,,,,,
2026-01-16 09:36:11,190.045,190.04,1,190.04,1600,190.05,1100,190.05,190.04,190.04,1600,190.03,1100,190.02,800,190.01,700,190.0,700,189.99,1300,189.98,2400,189.97,1100,189.96,1400,189.95,2100,190.05,1100,190.06,1400,190.07,300,190.08,700,,,,,,,,,,,,
2026-01-16 09:36:12,190.04,190.05,5,190.03,2200,190.05,100,190.05,190.03,190.03,2200,190.02,2100,190.01,700,190.0,700,189.99,1300,189.98,2400,189.97,1100,189.96,1400,189.95,2100,189.94,300,190.05,100,190.06,900,190.07,200,190.08,1600,190.09,1200,,,,,,,,,,
2026-01-16 09:36:13,190.04,190.04,1,190.03,2200,190.05,800,190.05,190.03,190.03,2200,190.02,2100,190.01,700,190.0,700,189.99,1300,189.98,2400,189.97,1100,189.96,1400,189.95,2100,189.94,300,190.05,800,190.06,700,190.07,1100,190.08,500,190.09,600,190.11,1100,,,,,,,,
2026-01-16 09:36:14,190.07,190.04,1,190.06,200,190.08,200,190.08,190.06,190.06,200,190.05,300,190.04,400,190.03,2300,190.02,2100,190.01,700,190.0,700,189.99,1300,189.98,2400,189.97,1100,190.08,200,190.09,1000,190.11,1100,,,,,,,,,,,,,,
2026-01-16 09:36:15,190.035,190.04,5,190.03,800,190.04,100,190.04,190.03,190.03,800,190.02,2500,190.01,700,190.0,700,189.99,1300,189.98,2400,189.97,1100,189.96,1400,189.95,2100,189.94,300,190.04,100,190.05,800,190.06,800,190.07,500,190.08,800,190.09,700,190.1,1600,190.11,1100,,,,
2026-01-16 09:36:16,190.035,190.04,1,190.03,900,190.04,1300,190.04,190.03,190.03,900,190.02,1500,190.01,1200,190.0,700,189.99,1300,189.98,2400,189.97,1100,189.96,1400,189.95,2100,189.94,300,190.04,1300,190.05,1400,190.06,1100,190.07,800,190.08,1300,190.09,700,190.1,1600,190.11,1100,,,,
2026-01-16 09:36:17,190.045,190.04,1,190.04,1299,190.05,200,190.05,190.04,190.04,1299,190.03,600,190.02,800,190.01,1800,190.0,700,189.99,1300,189.98,2400,189.97,1100,189.96,1400,189.95,2100,190.05,200,190.06,1200,190.07,1200,190.08,1300,190.09,700,190.1,1600,190.11,1100,,,,,,
2026-01-16 09:36:18,190.035,190.04,1,190.03,100,190.04,300,190.04,190.03,190.03,100,190.02,1600,190.01,1400,190.0,700,189.99,1300,189.98,2400,189.97,1100,189.96,1400,189.95,2100,189.94,300,190.04,300,190.05,400,190.06,800,190.07,1800,190.08,1300,190.09,700,190.1,1600,190.11,1100,,,,
2026-01-16 09:36:19,189.98,190.0,5,189.97,1000,189.99,300,189.99,189.97,189.97,1000,189.96,1900,189.95,2100,189.94,300,189.93,1700,189.92,1400,189.91,1700,189.9,500,189.89,900,189.88,1400,189.99,300,190.0,300,190.01,3700,190.02,700,190.03,300,190.04,600,190.05,400,190.06,800,190.07,1800,190.08,1300
