sim_time,mid_price,last_price,last_size,best_bid_price,best_bid_size,best_ask_price,best_ask_size,close_price_buy,close_price_sell,bid1_price,bid1_size,bid2_price,bid2_size,bid3_price,bid3_size,bid4_price,bid4_size,bid5_price,bid5_size,bid6_price,bid6_size,bid7_price,bid7_size,bid8_price,bid8_size,bid9_price,bid9_size,bid10_price,bid10_size,ask1_price,ask1_size,ask2_price,ask2_size,ask3_price,ask3_size,ask4_price,ask4_size,ask5_price,ask5_size,ask6_price,ask6_size,ask7_price,ask7_size,ask8_price,ask8_size,ask9_price,ask9_size,ask10_price,ask10_size
2026-01-16 09:30:36,,0.0,0,,,,,,,,,,,,,,,,,,,,,,,,,,,,,,,,,,,,,,,,,,,,,,
2026-01-16 09:30:37,,0.0,0,,,,,,,,,,,,,,,,,,,,,,,,,,,,,,,,,,,,,,,,,,,,,,
2026-01-16 09:30:38,,0.0,0,,,,,,,,,,,,,,,,,,,,,,,,,,,,,,,,,,,,,,,,,,,,,,
2026-01-16 09:30:38,,0.0,0,,,,,,,,,,,,,,,,,,,,,,,,,,,,,,,,,,,,,,,,,,,,,,
2026-01-16 09:30:39,,0.0,0,,,,,,,,,,,,,,,,,,,,,,,,,,,,,,,,,,,,,,,,,,,,,,
2026-01-16 09:30:39,,0.0,0,,,,,,,,,,,,,,,,,,,,,,,,,,,,,,,,,,,,,,,,,,,,,,
2026-01-16 09:30:41,,0.0,0,,,,,,,,,,,,,,,,,,,,,,,,,,,,,,,,,,,,,,,,,,,,,,
2026-01-16 09:30:43,144.075,144.16,1,143.91,500,144.24,400,144.24,143.91,143.91,500,143.89,300,143.87,100,143.82,100,143.81,100,143.8,200,143.75,500,,,,,,,144.24,400,144.25,800,144.26,100,144.29,100,144.3,500,,,,,,,,,,
2026-01-16 09:30:44,144.1,144.04,1,143.97,100,144.23,900,144.23,143.97,143.97,100,143.91,600,143.89,300,143.87,100,143.82,100,143.81,100,143.8,200,143.75,500,,,,,144.23,900,144.24,400,144.25,800,144.26,100,144.29,100,144.3,500,,,,,,,,
2026-01-16 09:30:45,144.095,144.04,1,143.97,200,144.22,600,144.22,143.97,143.97,200,143.91,600,143.89,300,143.87,100,143.82,100,143.81,100,143.8,200,143.75,500,,,,,144.22,600,144.23,900,144.24,400,144.25,800,144.26,100,144.29,100,144.3,500,,,,,,
2026-01-16 09:30:46,144.055,143.97,1,143.9,500,144.21,500,144.21,143.9,143.9,500,143.89,200,143.87,100,143.82,100,143.81,100,143.8,200,143.75,500,,,,,,,144.21,500,144.22,700,144.23,900,144.24,400,144.25,800,144.26,100,144.29,100,144.3,500,,,,
2026-01-16 09:30:47,143.98,143.97,1,143.89,600,144.07,200,144.07,143.89,143.89,600,143.87,100,143.82,100,143.81,100,143.8,200,143.75,500,,,,,,,,,144.07,200,144.13,500,144.14,400,144.15,900,144.16,600,144.21,500,144.22,700,144.23,900,144.24,400,144.25,800
2026-01-16 09:30:48,143.975,143.97,1,143.89,600,144.06,600,144.06,143.89,143.89,600,143.87,100,143.82,100,143.81,100,143.8,200,143.75,500,,,,,,,,,144.06,600,144.07,200,144.13,500,144.14,400,144.15,900,144.16,600,144.21,500,144.22,700,144.23,900,144.24,400
2026-01-16 09:30:49,143.925,143.93,1,143.84,200,144.01,1500,144.01,143.84,143.84,200,143.82,100,143.81,100,143.8,200,143.75,500,,,,,,,,,,,144.01,1500,144.02,200,144.05,900,144.06,600,144.07,200,144.13,500,144.14,400,144.15,900,144.16,600,144.21,500
2026-01-16 09:30:50,143.925,143.93,1,143.84,200,144.01,1500,144.01,143.84,143.84,200,143.82,100,143.81,100,143.8,200,143.75,500,,,,,,,,,,,144.01,1500,144.02,200,144.05,900,144.06,600,144.07,200,144.13,500,144.14,400,144.15,900,144.16,600,144.21,500
2026-01-16 09:30:51,143.925,143.93,1,143.84,200,144.01,1600,144.01,143.84,143.84,200,143.82,100,143.81,100,143.8,200,143.75,500,,,,,,,,,,,144.01,1600,144.02,200,144.05,900,144.06,600,144.07,200,144.13,500,144.14,400,144.15,900,144.16,600,144.21,500
2026-01-16 09:30:52,143.925,143.93,1,143.84,200,144.01,1600,144.01,143.84,143.84,200,143.82,100,143.81,100,143.8,200,143.75,500,,,,,,,,,,,144.01,1600,144.02,200,144.05,900,144.06,600,144.07,200,144.13,500,144.14,400,144.15,900,144.16,600,144.21,500
2026-01-16 09:30:53,143.925,143.93,5,143.84,200,144.01,1600,144.01,143.84,143.84,200,143.82,100,143.81,100,143.8,200,143.75,500,,,,,,,,,,,144.01,1600,144.02,200,144.05,900,144.06,600,144.07,200,144.13,500,144.14,400,144.15,900,144.16,600,144.21,500
2026-01-16 09:30:54,143.925,143.93,1,143.84,200,144.01,1600,144.01,143.84,143.84,200,143.82,100,143.81,100,143.8,200,143.75,500,,,,,,,,,,,144.01,1600,144.02,200,144.05,900,144.06,600,144.07,200,144.13,500,144.14,400,144.15,900,144.16,600,144.21,500
2026-01-16 09:30:55,143.925,143.85,1,143.84,200,144.01,1200,144.01,143.84,143.84,200,143.82,100,143.81,100,143.8,200,143.75,500,,,,,,,,,,,144.01,1200,144.02,200,144.05,900,144.06,600,144.07,200,144.13,500,144.14,400,144.15,900,144.16,600,144.21,500
2026-01-16 09:30:56,143.9,143.88,2,143.81,600,143.99,300,143.99,143.81,143.81,600,143.8,200,143.75,500,,,,,,,,,,,,,,,143.99,300,144.0,500,144.01,1300,144.02,200,144.05,900,144.06,600,144.07,200,144.13,500,144.14,400,144.15,900
2026-01-16 09:30:57,143.905,143.9,1,143.82,300,143.99,400,143.99,143.82,143.82,300,143.81,600,143.8,200,143.75,500,,,,,,,,,,,,,143.99,400,144.0,600,144.01,1300,144.02,200,144.05,900,144.06,600,144.07,200,144.13,500,144.14,400,144.15,900
2026-01-16 09:30:58,143.905,143.9,1,143.82,300,143.99,100,143.99,143.82,143.82,300,143.81,600,143.8,200,143.75,500,,,,,,,,,,,,,143.99,100,144.0,600,144.01,1300,144.02,200,144.05,900,144.06,600,144.07,200,144.13,500,144.14,400,144.15,900
2026-01-16 09:30:59,143.895,143.9,1,143.8,500,143.99,500,143.99,143.8,143.8,500,143.75,500,,,,,,,,,,,,,,,,,143.99,500,144.0,600,144.01,1300,144.02,200,144.05,900,144.06,600,144.07,200,144.13,500,144.14,400,144.15,900
2026-01-16 09:31:00,143.895,143.9,1,143.8,500,143.99,200,143.99,143.8,143.8,500,143.75,500,,,,,,,,,,,,,,,,,143.99,200,144.0,600,144.01,1300,144.02,200,144.05,900,144.06,600,144.07,200,144.13,500,144.14,400,144.15,900
2026-01-16 09:31:01,143.865,143.83,1,143.8,500,143.93,1300,143.93,143.8,143.8,500,143.75,500,,,,,,,,,,,,,,,,,143.93,1300,143.99,200,144.0,600,144.01,1300,144.02,200,144.05,900,144.06,600,144.07,200,144.13,500,144.14,400
2026-01-16 09:31:02,143.865,143.87,1,143.8,500,143.93,1100,143.93,143.8,143.8,500,143.75,500,,,,,,,,,,,,,,,,,143.93,1100,143.99,200,144.0,600,144.01,1300,144.02,200,144.05,900,144.06,600,144.07,200,144.13,500,144.14,400
2026-01-16 09:31:03,143.86,143.87,1,143.8,500,143.92,200,143.92,143.8,143.8,500,143.75,500,,,,,,,,,,,,,,,,,143.92,200,143.93,1100,143.99,200,144.0,600,144.01,1300,144.02,200,144.05,900,144.06,600,144.07,200,144.13,500
2026-01-16 09:31:04,143.86,143.87,1,143.8,500,143.92,200,143.92,143.8,143.8,500,143.75,500,,,,,,,,,,,,,,,,,143.92,200,143.93,1100,143.99,200,144.0,600,144.01,1300,144.02,200,144.05,900,144.06,600,144.07,200,144.13,500
2026-01-16 09:31:05,143.87,143.88,1,143.81,400,143.93,1400,143.93,143.81,143.81,400,143.8,600,143.75,500,,,,,,,,,,,,,,,143.93,1400,143.99,200,144.0,600,144.01,1300,144.02,200,144.05,900,144.06,600,144.07,200,144.13,500,144.14,400
2026-01-16 09:31:06,143.88,143.88,1,143.83,1800,143.93,1200,143.93,143.83,143.83,1800,143.82,1500,143.81,500,143.8,600,143.75,500,,,,,,,,,,,143.93,1200,143.99,200,144.0,600,144.01,1300,144.02,200,144.05,900,144.06,600,144.07,200,144.13,500,144.14,400
2026-01-16 09:31:07,143.88,143.88,1,143.83,1800,143.93,1200,143.93,143.83,143.83,1800,143.82,1500,143.81,500,143.8,600,143.75,500,,,,,,,,,,,143.93,1200,143.99,200,144.0,600,144.01,1300,144.02,200,144.05,900,144.06,600,144.07,200,144.13,500,144.14,400
2026-01-16 09:31:08,143.88,143.88,1,143.83,1800,143.93,1200,143.93,143.83,143.83,1800,143.82,1500,143.81,500,143.8,600,143.75,500,,,,,,,,,,,143.93,1200,143.99,200,144.0,600,144.01,1300,144.02,200,144.05,900,144.06,600,144.07,200,144.13,500,144.14,400
2026-01-16 09:31:09,143.9,143.88,1,143.84,300,143.96,700,143.96,143.84,143.84,300,143.83,200,143.82,1500,143.81,500,143.8,600,143.75,500,,,,,,,,,143.96,700,143.97,200,143.99,200,144.0,600,144.01,1300,144.02,200,144.05,900,144.06,600,144.07,200,144.13,500
2026-01-16 09:31:10,143.88,143.82,1,143.81,100,143.95,200,143.95,143.81,143.81,100,143.8,600,143.75,500,,,,,,,,,,,,,,,143.95,200,143.96,200,143.97,200,143.99,200,144.0,600,144.01,1300,144.02,200,144.05,900,144.06,600,144.07,200
2026-01-16 09:31:11,143.86,143.86,3,143.77,600,143.95,200,143.95,143.77,143.77,600,143.76,200,143.75,500,,,,,,,,,,,,,,,143.95,200,143.96,300,143.97,200,143.99,200,144.0,600,144.01,1300,144.02,200,144.05,900,144.06,600,144.07,200
2026-01-16 09:31:12,143.815,143.86,3,143.76,300,143.87,100,143.87,143.76,143.76,300,143.75,500,,,,,,,,,,,,,,,,,143.87,100,143.95,200,143.96,300,143.97,200,143.99,200,144.0,600,144.01,1300,144.02,200,144.05,900,144.06,600
2026-01-16 09:31:13,143.815,143.86,3,143.76,300,143.87,100,143.87,143.76,143.76,300,143.75,500,,,,,,,,,,,,,,,,,143.87,100,143.95,200,143.96,300,143.97,200,143.99,200,144.0,600,144.01,1300,144.02,200,144.05,900,144.06,600
2026-01-16 09:31:14,143.9,143.88,1,143.82,300,143.98,900,143.98,143.82,143.82,300,143.81,600,143.8,500,143.79,100,143.78,600,143.77,500,143.76,300,143.75,500,,,,,143.98,900,143.99,200,144.0,600,144.01,1300,144.02,200,144.05,900,144.06,600,144.07,200,144.13,500,144.14,400
2026-01-16 09:31:15,143.875,143.89,1,143.78,500,143.97,100,143.97,143.78,143.78,500,143.77,500,143.76,300,143.75,500,,,,,,,,,,,,,143.97,100,143.98,900,143.99,200,144.0,600,144.01,1300,144.02,200,144.05,900,144.06,600,144.07,200,144.13,500
2026-01-16 09:31:16,143.89,143.92,1,143.81,500,143.97,300,143.97,143.81,143.81,500,143.78,500,143.77,500,143.76,300,143.75,500,,,,,,,,,,,143.97,300,143.98,900,143.99,200,144.0,600,144.01,1300,144.02,200,144.05,900,144.06,600,144.07,200,144.13,500
2026-01-16 09:31:17,143.9,143.91,1,143.83,100,143.97,300,143.97,143.83,143.83,100,143.82,400,143.81,500,143.78,500,143.77,500,143.76,300,143.75,500,,,,,,,143.97,300,143.98,900,143.99,200,144.0,600,144.01,1300,144.02,200,144.05,900,144.06,600,144.07,200,144.13,500
2026-01-16 09:31:18,143.93,143.93,3,143.84,500,144.02,400,144.02,143.84,143.84,500,143.83,100,143.81,200,143.78,500,143.77,500,143.76,300,143.75,500,,,,,,,144.02,400,144.05,900,144.06,600,144.07,200,144.13,500,144.14,400,144.15,900,144.16,600,144.21,500,144.22,700
2026-01-16 09:31:19,143.93,143.93,3,143.84,500,144.02,400,144.02,143.84,143.84,500,143.83,100,143.81,200,143.78,500,143.77,500,143.76,300,143.75,500,,,,,,,144.02,400,144.05,900,144.06,600,144.07,200,144.13,500,144.14,400,144.15,900,144.16,600,144.21,500,144.22,700
2026-01-16 09:31:20,143.93,143.93,5,143.84,500,144.02,600,144.02,143.84,143.84,500,143.83,100,143.81,200,143.78,500,143.77,500,143.76,300,143.75,500,,,,,,,144.02,600,144.05,900,144.06,600,144.07,200,144.13,500,144.14,400,144.15,900,144.16,600,144.21,500,144.22,700
2026-01-16 09:31:21,143.93,143.93,5,143.84,500,144.02,600,144.02,143.84,143.84,500,143.83,100,143.81,200,143.78,500,143.77,500,143.76,300,143.75,500,,,,,,,144.02,600,144.05,900,144.06,600,144.07,200,144.13,500,144.14,400,144.15,900,144.16,600,144.21,500,144.22,700
2026-01-16 09:31:22,143.93,143.93,5,143.84,500,144.02,600,144.02,143.84,143.84,500,143.83,100,143.81,200,143.78,500,143.77,500,143.76,300,143.75,500,,,,,,,144.02,600,144.05,900,144.06,600,144.07,200,144.13,500,144.14,400,144.15,900,144.16,600,144.21,500,144.22,700
2026-01-16 09:31:23,143.925,143.93,5,143.83,200,144.02,600,144.02,143.83,143.83,200,143.81,200,143.78,500,143.77,500,143.76,300,143.75,500,,,,,,,,,144.02,600,144.05,900,144.06,600,144.07,200,144.13,500,144.14,400,144.15,900,144.16,600,144.21,500,144.22,700
2026-01-16 09:31:24,143.92,143.93,5,143.83,200,144.01,600,144.01,143.83,143.83,200,143.81,200,143.78,500,143.77,500,143.76,300,143.75,500,,,,,,,,,144.01,600,144.02,500,144.05,900,144.06,600,144.07,200,144.13,500,144.14,400,144.15,900,144.16,600,144.21,500
2026-01-16 09:31:25,143.92,143.93,5,143.83,200,144.01,100,144.01,143.83,143.83,200,143.81,200,143.78,500,143.77,500,143.76,300,143.75,500,,,,,,,,,144.01,100,144.02,500,144.05,900,144.06,600,144.07,200,144.13,500,144.14,400,144.15,900,144.16,600,144.21,500
2026-01-16 09:31:26,143.92,143.93,5,143.83,200,144.01,100,144.01,143.83,143.83,200,143.81,200,143.78,500,143.77,500,143.76,300,143.75,500,,,,,,,,,144.01,100,144.02,500,144.05,900,144.06,600,144.07,200,144.13,500,144.14,400,144.15,900,144.16,600,144.21,500
2026-01-16 09:31:27,143.92,143.92,8,143.83,200,144.01,100,144.01,143.83,143.83,200,143.81,200,143.78,500,143.77,500,143.76,300,143.75,500,,,,,,,,,144.01,100,144.02,500,144.05,900,144.06,600,144.07,200,144.13,500,144.14,400,144.15,900,144.16,600,144.21,500
2026-01-16 09:31:28,143.92,143.92,8,143.83,200,144.01,300,144.01,143.83,143.83,200,143.81,200,143.78,500,143.77,500,143.76,300,143.75,500,,,,,,,,,144.01,300,144.02,500,144.05,900,144.06,600,144.07,200,144.13,500,144.14,400,144.15,900,144.16,600,144.21,500
2026-01-16 09:31:29,143.92,143.92,8,143.83,200,144.01,300,144.01,143.83,143.83,200,143.81,200,143.78,500,143.77,500,143.76,300,143.75,500,,,,,,,,,144.01,300,144.02,500,144.05,900,144.06,600,144.07,200,144.13,500,144.14,400,144.15,900,144.16,600,144.21,500
2026-01-16 09:31:30,143.925,143.92,8,143.84,400,144.01,300,144.01,143.84,143.84,400,143.83,300,143.81,200,143.78,500,143.77,500,143.76,300,143.75,500,,,,,,,144.01,300,144.02,500,144.05,900,144.06,600,144.07,200,144.13,500,144.14,400,144.15,900,144.16,600,144.21,500
2026-01-16 09:31:31,143.925,143.92,8,143.84,400,144.01,300,144.01,143.84,143.84,400,143.83,300,143.81,200,143.78,500,143.77,500,143.76,300,143.75,500,,,,,,,144.01,300,144.02,500,144.05,900,144.06,600,144.07,200,144.13,500,144.14,400,144.15,900,144.16,600,144.21,500
2026-01-16 09:31:32,143.925,143.92,8,143.84,500,144.01,200,144.01,143.84,143.84,500,143.83,300,143.81,200,143.78,500,143.77,500,143.76,300,143.75,500,,,,,,,144.01,200,144.02,500,144.05,900,144.06,600,144.07,200,144.13,500,144.14,400,144.15,900,144.16,600,144.21,500
2026-01-16 09:31:33,143.92,143.92,8,143.83,200,144.01,700,144.01,143.83,143.83,200,143.81,200,143.78,500,143.77,500,143.76,300,143.75,500,,,,,,,,,144.01,700,144.02,500,144.05,900,144.06,600,144.07,200,144.13,500,144.14,400,144.15,900,144.16,600,144.21,500
2026-01-16 09:31:34,143.92,143.92,8,143.83,200,144.01,700,144.01,143.83,143.83,200,143.81,200,143.78,500,143.77,500,143.76,300,143.75,500,,,,,,,,,144.01,700,144.02,500,144.05,900,144.06,600,144.07,200,144.13,500,144.14,400,144.15,900,144.16,600,144.21,500
2026-01-16 09:31:35,144.005,144.02,1,143.95,500,144.06,1000,144.06,143.95,143.95,500,143.93,100,143.92,100,143.91,100,143.9,100,143.89,100,143.88,100,143.86,100,143.84,400,143.83,200,144.06,1000,144.07,200,144.13,500,144.14,400,144.15,900,144.16,600,144.21,500,144.22,700,144.23,900,144.24,400
2026-01-16 09:31:36,143.99,143.99,1,143.93,200,144.05,600,144.05,143.93,143.93,200,143.92,100,143.91,100,143.9,100,143.89,100,143.88,100,143.86,100,143.84,400,143.83,200,143.81,200,144.05,600,144.06,1000,144.07,200,144.13,500,144.14,400,144.15,900,144.16,600,144.21,500,144.22,700,144.23,900
2026-01-16 09:31:37,143.99,143.95,1,143.93,200,144.05,600,144.05,143.93,143.93,200,143.92,100,143.91,100,143.9,100,143.89,100,143.88,100,143.86,100,143.84,400,143.83,200,143.81,200,144.05,600,144.06,1000,144.07,200,144.13,500,144.14,400,144.15,900,144.16,600,144.21,500,144.22,700,144.23,900
2026-01-16 09:31:38,143.99,143.95,1,143.93,200,144.05,600,144.05,143.93,143.93,200,143.92,100,143.91,100,143.9,100,143.89,100,143.88,100,143.86,100,143.84,400,143.83,200,143.81,200,144.05,600,144.06,1000,144.07,200,144.13,500,144.14,400,144.15,900,144.16,600,144.21,500,144.22,700,144.23,900
2026-01-16 09:31:39,143.99,143.95,1,143.93,200,144.05,600,144.05,143.93,143.93,200,143.92,100,143.91,100,143.9,100,143.89,100,143.88,100,143.86,100,143.84,400,143.83,200,143.81,200,144.05,600,144.06,1000,144.07,200,144.13,500,144.14,400,144.15,900,144.16,600,144.21,500,144.22,700,144.23,900
2026-01-16 09:31:40,143.99,143.95,1,143.93,200,144.05,600,144.05,143.93,143.93,200,143.92,100,143.91,100,143.9,100,143.89,100,143.88,100,143.86,100,143.84,400,143.83,200,143.81,200,144.05,600,144.06,1000,144.07,200,144.13,500,144.14,400,144.15,900,144.16,600,144.21,500,144.22,700,144.23,900
2026-01-16 09:31:41,143.99,143.99,1,143.93,200,144.05,600,144.05,143.93,143.93,200,143.92,100,143.91,100,143.9,100,143.89,100,143.88,100,143.86,100,143.84,400,143.83,200,143.81,200,144.05,600,144.06,1000,144.07,200,144.13,500,144.14,400,144.15,900,144.16,600,144.21,500,144.22,700,144.23,900
2026-01-16 09:31:42,143.99,143.99,1,143.93,200,144.05,600,144.05,143.93,143.93,200,143.92,100,143.91,100,143.9,100,143.89,100,143.88,100,143.86,100,143.84,400,143.83,200,143.81,200,144.05,600,144.06,1000,144.07,200,144.13,500,144.14,400,144.15,900,144.16,600,144.21,500,144.22,700,144.23,900
2026-01-16 09:31:43,143.99,143.99,1,143.93,300,144.05,600,144.05,143.93,143.93,300,143.92,100,143.91,100,143.9,100,143.89,100,143.88,100,143.86,100,143.84,400,143.83,200,143.81,200,144.05,600,144.06,1000,144.07,200,144.13,500,144.14,400,144.15,900,144.16,600,144.21,500,144.22,700,144.23,900
2026-01-16 09:31:44,143.99,143.99,1,143.93,300,144.05,600,144.05,143.93,143.93,300,143.92,100,143.91,100,143.9,100,143.89,100,143.88,100,143.86,100,143.84,400,143.83,200,143.81,200,144.05,600,144.06,1000,144.07,200,144.13,500,144.14,400,144.15,900,144.16,600,144.21,500,144.22,700,144.23,900
2026-01-16 09:31:45,143.99,144.03,1,143.93,300,144.05,600,144.05,143.93,143.93,300,143.92,100,143.91,100,143.9,100,143.89,100,143.88,100,143.86,100,143.84,400,143.83,200,143.81,200,144.05,600,144.06,1000,144.07,200,144.13,500,144.14,400,144.15,900,144.16,600,144.21,500,144.22,700,144.23,900
2026-01-16 09:31:46,143.99,144.03,1,143.93,300,144.05,600,144.05,143.93,143.93,300,143.92,100,143.91,100,143.9,100,143.89,100,143.88,100,143.86,100,143.84,400,143.83,200,143.81,200,144.05,600,144.06,1000,144.07,200,144.13,500,144.14,400,144.15,900,144.16,600,144.21,500,144.22,700,144.23,900
2026-01-16 09:31:47,143.99,143.99,1,143.93,300,144.05,600,144.05,143.93,143.93,300,143.92,100,143.91,100,143.9,100,143.89,100,143.88,100,143.86,100,143.84,400,143.83,200,143.81,200,144.05,600,144.06,1000,144.07,200,144.13,500,144.14,400,144.15,900,144.16,600,144.21,500,144.22,700,144.23,900
2026-01-16 09:31:48,143.99,144.04,1,143.93,300,144.05,600,144.05,143.93,143.93,300,143.92,100,143.91,100,143.9,100,143.89,100,143.88,100,143.86,100,143.84,400,143.83,200,143.81,200,144.05,600,144.06,1000,144.07,200,144.13,500,144.14,400,144.15,900,144.16,600,144.21,500,144.22,700,144.23,900
2026-01-16 09:31:49,143.99,144.04,1,143.93,200,144.05,600,144.05,143.93,143.93,200,143.92,100,143.91,100,143.9,100,143.89,100,143.88,100,143.86,100,143.84,400,143.83,200,143.81,200,144.05,600,144.06,1000,144.07,200,144.13,500,144.14,400,144.15,900,144.16,600,144.21,500,144.22,700,144.23,900
2026-01-16 09:31:50,143.99,143.99,1,143.93,200,144.05,200,144.05,143.93,143.93,200,143.92,100,143.91,100,143.9,100,143.89,100,143.88,100,143.86,100,143.84,400,143.83,200,143.81,200,144.05,200,144.07,300,144.13,500,144.14,400,144.15,900,144.16,600,144.21,500,144.22,700,144.23,900,144.24,400
2026-01-16 09:31:51,143.99,143.98,1,143.93,200,144.05,200,144.05,143.93,143.93,200,143.92,100,143.91,100,143.9,100,143.89,100,143.88,100,143.86,100,143.84,400,143.83,200,143.81,200,144.05,200,144.07,300,144.13,500,144.14,400,144.15,900,144.16,600,144.21,500,144.22,700,144.23,900,144.24,400
2026-01-16 09:31:52,143.99,143.99,1,143.93,200,144.05,100,144.05,143.93,143.93,200,143.92,100,143.91,100,143.9,100,143.89,100,143.88,100,143.86,100,143.84,400,143.83,200,143.81,200,144.05,100,144.07,300,144.13,500,144.14,400,144.15,900,144.16,600,144.21,500,144.22,700,144.23,900,144.24,400
2026-01-16 09:31:53,143.99,144.04,1,143.93,300,144.05,100,144.05,143.93,143.93,300,143.92,100,143.91,100,143.9,100,143.89,100,143.88,100,143.86,100,143.84,400,143.83,200,143.81,200,144.05,100,144.07,300,144.13,500,144.14,400,144.15,900,144.16,600,144.21,500,144.22,700,144.23,900,144.24,400
2026-01-16 09:31:54,143.99,144.04,1,143.93,300,144.05,100,144.05,143.93,143.93,300,143.92,100,143.91,100,143.9,100,143.89,100,143.88,100,143.86,100,143.84,400,143.83,200,143.81,200,144.05,100,144.07,300,144.13,500,144.14,400,144.15,900,144.16,600,144.21,500,144.22,700,144.23,900,144.24,400
2026-01-16 09:31:55,143.99,144.04,1,143.93,300,144.05,100,144.05,143.93,143.93,300,143.92,100,143.91,100,143.9,100,143.89,100,143.88,100,143.86,100,143.84,400,143.83,200,143.81,200,144.05,100,144.07,300,144.13,500,144.14,400,144.15,900,144.16,600,144.21,500,144.22,700,144.23,900,144.24,400
2026-01-16 09:31:56,143.99,144.04,1,143.93,200,144.05,100,144.05,143.93,143.93,200,143.92,100,143.91,100,143.9,100,143.89,100,143.88,100,143.86,100,143.84,400,143.83,200,143.81,200,144.05,100,144.07,300,144.13,500,144.14,400,144.15,900,144.16,600,144.21,500,144.22,700,144.23,900,144.24,400
2026-01-16 09:31:57,143.99,144.04,1,143.93,200,144.05,100,144.05,143.93,143.93,200,143.92,100,143.91,100,143.9,100,143.89,100,143.88,100,143.86,100,143.84,400,143.83,200,143.81,200,144.05,100,144.07,300,144.13,500,144.14,400,144.15,900,144.16,600,144.21,500,144.22,700,144.23,900,144.24,400
2026-01-16 09:31:58,143.995,144.04,1,143.94,100,144.05,200,144.05,143.94,143.94,100,143.93,200,143.92,100,143.91,100,143.9,100,143.89,100,143.88,100,143.86,100,143.84,400,143.83,200,144.05,200,144.07,300,144.13,500,144.14,400,144.15,900,144.16,600,144.21,500,144.22,700,144.23,900,144.24,400
2026-01-16 09:31:59,143.995,144.0,4,143.94,100,144.05,200,144.05,143.94,143.94,100,143.93,200,143.92,100,143.91,100,143.9,100,143.89,100,143.88,100,143.86,100,143.84,400,143.83,200,144.05,200,144.07,300,144.13,500,144.14,400,144.15,900,144.16,600,144.21,500,144.22,700,144.23,900,144.24,400
2026-01-16 09:32:00,144.025,144.04,6,143.95,300,144.1,600,144.1,143.95,143.95,300,143.94,300,143.93,200,143.92,100,143.91,100,143.9,100,143.89,100,143.88,100,143.86,100,143.84,400,144.1,600,144.13,500,144.14,400,144.15,900,144.16,600,144.21,500,144.22,700,144.23,900,144.24,400,144.25,800
2026-01-16 09:32:01,144.025,144.03,6,143.95,200,144.1,600,144.1,143.95,143.95,200,143.94,300,143.93,200,143.92,100,143.91,100,143.9,100,143.89,100,143.88,100,143.86,100,143.84,400,144.1,600,144.13,500,144.14,400,144.15,900,144.16,600,144.21,500,144.22,700,144.23,900,144.24,400,144.25,800
2026-01-16 09:32:02,144.025,144.03,1,143.95,200,144.1,600,144.1,143.95,143.95,200,143.94,300,143.93,200,143.92,100,143.91,100,143.9,100,143.89,100,143.88,100,143.86,100,143.84,400,144.1,600,144.13,500,144.14,400,144.15,900,144.16,600,144.21,500,144.22,700,144.23,900,144.24,400,144.25,800
2026-01-16 09:32:03,144.025,144.03,1,143.95,200,144.1,600,144.1,143.95,143.95,200,143.94,300,143.93,200,143.92,100,143.91,100,143.9,100,143.89,100,143.88,100,143.86,100,143.84,400,144.1,600,144.13,500,144.14,400,144.15,900,144.16,600,144.21,500,144.22,700,144.23,900,144.24,400,144.25,800
2026-01-16 09:32:04,144.005,144.03,1,143.95,300,144.06,100,144.06,143.95,143.95,300,143.94,300,143.93,200,143.92,100,143.91,100,143.9,100,143.89,100,143.88,100,143.86,100,143.84,400,144.06,100,144.1,600,144.13,500,144.14,400,144.15,900,144.16,600,144.21,500,144.22,700,144.23,900,144.24,400
2026-01-16 09:32:05,144.005,144.04,1,143.95,300,144.06,200,144.06,143.95,143.95,300,143.94,300,143.93,200,143.92,100,143.91,100,143.9,100,143.89,100,143.88,100,143.86,100,143.84,400,144.06,200,144.1,600,144.13,500,144.14,400,144.15,900,144.16,600,144.21,500,144.22,700,144.23,900,144.24,400
2026-01-16 09:32:06,144.005,144.01,1,143.95,300,144.06,200,144.06,143.95,143.95,300,143.94,300,143.93,200,143.92,100,143.91,100,143.9,100,143.89,100,143.88,100,143.86,100,143.84,400,144.06,200,144.1,600,144.13,500,144.14,400,144.15,900,144.16,600,144.21,500,144.22,700,144.23,900,144.24,400
2026-01-16 09:32:07,144.005,144.01,1,143.95,300,144.06,200,144.06,143.95,143.95,300,143.94,300,143.93,200,143.92,100,143.91,100,143.9,100,143.89,100,143.88,100,143.86,100,143.84,400,144.06,200,144.1,600,144.13,500,144.14,400,144.15,900,144.16,600,144.21,500,144.22,700,144.23,900,144.24,400
2026-01-16 09:32:08,144.005,144.01,1,143.95,300,144.06,200,144.06,143.95,143.95,300,143.94,300,143.93,200,143.92,100,143.91,100,143.9,100,143.89,100,143.88,100,143.86,100,143.84,400,144.06,200,144.1,600,144.13,500,144.14,400,144.15,900,144.16,600,144.21,500,144.22,700,144.23,900,144.24,400
2026-01-16 09:32:09,144.005,144.01,1,143.95,500,144.06,200,144.06,143.95,143.95,500,143.94,300,143.93,200,143.92,100,143.91,100,143.9,100,143.89,100,143.88,100,143.86,100,143.84,400,144.06,200,144.1,600,144.13,500,144.14,400,144.15,900,144.16,600,144.21,500,144.22,700,144.23,900,144.24,400
2026-01-16 09:32:10,144.005,144.01,1,143.95,500,144.06,200,144.06,143.95,143.95,500,143.94,300,143.93,200,143.92,100,143.91,100,143.9,100,143.89,100,143.88,100,143.86,100,143.84,400,144.06,200,144.1,600,144.13,500,144.14,400,144.15,900,144.16,600,144.21,500,144.22,700,144.23,900,144.24,400
2026-01-16 09:32:11,144.005,143.99,1,143.95,500,144.06,200,144.06,143.95,143.95,500,143.94,300,143.93,200,143.92,100,143.91,100,143.9,100,143.89,100,143.88,100,143.86,100,143.84,400,144.06,200,144.1,600,144.13,500,144.14,400,144.15,900,144.16,600,144.21,500,144.22,700,144.23,900,144.24,400
2026-01-16 09:32:12,144.005,143.99,1,143.95,500,144.06,200,144.06,143.95,143.95,500,143.94,300,143.93,200,143.92,100,143.91,100,143.9,100,143.89,100,143.88,100,143.86,100,143.84,400,144.06,200,144.1,600,144.13,500,144.14,400,144.15,900,144.16,600,144.21,500,144.22,700,144.23,900,144.24,400
2026-01-16 09:32:13,144.005,143.99,1,143.95,600,144.06,200,144.06,143.95,143.95,600,143.94,300,143.93,200,143.92,100,143.91,100,143.9,100,143.89,100,143.88,100,143.86,100,143.84,400,144.06,200,144.1,600,144.13,500,144.14,400,144.15,900,144.16,600,144.21,500,144.22,700,144.23,900,144.24,400
2026-01-16 09:32:14,144.005,144.06,5,143.95,600,144.06,200,144.06,143.95,143.95,600,143.94,300,143.93,200,143.92,100,143.91,100,143.9,100,143.89,100,143.88,100,143.86,100,143.84,400,144.06,200,144.1,600,144.13,500,144.14,400,144.15,900,144.16,600,144.21,500,144.22,700,144.23,900,144.24,400
2026-01-16 09:32:15,144.005,144.06,5,143.95,600,144.06,200,144.06,143.95,143.95,600,143.94,300,143.93,200,143.92,100,143.91,100,143.9,100,143.89,100,143.88,100,143.86,100,143.84,400,144.06,200,144.1,600,144.13,500,144.14,400,144.15,900,144.16,600,144.21,500,144.22,700,144.23,900,144.24,400
2026-01-16 09:32:16,144.005,144.01,1,143.95,600,144.06,200,144.06,143.95,143.95,600,143.94,300,143.93,200,143.92,100,143.91,100,143.9,100,143.89,100,143.88,100,143.86,100,143.84,400,144.06,200,144.1,600,144.13,500,144.14,400,144.15,900,144.16,600,144.21,500,144.22,700,144.23,900,144.24,400
2026-01-16 09:32:17,144.05,144.04,2,144.0,100,144.1,600,144.1,144.0,144.0,100,143.97,400,143.95,600,143.94,300,143.93,200,143.92,100,143.91,100,143.9,100,143.89,100,143.88,100,144.1,600,144.13,500,144.14,400,144.15,900,144.16,600,144.21,500,144.22,700,144.23,900,144.24,400,144.25,800
2026-01-16 09:32:18,144.05,144.08,1,144.0,100,144.1,600,144.1,144.0,144.0,100,143.96,300,143.95,600,143.94,300,143.93,200,143.92,100,143.91,100,143.9,100,143.89,100,143.88,100,144.1,600,144.13,500,144.14,400,144.15,900,144.16,600,144.21,500,144.22,700,144.23,900,144.24,400,144.25,800
2026-01-16 09:32:19,144.05,144.05,5,144.0,300,144.1,600,144.1,144.0,144.0,300,143.96,300,143.95,600,143.94,300,143.93,200,143.92,100,143.91,100,143.9,100,143.89,100,143.88,100,144.1,600,144.13,500,144.14,400,144.15,900,144.16,600,144.21,500,144.22,700,144.23,900,144.24,400,144.25,800
2026-01-16 09:32:20,144.05,144.05,5,144.0,300,144.1,600,144.1,144.0,144.0,300,143.96,300,143.95,600,143.94,300,143.93,200,143.92,100,143.91,100,143.9,100,143.89,100,143.88,100,144.1,600,144.13,500,144.14,400,144.15,900,144.16,600,144.21,500,144.22,700,144.23,900,144.24,400,144.25,800
2026-01-16 09:32:21,144.05,144.05,5,144.0,300,144.1,600,144.1,144.0,144.0,300,143.96,300,143.95,600,143.94,300,143.93,200,143.92,100,143.91,100,143.9,100,143.89,100,143.88,100,144.1,600,144.13,500,144.14,400,144.15,900,144.16,600,144.21,500,144.22,700,144.23,900,144.24,400,144.25,800
2026-01-16 09:32:22,144.05,144.05,1,144.0,300,144.1,600,144.1,144.0,144.0,300,143.96,300,143.95,600,143.94,300,143.93,200,143.92,100,143.91,100,143.9,100,143.89,100,143.88,100,144.1,600,144.13,500,144.14,400,144.15,900,144.16,600,144.21,500,144.22,700,144.23,900,144.24,400,144.25,800
2026-01-16 09:32:24,144.05,144.05,1,144.0,300,144.1,800,144.1,144.0,144.0,300,143.96,300,143.95,600,143.94,300,143.93,200,143.92,100,143.91,100,143.9,100,143.89,100,143.88,100,144.1,800,144.13,500,144.14,400,144.15,900,144.16,600,144.21,500,144.22,700,144.23,900,144.24,400,144.25,800
2026-01-16 09:32:25,144.05,144.05,1,144.0,300,144.1,800,144.1,144.0,144.0,300,143.96,300,143.95,600,143.94,300,143.93,200,143.92,100,143.91,100,143.9,100,143.89,100,143.88,100,144.1,800,144.13,500,144.14,400,144.15,900,144.16,600,144.21,500,144.22,700,144.23,900,144.24,400,144.25,800
2026-01-16 09:32:26,144.025,144.0,2,144.0,900,144.05,200,144.05,144.0,144.0,900,143.96,300,143.95,600,143.94,300,143.93,200,143.92,100,143.91,100,143.9,100,143.89,100,143.88,100,144.05,200,144.1,800,144.13,500,144.14,400,144.15,900,144.16,600,144.21,500,144.22,700,144.23,900,144.24,400
2026-01-16 09:32:26,144.075,144.06,1,144.05,500,144.1,800,144.1,144.05,144.05,500,144.04,500,144.02,100,144.01,200,144.0,900,143.96,300,143.95,600,143.94,300,143.93,200,143.92,100,144.1,800,144.13,500,144.14,400,144.15,900,144.16,600,144.21,500,144.22,700,144.23,900,144.24,400,144.25,800
2026-01-16 09:32:28,144.075,144.07,1,144.05,200,144.1,800,144.1,144.05,144.05,200,144.04,500,144.02,100,144.01,200,144.0,900,143.96,300,143.95,600,143.94,300,143.93,200,143.92,100,144.1,800,144.13,500,144.14,400,144.15,900,144.16,600,144.21,500,144.22,700,144.23,900,144.24,400,144.25,800
2026-01-16 09:32:29,144.125,144.1,1,144.05,500,144.2,200,144.2,144.05,144.05,500,144.04,500,144.02,100,144.01,200,144.0,900,143.96,300,143.95,600,143.94,300,143.93,200,143.92,100,144.2,200,144.21,500,144.22,700,144.23,900,144.24,400,144.25,800,144.26,100,144.29,100,144.3,500,,
2026-01-16 09:32:30,144.12,144.1,1,144.05,600,144.19,600,144.19,144.05,144.05,600,144.04,500,144.02,100,144.01,200,144.0,900,143.96,300,143.95,600,143.94,300,143.93,200,143.92,100,144.19,600,144.2,200,144.21,500,144.22,700,144.23,900,144.24,400,144.25,800,144.26,100,144.29,100,144.3,500
2026-01-16 09:32:31,144.12,144.12,1,144.05,700,144.19,700,144.19,144.05,144.05,700,144.04,500,144.02,100,144.01,200,144.0,900,143.96,300,143.95,600,143.94,300,143.93,200,143.92,100,144.19,700,144.2,200,144.21,500,144.22,700,144.23,900,144.24,400,144.25,800,144.26,100,144.29,100,144.3,500
2026-01-16 09:32:31,144.12,144.12,1,144.05,700,144.19,700,144.19,144.05,144.05,700,144.04,500,144.02,100,144.01,200,144.0,900,143.96,300,143.95,600,143.94,300,143.93,200,143.92,100,144.19,700,144.2,200,144.21,500,144.22,700,144.23,900,144.24,400,144.25,800,144.26,100,144.29,100,144.3,500
2026-01-16 09:32:33,144.12,144.12,1,144.05,700,144.19,700,144.19,144.05,144.05,700,144.04,500,144.02,100,144.01,200,144.0,900,143.96,300,143.95,600,143.94,300,143.93,200,143.92,100,144.19,700,144.2,200,144.21,500,144.22,700,144.23,900,144.24,400,144.25,800,144.26,100,144.29,100,144.3,500
2026-01-16 09:32:33,144.12,144.12,1,144.05,1000,144.19,700,144.19,144.05,144.05,1000,144.04,500,144.02,100,144.01,200,144.0,900,143.96,300,143.95,600,143.94,300,143.93,200,143.92,100,144.19,700,144.2,200,144.21,500,144.22,700,144.23,900,144.24,400,144.25,800,144.26,100,144.29,100,144.3,500
2026-01-16 09:32:35,144.16,144.18,3,144.1,200,144.22,200,144.22,144.1,144.1,200,144.09,100,144.08,100,144.07,100,144.06,600,144.05,1000,144.04,500,144.02,100,144.01,200,144.0,900,144.22,200,144.25,800,144.26,100,144.29,100,144.3,500,,,,,,,,,,
2026-01-16 09:32:36,144.21,144.18,1,144.17,100,144.25,700,144.25,144.17,144.17,100,144.15,100,144.13,200,144.1,200,144.09,100,144.08,100,144.07,100,144.06,600,144.05,1000,144.04,500,144.25,700,144.26,100,144.29,100,144.3,500,,,,,,,,,,,,
2026-01-16 09:32:36,144.275,144.31,3,144.21,600,144.34,200,144.34,144.21,144.21,600,144.17,700,144.15,100,144.13,200,144.1,200,144.09,100,144.08,100,144.07,100,144.06,600,144.05,1000,144.34,200,144.38,300,144.39,100,,,,,,,,,,,,,,
2026-01-16 09:32:37,144.255,144.21,1,144.17,600,144.34,200,144.34,144.17,144.17,600,144.15,100,144.13,200,144.1,200,144.09,100,144.08,100,144.07,100,144.06,600,144.05,1000,144.04,500,144.34,200,144.38,300,144.39,100,,,,,,,,,,,,,,
2026-01-16 09:32:39,144.255,144.26,1,144.17,600,144.34,200,144.34,144.17,144.17,600,144.15,100,144.13,200,144.1,200,144.09,100,144.08,100,144.07,100,144.06,600,144.05,1000,144.04,500,144.34,200,144.38,300,144.39,100,,,,,,,,,,,,,,
2026-01-16 09:32:40,144.255,144.28,1,144.17,800,144.34,200,144.34,144.17,144.17,800,144.15,100,144.13,200,144.1,200,144.09,100,144.08,100,144.07,100,144.06,600,144.05,1000,144.04,500,144.34,200,144.38,300,144.39,100,,,,,,,,,,,,,,
2026-01-16 09:32:41,144.255,144.28,1,144.17,900,144.34,200,144.34,144.17,144.17,900,144.15,100,144.13,200,144.1,200,144.09,100,144.08,100,144.07,100,144.06,600,144.05,1000,144.04,500,144.34,200,144.38,300,144.39,100,,,,,,,,,,,,,,
2026-01-16 09:32:42,144.26,144.26,2,144.18,400,144.34,200,144.34,144.18,144.18,400,144.17,800,144.15,100,144.13,200,144.1,200,144.09,100,144.08,100,144.07,100,144.06,600,144.05,1000,144.34,200,144.38,300,144.39,100,,,,,,,,,,,,,,
2026-01-16 09:32:43,144.26,144.26,2,144.18,500,144.34,200,144.34,144.18,144.18,500,144.17,800,144.15,100,144.13,200,144.1,200,144.09,100,144.08,100,144.07,100,144.06,600,144.05,1000,144.34,200,144.38,300,144.39,100,,,,,,,,,,,,,,
2026-01-16 09:32:44,144.34,144.34,1,144.27,100,144.41,100,144.41,144.27,144.27,100,144.22,100,144.21,100,144.18,500,144.17,800,144.15,100,144.13,200,144.1,200,144.09,100,144.08,100,144.41,100,144.42,300,,,,,,,,,,,,,,,,
2026-01-16 09:32:45,144.375,144.34,1,144.34,400,144.41,100,144.41,144.34,144.34,400,144.27,100,144.22,100,144.21,100,144.18,500,144.17,800,144.15,100,144.13,200,144.1,200,144.09,100,144.41,100,144.42,300,,,,,,,,,,,,,,,,
2026-01-16 09:32:46,144.39,144.38,2,144.37,100,144.41,100,144.41,144.37,144.37,100,144.35,100,144.34,500,144.27,100,144.22,100,144.21,100,144.18,500,144.17,800,144.15,100,144.13,200,144.41,100,144.42,300,,,,,,,,,,,,,,,,
2026-01-16 09:32:47,144.395,144.4,1,144.36,200,144.43,300,144.43,144.36,144.36,200,144.34,500,144.27,100,144.22,100,144.21,100,144.18,500,144.17,800,144.15,100,144.13,200,144.1,200,144.43,300,144.44,400,,,,,,,,,,,,,,,,
2026-01-16 09:32:48,144.395,144.4,1,144.36,300,144.43,300,144.43,144.36,144.36,300,144.34,500,144.27,100,144.22,100,144.21,100,144.18,500,144.17,800,144.15,100,144.13,200,144.1,200,144.43,300,144.44,400,,,,,,,,,,,,,,,,
2026-01-16 09:32:48,144.395,144.4,1,144.36,300,144.43,300,144.43,144.36,144.36,300,144.34,500,144.27,100,144.22,100,144.21,100,144.18,500,144.17,800,144.15,100,144.13,200,144.1,200,144.43,300,144.44,400,,,,,,,,,,,,,,,,
2026-01-16 09:32:50,144.4,144.42,1,144.37,100,144.43,300,144.43,144.37,144.37,100,144.36,600,144.34,500,144.27,100,144.22,100,144.21,100,144.18,500,144.17,800,144.15,100,144.13,200,144.43,300,144.44,400,,,,,,,,,,,,,,,,
2026-01-16 09:32:51,144.4,144.4,1,144.37,100,144.43,300,144.43,144.37,144.37,100,144.36,600,144.34,500,144.27,100,144.22,100,144.21,100,144.18,500,144.17,800,144.15,100,144.13,200,144.43,300,144.44,400,,,,,,,,,,,,,,,,
2026-01-16 09:32:52,144.43,144.45,1,144.37,600,144.49,400,144.49,144.37,144.37,600,144.36,600,144.34,500,144.27,100,144.22,100,144.21,100,144.18,500,144.17,800,144.15,100,144.13,200,144.49,400,144.5,100,144.51,600,,,,,,,,,,,,,,
2026-01-16 09:32:52,144.36,144.32,1,144.3,100,144.42,600,144.42,144.3,144.3,100,144.29,600,144.27,100,144.22,100,144.21,100,144.18,500,144.17,800,144.15,100,144.13,200,144.1,200,144.42,600,144.43,500,144.44,600,144.45,100,144.46,100,144.47,200,144.49,100,144.5,100,144.51,600,,
2026-01-16 09:32:54,144.36,144.32,1,144.3,100,144.42,700,144.42,144.3,144.3,100,144.29,600,144.27,100,144.22,100,144.21,100,144.18,500,144.17,800,144.15,100,144.13,200,144.1,200,144.42,700,144.43,500,144.44,600,144.45,100,144.46,100,144.47,200,144.49,100,144.5,100,144.51,600,,
2026-01-16 09:32:55,144.36,144.32,1,144.3,100,144.42,700,144.42,144.3,144.3,100,144.29,600,144.27,100,144.22,100,144.21,100,144.18,500,144.17,800,144.15,100,144.13,200,144.1,200,144.42,700,144.43,500,144.44,600,144.45,100,144.46,100,144.47,200,144.49,100,144.5,100,144.51,600,,
2026-01-16 09:32:56,144.295,144.29,1,144.22,900,144.37,200,144.37,144.22,144.22,900,144.21,100,144.18,500,144.17,800,144.15,100,144.13,200,144.1,200,144.09,100,144.08,100,144.07,100,144.37,200,144.41,100,144.42,700,144.43,500,144.44,600,144.45,100,144.46,100,144.47,200,144.49,100,144.5,100
2026-01-16 09:32:57,144.295,144.29,1,144.22,900,144.37,200,144.37,144.22,144.22,900,144.21,100,144.18,500,144.17,800,144.15,100,144.13,200,144.1,200,144.09,100,144.08,100,144.07,100,144.37,200,144.41,100,144.42,700,144.43,500,144.44,600,144.45,100,144.46,100,144.47,200,144.49,100,144.5,100
2026-01-16 09:32:58,144.295,144.29,1,144.22,900,144.37,200,144.37,144.22,144.22,900,144.21,100,144.18,500,144.17,800,144.15,100,144.13,200,144.1,200,144.09,100,144.08,100,144.07,100,144.37,200,144.41,100,144.42,700,144.43,500,144.44,600,144.45,100,144.46,100,144.47,200,144.49,100,144.5,100
2026-01-16 09:32:59,144.44,144.42,2,144.37,100,144.51,500,144.51,144.37,144.37,100,144.34,500,144.33,100,144.32,200,144.3,100,144.22,700,144.21,100,144.18,500,144.17,800,144.15,100,144.51,500,,,,,,,,,,,,,,,,,,
2026-01-16 09:33:00,144.425,144.42,2,144.34,500,144.51,1100,144.51,144.34,144.34,500,144.33,100,144.32,200,144.3,100,144.22,700,144.21,100,144.18,500,144.17,800,144.15,100,144.13,200,144.51,1100,,,,,,,,,,,,,,,,,,
2026-01-16 09:33:01,144.425,144.42,2,144.34,500,144.51,1100,144.51,144.34,144.34,500,144.33,100,144.32,200,144.3,100,144.22,700,144.21,100,144.18,500,144.17,800,144.15,100,144.13,200,144.51,1100,,,,,,,,,,,,,,,,,,
2026-01-16 09:33:02,144.425,144.42,2,144.34,500,144.51,1100,144.51,144.34,144.34,500,144.33,100,144.32,200,144.3,100,144.22,700,144.21,100,144.18,500,144.17,800,144.15,100,144.13,200,144.51,1100,,,,,,,,,,,,,,,,,,
2026-01-16 09:33:03,144.405,144.41,1,144.3,100,144.51,1200,144.51,144.3,144.3,100,144.22,700,144.21,100,144.18,500,144.17,800,144.15,100,144.13,200,144.1,200,144.09,100,144.08,100,144.51,1200,,,,,,,,,,,,,,,,,,
2026-01-16 09:33:04,144.405,144.41,1,144.3,100,144.51,1200,144.51,144.3,144.3,100,144.22,700,144.21,100,144.18,500,144.17,800,144.15,100,144.13,200,144.1,200,144.09,100,144.08,100,144.51,1200,,,,,,,,,,,,,,,,,,
2026-01-16 09:33:05,144.405,144.41,4,144.3,100,144.51,1200,144.51,144.3,144.3,100,144.22,700,144.21,100,144.18,500,144.17,800,144.15,100,144.13,200,144.1,200,144.09,100,144.08,100,144.51,1200,,,,,,,,,,,,,,,,,,
2026-01-16 09:33:06,144.41,144.41,4,144.31,100,144.51,1200,144.51,144.31,144.31,100,144.3,100,144.22,700,144.21,100,144.18,500,144.17,800,144.15,100,144.13,200,144.1,200,144.09,100,144.51,1200,,,,,,,,,,,,,,,,,,
2026-01-16 09:33:07,144.41,144.41,4,144.31,600,144.51,1200,144.51,144.31,144.31,600,144.3,100,144.22,700,144.21,100,144.18,500,144.17,800,144.15,100,144.13,200,144.1,200,144.09,100,144.51,1200,,,,,,,,,,,,,,,,,,
2026-01-16 09:33:08,144.415,144.42,1,144.32,400,144.51,1000,144.51,144.32,144.32,400,144.31,600,144.3,100,144.22,700,144.21,100,144.18,500,144.17,800,144.15,100,144.13,200,144.1,200,144.51,1000,,,,,,,,,,,,,,,,,,
2026-01-16 09:33:09,144.415,144.42,1,144.32,700,144.51,1000,144.51,144.32,144.32,700,144.31,700,144.3,100,144.22,700,144.21,100,144.18,500,144.17,800,144.15,100,144.13,200,144.1,200,144.51,1000,,,,,,,,,,,,,,,,,,
2026-01-16 09:33:10,144.41,144.42,1,144.31,600,144.51,1000,144.51,144.31,144.31,600,144.3,100,144.22,700,144.21,100,144.18,500,144.17,800,144.15,100,144.13,200,144.1,200,144.09,100,144.51,1000,,,,,,,,,,,,,,,,,,
2026-01-16 09:33:11,144.425,144.42,1,144.34,400,144.51,1000,144.51,144.34,144.34,400,144.33,100,144.31,600,144.3,100,144.22,700,144.21,100,144.18,500,144.17,800,144.15,100,144.13,200,144.51,1000,,,,,,,,,,,,,,,,,,
2026-01-16 09:33:12,144.425,144.42,1,144.34,100,144.51,1000,144.51,144.34,144.34,100,144.33,100,144.31,600,144.3,100,144.22,700,144.21,100,144.18,500,144.17,800,144.15,100,144.13,200,144.51,1000,,,,,,,,,,,,,,,,,,
2026-01-16 09:33:13,144.425,144.43,1,144.34,100,144.51,1000,144.51,144.34,144.34,100,144.33,100,144.31,600,144.3,100,144.22,700,144.21,100,144.18,500,144.17,800,144.15,100,144.13,200,144.51,1000,,,,,,,,,,,,,,,,,,
2026-01-16 09:33:14,144.425,144.43,1,144.34,100,144.51,1000,144.51,144.34,144.34,100,144.33,100,144.31,600,144.3,100,144.22,700,144.21,100,144.18,500,144.17,800,144.15,100,144.13,200,144.51,1000,,,,,,,,,,,,,,,,,,
2026-01-16 09:33:15,144.425,144.43,1,144.34,100,144.51,1000,144.51,144.34,144.34,100,144.33,100,144.31,600,144.3,100,144.22,700,144.21,100,144.18,500,144.17,800,144.15,100,144.13,200,144.51,1000,,,,,,,,,,,,,,,,,,
2026-01-16 09:33:16,144.5,144.51,1,144.44,100,144.56,700,144.56,144.44,144.44,100,144.41,500,144.4,100,144.39,100,144.38,100,144.37,500,144.35,100,144.34,100,144.33,100,144.31,600,144.56,700,,,,,,,,,,,,,,,,,,
2026-01-16 09:33:17,144.5,144.56,1,144.44,100,144.56,700,144.56,144.44,144.44,100,144.41,500,144.4,100,144.39,100,144.38,100,144.37,500,144.35,100,144.34,100,144.33,100,144.31,600,144.56,700,,,,,,,,,,,,,,,,,,
2026-01-16 09:33:18,144.5,144.56,1,144.44,100,144.56,700,144.56,144.44,144.44,100,144.41,500,144.4,100,144.39,100,144.38,100,144.37,500,144.35,100,144.34,100,144.33,100,144.31,600,144.56,700,,,,,,,,,,,,,,,,,,
2026-01-16 09:33:19,144.5,144.56,1,144.44,100,144.56,700,144.56,144.44,144.44,100,144.41,500,144.4,100,144.39,100,144.38,100,144.37,500,144.35,100,144.34,100,144.33,100,144.31,600,144.56,700,,,,,,,,,,,,,,,,,,
2026-01-16 09:33:20,144.635,144.63,1,144.62,100,144.65,200,144.65,144.62,144.62,100,144.57,400,144.55,100,144.54,300,144.53,200,144.52,100,144.51,400,144.49,300,144.48,300,144.47,100,144.65,200,,,,,,,,,,,,,,,,,,
2026-01-16 09:33:21,144.64,144.6,2,144.52,100,144.76,500,144.76,144.52,144.52,100,144.51,100,144.5,100,144.49,300,144.48,300,144.47,100,144.44,200,144.41,500,144.4,100,144.39,100,144.76,500,,,,,,,,,,,,,,,,,,
2026-01-16 09:33:22,144.64,144.6,2,144.52,200,144.76,600,144.76,144.52,144.52,200,144.51,100,144.5,100,144.49,300,144.48,300,144.47,100,144.44,200,144.41,500,144.4,100,144.39,100,144.76,600,,,,,,,,,,,,,,,,,,
2026-01-16 09:33:23,144.64,144.64,3,144.52,500,144.76,600,144.76,144.52,144.52,500,144.51,100,144.5,100,144.49,300,144.48,300,144.47,100,144.44,200,144.41,500,144.4,100,144.39,100,144.76,600,,,,,,,,,,,,,,,,,,
2026-01-16 09:33:24,144.64,144.64,3,144.52,500,144.76,600,144.76,144.52,144.52,500,144.51,100,144.5,100,144.49,300,144.48,300,144.47,100,144.44,200,144.41,500,144.4,100,144.39,100,144.76,600,,,,,,,,,,,,,,,,,,
2026-01-16 09:33:25,144.665,144.64,3,144.57,100,144.76,400,144.76,144.57,144.57,100,144.56,500,144.52,500,144.51,100,144.5,100,144.49,300,144.48,300,144.47,100,144.44,200,144.41,500,144.76,400,,,,,,,,,,,,,,,,,,
2026-01-16 09:33:26,144.665,144.73,3,144.57,100,144.76,300,144.76,144.57,144.57,100,144.56,500,144.52,500,144.51,100,144.5,100,144.49,300,144.48,300,144.47,100,144.44,200,144.41,500,144.76,300,,,,,,,,,,,,,,,,,,
2026-01-16 09:33:27,144.665,144.73,3,144.57,100,144.76,300,144.76,144.57,144.57,100,144.56,500,144.52,500,144.51,100,144.5,100,144.49,300,144.48,300,144.47,100,144.44,200,144.41,500,144.76,300,,,,,,,,,,,,,,,,,,
2026-01-16 09:33:28,144.665,144.66,1,144.57,100,144.76,300,144.76,144.57,144.57,100,144.56,500,144.52,500,144.51,100,144.5,100,144.49,300,144.48,300,144.47,100,144.44,200,144.41,500,144.76,300,,,,,,,,,,,,,,,,,,
2026-01-16 09:33:29,144.665,144.66,1,144.57,100,144.76,300,144.76,144.57,144.57,100,144.56,500,144.52,500,144.51,100,144.5,100,144.49,300,144.48,300,144.47,100,144.44,200,144.41,500,144.76,300,,,,,,,,,,,,,,,,,,
2026-01-16 09:33:30,144.67,144.66,1,144.58,100,144.76,300,144.76,144.58,144.58,100,144.57,600,144.56,500,144.52,500,144.51,100,144.5,100,144.49,300,144.48,300,144.47,100,144.44,200,144.76,300,,,,,,,,,,,,,,,,,,
2026-01-16 09:33:31,144.67,144.66,1,144.58,500,144.76,300,144.76,144.58,144.58,500,144.57,600,144.56,500,144.52,500,144.51,100,144.5,100,144.49,300,144.48,300,144.47,100,144.44,200,144.76,300,,,,,,,,,,,,,,,,,,
2026-01-16 09:33:32,144.67,144.2,3,144.58,400,144.76,300,144.76,144.58,144.58,400,144.57,600,144.56,500,144.52,500,144.51,100,144.5,100,144.49,300,144.48,300,144.47,100,144.44,200,144.76,300,,,,,,,,,,,,,,,,,,
2026-01-16 09:33:33,144.675,144.67,1,144.59,400,144.76,300,144.76,144.59,144.59,400,144.58,500,144.57,600,144.56,500,144.52,500,144.51,100,144.5,100,144.49,300,144.48,300,144.47,100,144.76,300,,,,,,,,,,,,,,,,,,
2026-01-16 09:33:34,144.655,144.66,1,144.58,600,144.73,300,144.73,144.58,144.58,600,144.57,600,144.56,500,144.52,500,144.51,100,144.5,100,144.49,300,144.48,300,144.47,100,144.44,200,144.73,300,144.75,100,144.76,300,,,,,,,,,,,,,,
2026-01-16 09:33:35,144.66,144.66,1,144.59,300,144.73,300,144.73,144.59,144.59,300,144.58,600,144.57,600,144.56,500,144.52,500,144.51,100,144.5,100,144.49,300,144.48,300,144.47,100,144.73,300,144.75,100,144.76,300,,,,,,,,,,,,,,
2026-01-16 09:33:36,144.655,144.66,1,144.58,600,144.73,300,144.73,144.58,144.58,600,144.57,600,144.56,500,144.52,500,144.51,100,144.5,100,144.49,300,144.48,300,144.47,100,144.44,200,144.73,300,144.75,100,144.76,300,,,,,,,,,,,,,,
2026-01-16 09:33:37,144.655,144.66,1,144.58,600,144.73,300,144.73,144.58,144.58,600,144.57,600,144.56,500,144.52,500,144.51,100,144.5,100,144.49,300,144.48,300,144.47,100,144.44,200,144.73,300,144.75,100,144.76,300,,,,,,,,,,,,,,
2026-01-16 09:33:38,144.655,144.66,1,144.58,600,144.73,100,144.73,144.58,144.58,600,144.57,600,144.56,500,144.52,500,144.51,100,144.5,100,144.49,300,144.48,300,144.47,100,144.44,200,144.73,100,144.75,100,144.76,300,,,,,,,,,,,,,,
2026-01-16 09:33:39,144.655,144.66,1,144.58,600,144.73,100,144.73,144.58,144.58,600,144.57,600,144.56,500,144.52,500,144.51,100,144.5,100,144.49,300,144.48,300,144.47,100,144.44,200,144.73,100,144.75,100,144.76,300,,,,,,,,,,,,,,
2026-01-16 09:33:40,144.655,144.64,1,144.58,600,144.73,100,144.73,144.58,144.58,600,144.57,600,144.56,500,144.52,500,144.51,100,144.5,100,144.49,300,144.48,300,144.47,100,144.44,200,144.73,100,144.75,100,144.76,300,,,,,,,,,,,,,,
2026-01-16 09:33:41,144.655,144.64,1,144.58,600,144.73,100,144.73,144.58,144.58,600,144.57,600,144.56,500,144.52,500,144.51,100,144.5,100,144.49,300,144.48,300,144.47,100,144.44,200,144.73,100,144.75,100,144.76,300,,,,,,,,,,,,,,
2026-01-16 09:33:42,144.655,144.64,1,144.58,600,144.73,200,144.73,144.58,144.58,600,144.57,600,144.56,500,144.52,500,144.51,100,144.5,100,144.49,300,144.48,300,144.47,100,144.44,200,144.73,200,144.75,100,144.76,300,,,,,,,,,,,,,,
2026-01-16 09:33:43,144.655,144.64,1,144.58,400,144.73,100,144.73,144.58,144.58,400,144.57,600,144.56,500,144.52,500,144.51,100,144.5,100,144.49,300,144.48,300,144.47,100,144.44,200,144.73,100,144.76,300,,,,,,,,,,,,,,,,
2026-01-16 09:33:44,144.645,144.65,1,144.58,400,144.71,300,144.71,144.58,144.58,400,144.57,600,144.56,500,144.52,500,144.51,100,144.5,100,144.49,300,144.48,300,144.47,100,144.44,200,144.71,300,144.72,300,144.73,200,144.76,300,,,,,,,,,,,,
2026-01-16 09:33:45,144.64,144.64,1,144.58,400,144.7,100,144.7,144.58,144.58,400,144.57,600,144.56,500,144.52,500,144.51,100,144.5,100,144.49,300,144.48,300,144.47,100,144.44,200,144.7,100,144.71,700,144.72,300,144.73,200,144.76,300,,,,,,,,,,
2026-01-16 09:33:46,144.64,144.64,1,144.58,100,144.7,200,144.7,144.58,144.58,100,144.57,200,144.56,500,144.52,500,144.51,100,144.5,100,144.49,300,144.48,300,144.47,100,144.44,200,144.7,200,144.71,700,144.72,300,144.73,200,144.76,300,,,,,,,,,,
2026-01-16 09:33:47,144.635,144.64,1,144.58,100,144.69,600,144.69,144.58,144.58,100,144.57,200,144.56,500,144.52,500,144.51,100,144.5,100,144.49,300,144.48,300,144.47,100,144.44,200,144.69,600,144.7,200,144.71,700,144.72,300,144.73,200,144.76,300,,,,,,,,
2026-01-16 09:33:48,144.635,144.64,1,144.58,100,144.69,700,144.69,144.58,144.58,100,144.57,200,144.56,500,144.52,500,144.51,100,144.5,100,144.49,300,144.48,300,144.47,100,144.44,200,144.69,700,144.7,200,144.71,700,144.72,300,144.73,200,144.76,300,,,,,,,,
2026-01-16 09:33:49,144.635,144.64,1,144.58,100,144.69,100,144.69,144.58,144.58,100,144.57,200,144.56,500,144.52,500,144.51,100,144.5,100,144.49,300,144.48,300,144.47,100,144.44,200,144.69,100,144.7,200,144.71,700,144.72,300,144.73,200,144.76,300,,,,,,,,
2026-01-16 09:33:50,144.635,144.64,1,144.58,100,144.69,200,144.69,144.58,144.58,100,144.57,200,144.56,500,144.52,500,144.51,100,144.5,100,144.49,300,144.48,300,144.47,100,144.44,200,144.69,200,144.7,200,144.71,700,144.72,300,144.73,200,144.76,300,,,,,,,,
2026-01-16 09:33:51,144.635,144.64,1,144.58,100,144.69,200,144.69,144.58,144.58,100,144.57,200,144.56,500,144.52,500,144.51,100,144.5,100,144.49,300,144.48,300,144.47,100,144.44,200,144.69,200,144.7,200,144.71,700,144.72,300,144.73,200,144.76,300,,,,,,,,
2026-01-16 09:33:52,144.635,144.64,1,144.58,100,144.69,100,144.69,144.58,144.58,100,144.57,200,144.56,500,144.52,500,144.51,100,144.5,100,144.49,300,144.48,300,144.47,100,144.44,200,144.69,100,144.7,200,144.71,700,144.72,300,144.73,200,144.76,300,,,,,,,,
2026-01-16 09:33:53,144.635,144.63,1,144.58,100,144.69,100,144.69,144.58,144.58,100,144.57,200,144.56,500,144.52,500,144.51,100,144.5,100,144.49,300,144.48,300,144.47,100,144.44,200,144.69,100,144.7,200,144.71,700,144.72,300,144.73,200,144.76,300,,,,,,,,
2026-01-16 09:33:54,144.635,144.63,1,144.58,100,144.69,100,144.69,144.58,144.58,100,144.57,200,144.56,500,144.52,500,144.51,100,144.5,100,144.49,300,144.48,300,144.47,100,144.44,200,144.69,100,144.7,200,144.71,700,144.72,300,144.73,200,144.76,300,,,,,,,,
2026-01-16 09:33:55,144.635,144.63,1,144.58,200,144.69,100,144.69,144.58,144.58,200,144.57,200,144.56,500,144.52,500,144.51,100,144.5,100,144.49,300,144.48,300,144.47,100,144.44,200,144.69,100,144.7,200,144.71,700,144.72,300,144.73,200,144.76,300,,,,,,,,
2026-01-16 09:33:56,144.635,144.63,1,144.58,200,144.69,100,144.69,144.58,144.58,200,144.57,200,144.56,500,144.52,500,144.51,100,144.5,100,144.49,300,144.48,300,144.47,100,144.44,200,144.69,100,144.7,200,144.71,700,144.72,300,144.73,200,144.76,300,,,,,,,,
2026-01-16 09:33:57,144.635,144.63,1,144.58,200,144.69,100,144.69,144.58,144.58,200,144.57,200,144.56,500,144.52,500,144.51,100,144.5,100,144.49,300,144.48,300,144.47,100,144.44,200,144.69,100,144.7,200,144.71,700,144.72,300,144.73,200,144.76,300,,,,,,,,
2026-01-16 09:33:58,144.59,144.58,2,144.56,500,144.62,200,144.62,144.56,144.56,500,144.52,500,144.51,100,144.5,100,144.49,300,144.48,300,144.47,100,144.44,200,144.41,500,144.4,100,144.62,200,144.69,100,144.7,200,144.71,700,144.72,300,144.73,200,144.76,300,,,,,,
2026-01-16 09:33:59,144.59,144.56,1,144.56,500,144.62,600,144.62,144.56,144.56,500,144.52,500,144.51,100,144.5,100,144.49,300,144.48,300,144.47,100,144.44,200,144.41,500,144.4,100,144.62,600,144.69,100,144.7,200,144.71,700,144.72,300,144.73,200,144.76,300,,,,,,
2026-01-16 09:34:00,144.59,144.59,1,144.56,500,144.62,600,144.62,144.56,144.56,500,144.52,500,144.51,100,144.5,100,144.49,300,144.48,300,144.47,100,144.44,200,144.41,500,144.4,100,144.62,600,144.69,100,144.7,200,144.71,700,144.72,300,144.73,200,144.76,300,,,,,,
2026-01-16 09:34:01,144.59,144.56,1,144.56,500,144.62,600,144.62,144.56,144.56,500,144.52,500,144.51,100,144.5,100,144.49,300,144.48,300,144.47,100,144.44,200,144.41,500,144.4,100,144.62,600,144.69,100,144.7,200,144.71,700,144.72,300,144.73,200,144.76,300,,,,,,
2026-01-16 09:34:02,144.55,144.56,1,144.53,300,144.57,100,144.57,144.53,144.53,300,144.52,500,144.51,100,144.5,100,144.49,300,144.48,300,144.47,100,144.44,200,144.41,500,144.4,100,144.57,100,144.58,300,144.61,100,144.62,400,144.69,100,144.7,200,144.71,700,144.72,300,144.73,200,144.76,300
2026-01-16 09:34:03,144.48,144.48,1,144.44,100,144.52,100,144.52,144.44,144.44,100,144.43,500,144.4,200,144.39,100,144.38,100,144.37,500,144.35,100,144.34,100,144.33,100,144.31,600,144.52,100,144.53,100,144.55,100,144.59,100,144.64,300,144.69,100,144.7,200,144.71,700,144.72,300,144.73,200
2026-01-16 09:34:04,144.48,144.48,1,144.44,200,144.52,100,144.52,144.44,144.44,200,144.43,500,144.4,200,144.39,100,144.38,100,144.37,500,144.35,100,144.34,100,144.33,100,144.31,600,144.52,100,144.53,100,144.55,100,144.59,100,144.64,300,144.69,100,144.7,200,144.71,700,144.72,300,144.73,200
2026-01-16 09:34:05,144.48,144.48,1,144.44,200,144.52,100,144.52,144.44,144.44,200,144.43,500,144.4,200,144.39,100,144.38,100,144.37,500,144.35,100,144.34,100,144.33,100,144.31,600,144.52,100,144.53,100,144.55,100,144.59,100,144.64,300,144.69,100,144.7,200,144.71,700,144.72,300,144.73,200
2026-01-16 09:34:06,144.48,144.48,1,144.44,200,144.52,200,144.52,144.44,144.44,200,144.43,500,144.4,200,144.39,100,144.38,100,144.37,500,144.35,100,144.34,100,144.33,100,144.31,600,144.52,200,144.53,100,144.55,100,144.59,100,144.64,300,144.69,100,144.7,200,144.71,700,144.72,300,144.73,200
2026-01-16 09:34:07,144.48,144.48,1,144.44,200,144.52,200,144.52,144.44,144.44,200,144.43,500,144.4,200,144.39,100,144.38,100,144.37,500,144.35,100,144.34,100,144.33,100,144.31,600,144.52,200,144.53,100,144.55,100,144.59,100,144.64,300,144.69,100,144.7,200,144.71,700,144.72,300,144.73,200
2026-01-16 09:34:08,144.475,144.48,1,144.44,200,144.51,200,144.51,144.44,144.44,200,144.43,500,144.4,200,144.39,100,144.38,100,144.37,500,144.35,100,144.34,100,144.33,100,144.31,600,144.51,200,144.52,100,144.53,100,144.55,100,144.59,100,144.64,300,144.69,100,144.7,200,144.71,700,144.72,300
2026-01-16 09:34:09,144.55,144.51,1,144.47,400,144.63,400,144.63,144.47,144.47,400,144.44,600,144.43,500,144.4,200,144.39,100,144.38,100,144.37,500,144.35,100,144.34,100,144.33,100,144.63,400,144.65,100,144.69,100,144.7,200,144.71,700,144.72,300,144.73,200,144.76,300,,,,
2026-01-16 09:34:10,144.54,144.51,1,144.46,100,144.62,200,144.62,144.46,144.46,100,144.44,600,144.43,500,144.4,200,144.39,100,144.38,100,144.37,500,144.35,100,144.34,100,144.33,100,144.62,200,144.63,500,144.65,100,144.69,100,144.7,200,144.71,700,144.72,300,144.73,200,144.76,300,,
2026-01-16 09:34:11,144.54,144.47,3,144.47,100,144.61,600,144.61,144.47,144.47,100,144.46,100,144.44,600,144.43,500,144.4,200,144.39,100,144.38,100,144.37,500,144.35,100,144.34,100,144.61,600,144.62,600,144.63,500,144.65,100,144.69,100,144.7,200,144.71,700,144.72,300,144.73,200,144.76,300
2026-01-16 09:34:12,144.535,144.52,1,144.47,100,144.6,100,144.6,144.47,144.47,100,144.46,100,144.44,600,144.43,500,144.4,200,144.39,100,144.38,100,144.37,500,144.35,100,144.34,100,144.6,100,144.61,600,144.62,600,144.63,500,144.65,100,144.69,100,144.7,200,144.71,700,144.72,300,144.73,200
2026-01-16 09:34:13,144.535,144.52,1,144.47,100,144.6,100,144.6,144.47,144.47,100,144.46,100,144.44,600,144.43,500,144.4,200,144.39,100,144.38,100,144.37,500,144.35,100,144.34,100,144.6,100,144.61,600,144.62,600,144.63,500,144.65,100,144.69,100,144.7,200,144.71,700,144.72,300,144.73,200
2026-01-16 09:34:14,144.535,144.52,1,144.47,100,144.6,100,144.6,144.47,144.47,100,144.46,100,144.44,600,144.43,500,144.4,200,144.39,100,144.38,100,144.37,500,144.35,100,144.34,100,144.6,100,144.61,600,144.62,600,144.63,500,144.65,100,144.69,100,144.7,200,144.71,700,144.72,300,144.73,200
2026-01-16 09:34:15,144.53,144.52,1,144.44,600,144.62,200,144.62,144.44,144.44,600,144.43,500,144.4,200,144.39,100,144.38,100,144.37,500,144.35,100,144.34,100,144.33,100,144.31,600,144.62,200,144.63,500,144.65,100,144.69,100,144.7,200,144.71,700,144.72,300,144.73,200,144.76,300,,
2026-01-16 09:34:16,144.535,144.54,1,144.45,100,144.62,200,144.62,144.45,144.45,100,144.44,600,144.43,500,144.4,200,144.39,100,144.38,100,144.37,500,144.35,100,144.34,100,144.33,100,144.62,200,144.63,500,144.65,100,144.69,100,144.7,200,144.71,700,144.72,300,144.73,200,144.76,300,,
2026-01-16 09:34:17,144.535,144.54,1,144.45,100,144.62,200,144.62,144.45,144.45,100,144.44,600,144.43,500,144.4,200,144.39,100,144.38,100,144.37,500,144.35,100,144.34,100,144.33,100,144.62,200,144.63,500,144.65,100,144.69,100,144.7,200,144.71,700,144.72,300,144.73,200,144.76,300,,
2026-01-16 09:34:18,144.52,144.54,1,144.45,200,144.59,500,144.59,144.45,144.45,200,144.44,600,144.43,500,144.4,200,144.39,100,144.38,100,144.37,500,144.35,100,144.34,100,144.33,100,144.59,500,144.6,300,144.61,600,144.62,800,144.63,500,144.65,100,144.69,100,144.7,200,144.71,700,144.72,300
2026-01-16 09:34:19,144.535,144.52,1,144.45,500,144.62,700,144.62,144.45,144.45,500,144.44,600,144.43,500,144.4,200,144.39,100,144.38,100,144.37,500,144.35,100,144.34,100,144.33,100,144.62,700,144.63,500,144.65,100,144.69,100,144.7,200,144.71,700,144.72,300,144.73,200,144.76,300,,
2026-01-16 09:34:20,144.565,144.53,1,144.51,500,144.62,200,144.62,144.51,144.51,500,144.49,500,144.48,100,144.47,600,144.46,500,144.45,500,144.44,600,144.43,500,144.4,200,144.39,100,144.62,200,144.63,600,144.65,100,144.69,100,144.7,200,144.71,700,144.72,300,144.73,200,144.76,300,,
2026-01-16 09:34:21,144.555,144.53,1,144.49,600,144.62,200,144.62,144.49,144.49,600,144.48,100,144.47,600,144.46,500,144.45,500,144.44,600,144.43,500,144.4,200,144.39,100,144.38,100,144.62,200,144.63,600,144.65,100,144.69,100,144.7,200,144.71,700,144.72,300,144.73,200,144.76,300,,
2026-01-16 09:34:22,144.555,144.56,1,144.49,600,144.62,100,144.62,144.49,144.49,600,144.48,100,144.47,600,144.46,500,144.45,500,144.44,600,144.43,500,144.4,200,144.39,100,144.38,100,144.62,100,144.63,600,144.65,100,144.69,100,144.7,200,144.71,700,144.72,300,144.73,200,144.76,300,,
2026-01-16 09:34:23,144.53,144.53,1,144.45,500,144.61,700,144.61,144.45,144.45,500,144.44,600,144.43,500,144.4,200,144.39,100,144.38,100,144.37,500,144.35,100,144.34,100,144.33,100,144.61,700,144.62,100,144.63,700,144.65,100,144.69,100,144.7,200,144.71,700,144.72,300,144.73,200,144.76,300
2026-01-16 09:34:24,144.53,144.53,1,144.45,500,144.61,700,144.61,144.45,144.45,500,144.44,600,144.43,500,144.4,200,144.39,100,144.38,100,144.37,500,144.35,100,144.34,100,144.33,100,144.61,700,144.62,100,144.63,700,144.65,100,144.69,100,144.7,200,144.71,700,144.72,300,144.73,200,144.76,300
2026-01-16 09:34:25,144.525,144.53,1,144.45,500,144.6,600,144.6,144.45,144.45,500,144.44,600,144.43,500,144.4,200,144.39,100,144.38,100,144.37,500,144.35,100,144.34,100,144.33,100,144.6,600,144.61,700,144.62,100,144.63,700,144.65,100,144.69,100,144.7,200,144.71,700,144.72,300,144.73,200
2026-01-16 09:34:26,144.535,144.53,1,144.47,100,144.6,600,144.6,144.47,144.47,100,144.45,500,144.44,600,144.43,500,144.4,200,144.39,100,144.38,100,144.37,500,144.35,100,144.34,100,144.6,600,144.61,700,144.62,100,144.63,700,144.65,100,144.69,100,144.7,200,144.71,700,144.72,300,144.73,200
2026-01-16 09:34:27,144.52,144.53,1,144.45,600,144.59,400,144.59,144.45,144.45,600,144.44,600,144.43,500,144.4,200,144.39,100,144.38,100,144.37,500,144.35,100,144.34,100,144.33,100,144.59,400,144.6,800,144.61,700,144.62,100,144.63,700,144.65,100,144.69,100,144.7,200,144.71,700,144.72,300
2026-01-16 09:34:28,144.52,144.53,1,144.45,700,144.59,600,144.59,144.45,144.45,700,144.44,600,144.43,500,144.4,200,144.39,100,144.38,100,144.37,500,144.35,100,144.34,100,144.33,100,144.59,600,144.6,800,144.61,700,144.62,100,144.63,700,144.65,100,144.69,100,144.7,200,144.71,700,144.72,300
2026-01-16 09:34:29,144.515,144.53,1,144.45,500,144.58,200,144.58,144.45,144.45,500,144.44,600,144.43,500,144.4,200,144.39,100,144.38,100,144.37,500,144.35,100,144.34,100,144.33,100,144.58,200,144.59,500,144.6,800,144.61,700,144.62,100,144.63,700,144.65,100,144.69,100,144.7,200,144.71,700
2026-01-16 09:34:30,144.515,144.53,1,144.45,600,144.58,200,144.58,144.45,144.45,600,144.44,600,144.43,500,144.4,200,144.39,100,144.38,100,144.37,500,144.35,100,144.34,100,144.33,100,144.58,200,144.59,500,144.6,800,144.61,700,144.62,100,144.63,700,144.65,100,144.69,100,144.7,200,144.71,700
2026-01-16 09:34:31,144.515,144.53,1,144.45,600,144.58,200,144.58,144.45,144.45,600,144.44,600,144.43,500,144.4,200,144.39,100,144.38,100,144.37,500,144.35,100,144.34,100,144.33,100,144.58,200,144.59,500,144.6,800,144.61,700,144.62,100,144.63,700,144.65,100,144.69,100,144.7,200,144.71,700
2026-01-16 09:34:32,144.515,144.53,1,144.45,600,144.58,200,144.58,144.45,144.45,600,144.44,600,144.43,500,144.4,200,144.39,100,144.38,100,144.37,500,144.35,100,144.34,100,144.33,100,144.58,200,144.59,500,144.6,800,144.61,700,144.62,100,144.63,700,144.65,100,144.69,100,144.7,200,144.71,700
2026-01-16 09:34:33,144.515,144.53,1,144.45,600,144.58,200,144.58,144.45,144.45,600,144.44,600,144.43,500,144.4,200,144.39,100,144.38,100,144.37,500,144.35,100,144.34,100,144.33,100,144.58,200,144.59,500,144.6,800,144.61,700,144.62,100,144.63,700,144.65,100,144.69,100,144.7,200,144.71,700
2026-01-16 09:34:34,144.565,144.57,1,144.51,100,144.62,300,144.62,144.51,144.51,100,144.48,100,144.47,100,144.46,100,144.45,600,144.44,600,144.43,500,144.4,200,144.39,100,144.38,100,144.62,300,144.63,700,144.65,100,144.69,100,144.7,200,144.71,700,144.72,300,144.73,200,144.76,300,,
2026-01-16 09:34:35,144.55,144.57,1,144.48,600,144.62,300,144.62,144.48,144.48,600,144.47,100,144.46,100,144.45,600,144.44,600,144.43,500,144.4,200,144.39,100,144.38,100,144.37,500,144.62,300,144.63,700,144.65,100,144.69,100,144.7,200,144.71,700,144.72,300,144.73,200,144.76,300,,
2026-01-16 09:34:36,144.55,144.57,1,144.48,600,144.62,300,144.62,144.48,144.48,600,144.47,100,144.46,100,144.45,600,144.44,600,144.43,500,144.4,200,144.39,100,144.38,100,144.37,500,144.62,300,144.63,700,144.65,100,144.69,100,144.7,200,144.71,700,144.72,300,144.73,200,144.76,300,,
2026-01-16 09:34:37,144.56,144.61,1,144.5,100,144.62,300,144.62,144.5,144.5,100,144.49,100,144.48,600,144.47,100,144.46,100,144.45,600,144.44,600,144.43,500,144.4,200,144.39,100,144.62,300,144.63,700,144.65,100,144.69,100,144.7,200,144.71,700,144.72,300,144.73,200,144.76,300,,
2026-01-16 09:34:38,144.56,144.62,10,144.5,100,144.62,300,144.62,144.5,144.5,100,144.49,100,144.48,600,144.47,100,144.46,100,144.45,600,144.44,600,144.43,500,144.4,200,144.39,100,144.62,300,144.63,700,144.65,100,144.69,100,144.7,200,144.71,700,144.72,300,144.73,200,144.76,300,,
2026-01-16 09:34:39,144.615,144.62,3,144.54,200,144.69,200,144.69,144.54,144.54,200,144.5,400,144.48,600,144.47,100,144.46,100,144.45,600,144.44,600,144.43,500,144.4,200,144.39,100,144.69,200,144.7,200,144.71,700,144.72,300,144.73,200,144.76,300,,,,,,,,
2026-01-16 09:34:40,144.615,144.62,1,144.54,200,144.69,200,144.69,144.54,144.54,200,144.5,400,144.48,600,144.47,100,144.46,100,144.45,600,144.44,600,144.43,500,144.4,200,144.39,100,144.69,200,144.7,200,144.71,700,144.72,300,144.73,200,144.76,300,,,,,,,,
2026-01-16 09:34:41,144.615,144.54,1,144.54,200,144.69,200,144.69,144.54,144.54,200,144.5,400,144.48,600,144.47,100,144.46,100,144.45,600,144.44,600,144.43,500,144.4,200,144.39,100,144.69,200,144.7,200,144.71,700,144.72,300,144.73,200,144.76,300,,,,,,,,
2026-01-16 09:34:42,144.615,144.54,1,144.54,100,144.69,400,144.69,144.54,144.54,100,144.5,400,144.48,600,144.47,100,144.46,100,144.45,600,144.44,600,144.43,500,144.4,200,144.39,100,144.69,400,144.7,200,144.71,700,144.72,300,144.73,200,144.76,300,,,,,,,,
2026-01-16 09:34:43,144.6,144.56,1,144.52,100,144.68,100,144.68,144.52,144.52,100,144.49,500,144.48,700,144.47,100,144.46,100,144.45,600,144.44,600,144.43,500,144.4,200,144.39,100,144.68,100,144.69,500,144.7,200,144.71,700,144.72,300,144.73,200,144.76,300,,,,,,
2026-01-16 09:34:44,144.575,144.52,1,144.52,100,144.63,100,144.63,144.52,144.52,100,144.49,500,144.48,700,144.47,100,144.46,100,144.45,600,144.44,600,144.43,500,144.4,200,144.39,100,144.63,100,144.64,400,144.68,200,144.69,500,144.7,200,144.71,700,144.72,300,144.73,200,144.76,300,,
2026-01-16 09:34:45,144.575,144.52,1,144.52,100,144.63,100,144.63,144.52,144.52,100,144.49,500,144.48,700,144.47,100,144.46,100,144.45,600,144.44,600,144.43,500,144.4,200,144.39,100,144.63,100,144.64,400,144.68,200,144.69,500,144.7,200,144.71,700,144.72,300,144.73,200,144.76,300,,
2026-01-16 09:34:46,144.54,144.52,1,144.48,600,144.6,200,144.6,144.48,144.48,600,144.47,100,144.46,100,144.45,600,144.44,600,144.43,500,144.4,200,144.39,100,144.38,100,144.37,500,144.6,200,144.61,500,144.62,500,144.63,300,144.64,400,144.68,200,144.69,500,144.7,200,144.71,700,144.72,300
2026-01-16 09:34:47,144.535,144.52,1,144.47,300,144.6,200,144.6,144.47,144.47,300,144.46,100,144.45,600,144.44,600,144.43,500,144.4,200,144.39,100,144.38,100,144.37,500,144.35,100,144.6,200,144.61,500,144.62,500,144.63,300,144.64,400,144.68,200,144.69,500,144.7,200,144.71,700,144.72,300
2026-01-16 09:34:48,144.535,144.52,1,144.47,300,144.6,200,144.6,144.47,144.47,300,144.46,100,144.45,600,144.44,600,144.43,500,144.4,200,144.39,100,144.38,100,144.37,500,144.35,100,144.6,200,144.61,500,144.62,500,144.63,300,144.64,400,144.68,200,144.69,500,144.7,200,144.71,700,144.72,300
2026-01-16 09:34:49,144.535,144.54,1,144.48,100,144.59,500,144.59,144.48,144.48,100,144.47,300,144.46,100,144.45,600,144.44,600,144.43,500,144.4,200,144.39,100,144.38,100,144.37,500,144.59,500,144.6,500,144.61,500,144.62,500,144.63,300,144.64,400,144.68,200,144.69,500,144.7,200,144.71,700
2026-01-16 09:34:50,144.53,144.54,1,144.48,100,144.58,600,144.58,144.48,144.48,100,144.47,300,144.46,100,144.45,600,144.44,600,144.43,500,144.4,200,144.39,100,144.38,100,144.37,500,144.58,600,144.59,600,144.6,500,144.61,500,144.62,500,144.63,300,144.64,400,144.68,200,144.69,500,144.7,200
2026-01-16 09:34:51,144.49,144.53,1,144.44,800,144.54,400,144.54,144.44,144.44,800,144.43,500,144.4,200,144.39,100,144.38,100,144.37,500,144.35,100,144.34,100,144.33,100,144.31,600,144.54,400,144.58,600,144.59,600,144.6,500,144.61,500,144.62,500,144.63,300,144.64,400,144.68,200,144.69,500
2026-01-16 09:34:52,144.49,144.53,1,144.44,800,144.54,400,144.54,144.44,144.44,800,144.43,500,144.4,200,144.39,100,144.38,100,144.37,500,144.35,100,144.34,100,144.33,100,144.31,600,144.54,400,144.58,600,144.59,600,144.6,500,144.61,500,144.62,500,144.63,300,144.64,400,144.68,200,144.69,500
2026-01-16 09:34:53,144.5,144.5,1,144.44,700,144.56,500,144.56,144.44,144.44,700,144.43,500,144.4,200,144.39,100,144.38,100,144.37,500,144.35,100,144.34,100,144.33,100,144.31,600,144.56,500,144.58,600,144.59,600,144.6,500,144.61,500,144.62,500,144.63,300,144.64,400,144.68,200,144.69,500
2026-01-16 09:34:54,144.5,144.45,1,144.44,700,144.56,500,144.56,144.44,144.44,700,144.43,500,144.4,200,144.39,100,144.38,100,144.37,500,144.35,100,144.34,100,144.33,100,144.31,600,144.56,500,144.58,600,144.59,600,144.6,500,144.61,500,144.62,500,144.63,300,144.64,400,144.68,200,144.69,500
2026-01-16 09:34:55,144.5,144.45,1,144.44,700,144.56,500,144.56,144.44,144.44,700,144.43,500,144.4,200,144.39,100,144.38,100,144.37,500,144.35,100,144.34,100,144.33,100,144.31,600,144.56,500,144.58,600,144.59,600,144.6,500,144.61,500,144.62,500,144.63,300,144.64,400,144.68,200,144.69,500
2026-01-16 09:34:56,144.5,144.45,1,144.44,800,144.56,500,144.56,144.44,144.44,800,144.43,500,144.4,200,144.39,100,144.38,100,144.37,500,144.35,100,144.34,100,144.33,100,144.31,600,144.56,500,144.58,600,144.59,600,144.6,500,144.61,500,144.62,500,144.63,300,144.64,400,144.68,200,144.69,500
2026-01-16 09:34:57,144.5,144.47,1,144.44,800,144.56,100,144.56,144.44,144.44,800,144.43,500,144.4,200,144.39,100,144.38,100,144.37,500,144.35,100,144.34,100,144.33,100,144.31,600,144.56,100,144.58,500,144.59,600,144.6,500,144.61,500,144.62,500,144.63,300,144.64,400,144.68,200,144.69,500
2026-01-16 09:34:58,144.5,144.47,1,144.44,800,144.56,200,144.56,144.44,144.44,800,144.43,500,144.4,200,144.39,100,144.38,100,144.37,500,144.35,100,144.34,100,144.33,100,144.31,600,144.56,200,144.58,500,144.59,600,144.6,500,144.61,500,144.62,500,144.63,300,144.64,400,144.68,200,144.69,500
2026-01-16 09:34:59,144.53,144.51,1,144.48,100,144.58,600,144.58,144.48,144.48,100,144.44,800,144.43,500,144.4,200,144.39,100,144.38,100,144.37,500,144.35,100,144.34,100,144.33,100,144.58,600,144.59,600,144.6,500,144.61,500,144.62,500,144.63,300,144.64,400,144.68,200,144.69,500,144.7,200
2026-01-16 09:35:00,144.525,144.51,1,144.48,100,144.57,100,144.57,144.48,144.48,100,144.44,800,144.43,500,144.4,200,144.39,100,144.38,100,144.37,500,144.35,100,144.34,100,144.33,100,144.57,100,144.58,600,144.59,600,144.6,500,144.61,500,144.62,500,144.63,300,144.64,400,144.68,200,144.69,500
2026-01-16 09:35:01,144.485,144.48,1,144.45,100,144.52,200,144.52,144.45,144.45,100,144.44,800,144.43,500,144.4,200,144.39,100,144.38,100,144.37,500,144.35,100,144.34,100,144.33,100,144.52,200,144.54,100,144.55,200,144.56,200,144.57,100,144.58,600,144.59,600,144.6,500,144.61,500,144.62,500
2026-01-16 09:35:02,144.44,144.44,2,144.38,300,144.5,100,144.5,144.38,144.38,300,144.37,500,144.35,100,144.34,100,144.33,100,144.31,600,144.3,100,144.22,700,144.21,100,144.18,500,144.5,100,144.51,400,144.52,800,144.54,100,144.55,200,144.56,200,144.57,100,144.58,600,144.59,600,144.6,500
2026-01-16 09:35:03,144.435,144.44,2,144.38,200,144.49,300,144.49,144.38,144.38,200,144.37,500,144.35,100,144.34,100,144.33,100,144.31,600,144.3,100,144.22,700,144.21,100,144.18,500,144.49,300,144.5,300,144.51,400,144.52,800,144.54,100,144.55,200,144.56,200,144.57,100,144.58,600,144.59,600
2026-01-16 09:35:04,144.435,144.44,2,144.38,200,144.49,300,144.49,144.38,144.38,200,144.37,500,144.35,100,144.34,100,144.33,100,144.31,600,144.3,100,144.22,700,144.21,100,144.18,500,144.49,300,144.5,300,144.51,400,144.52,800,144.54,100,144.55,200,144.56,200,144.57,100,144.58,600,144.59,600
2026-01-16 09:35:05,144.435,144.44,2,144.38,200,144.49,300,144.49,144.38,144.38,200,144.37,500,144.35,100,144.34,100,144.33,100,144.31,600,144.3,100,144.22,700,144.21,100,144.18,500,144.49,300,144.5,300,144.51,400,144.52,800,144.54,100,144.55,200,144.56,200,144.57,100,144.58,600,144.59,600
2026-01-16 09:35:06,144.435,144.44,2,144.38,200,144.49,400,144.49,144.38,144.38,200,144.37,500,144.35,100,144.34,100,144.33,100,144.31,600,144.3,100,144.22,700,144.21,100,144.18,500,144.49,400,144.5,300,144.51,400,144.52,800,144.54,100,144.55,200,144.56,200,144.57,100,144.58,600,144.59,600
2026-01-16 09:35:07,144.435,144.44,2,144.38,200,144.49,400,144.49,144.38,144.38,200,144.37,500,144.35,100,144.34,100,144.33,100,144.31,600,144.3,100,144.22,700,144.21,100,144.18,500,144.49,400,144.5,300,144.51,400,144.52,800,144.54,100,144.55,200,144.56,200,144.57,100,144.58,600,144.59,600
2026-01-16 09:35:08,144.44,144.44,2,144.38,200,144.5,300,144.5,144.38,144.38,200,144.37,500,144.35,100,144.34,100,144.33,100,144.31,600,144.3,100,144.22,700,144.21,100,144.18,500,144.5,300,144.51,400,144.52,800,144.54,100,144.55,200,144.56,200,144.57,100,144.58,600,144.59,600,144.6,500
2026-01-16 09:35:09,144.44,144.44,2,144.38,200,144.5,300,144.5,144.38,144.38,200,144.37,500,144.35,100,144.34,100,144.33,100,144.31,600,144.3,100,144.22,700,144.21,100,144.18,500,144.5,300,144.51,400,144.52,800,144.54,100,144.55,200,144.56,200,144.57,100,144.58,600,144.59,600,144.6,500
2026-01-16 09:35:10,144.44,144.44,2,144.38,200,144.5,200,144.5,144.38,144.38,200,144.37,500,144.35,100,144.34,100,144.33,100,144.31,600,144.3,100,144.22,700,144.21,100,144.18,500,144.5,200,144.51,400,144.52,800,144.54,100,144.55,200,144.56,200,144.57,100,144.58,600,144.59,600,144.6,500
2026-01-16 09:35:11,144.44,144.44,2,144.38,200,144.5,200,144.5,144.38,144.38,200,144.37,500,144.35,100,144.34,100,144.33,100,144.31,600,144.3,100,144.22,700,144.21,100,144.18,500,144.5,200,144.51,400,144.52,800,144.54,100,144.55,200,144.56,200,144.57,100,144.58,600,144.59,600,144.6,500
2026-01-16 09:35:12,144.44,144.44,2,144.38,200,144.5,200,144.5,144.38,144.38,200,144.37,500,144.35,100,144.34,100,144.33,100,144.31,600,144.3,100,144.22,700,144.21,100,144.18,500,144.5,200,144.51,400,144.52,800,144.54,100,144.55,200,144.56,200,144.57,100,144.58,600,144.59,600,144.6,500
2026-01-16 09:35:13,144.445,144.44,2,144.38,200,144.51,500,144.51,144.38,144.38,200,144.37,500,144.35,100,144.34,100,144.33,100,144.31,600,144.3,100,144.22,700,144.21,100,144.18,500,144.51,500,144.52,800,144.54,100,144.55,200,144.56,200,144.57,100,144.58,600,144.59,600,144.6,500,144.61,500
2026-01-16 09:35:14,144.445,144.44,2,144.38,200,144.51,300,144.51,144.38,144.38,200,144.37,500,144.35,100,144.34,100,144.33,100,144.31,600,144.3,100,144.22,700,144.21,100,144.18,500,144.51,300,144.54,200,144.55,200,144.56,200,144.57,100,144.58,600,144.59,600,144.6,500,144.61,500,144.62,500
2026-01-16 09:35:15,144.445,144.44,2,144.38,200,144.51,300,144.51,144.38,144.38,200,144.37,500,144.35,100,144.34,100,144.33,100,144.31,600,144.3,100,144.22,700,144.21,100,144.18,500,144.51,300,144.54,200,144.55,200,144.56,200,144.57,100,144.58,600,144.59,600,144.6,500,144.61,500,144.62,500
2026-01-16 09:35:16,144.445,144.44,2,144.38,200,144.51,300,144.51,144.38,144.38,200,144.37,500,144.35,100,144.34,100,144.33,100,144.31,600,144.3,100,144.22,700,144.21,100,144.18,500,144.51,300,144.54,200,144.55,200,144.56,200,144.57,100,144.58,600,144.59,600,144.6,500,144.61,500,144.62,500
2026-01-16 09:35:17,144.445,144.44,2,144.38,200,144.51,300,144.51,144.38,144.38,200,144.37,500,144.35,100,144.34,100,144.33,100,144.31,600,144.3,100,144.22,700,144.21,100,144.18,500,144.51,300,144.54,200,144.55,200,144.56,200,144.57,100,144.58,600,144.59,600,144.6,500,144.61,500,144.62,500
2026-01-16 09:35:18,144.445,144.44,2,144.38,200,144.51,300,144.51,144.38,144.38,200,144.37,500,144.35,100,144.34,100,144.33,100,144.31,600,144.3,100,144.22,700,144.21,100,144.18,500,144.51,300,144.54,200,144.55,200,144.56,200,144.57,100,144.58,600,144.59,600,144.6,500,144.61,500,144.62,500
2026-01-16 09:35:19,144.445,144.44,2,144.38,200,144.51,400,144.51,144.38,144.38,200,144.37,500,144.35,100,144.34,100,144.33,100,144.31,600,144.3,100,144.22,700,144.21,100,144.18,500,144.51,400,144.54,200,144.55,200,144.56,200,144.57,100,144.58,600,144.59,600,144.6,500,144.61,500,144.62,500
2026-01-16 09:35:20,144.445,144.44,2,144.38,200,144.51,400,144.51,144.38,144.38,200,144.37,500,144.35,100,144.34,100,144.33,100,144.31,600,144.3,100,144.22,700,144.21,100,144.18,500,144.51,400,144.54,200,144.55,200,144.56,200,144.57,100,144.58,600,144.59,600,144.6,500,144.61,500,144.62,500
2026-01-16 09:35:21,144.45,144.44,5,144.39,400,144.51,500,144.51,144.39,144.39,400,144.38,300,144.37,500,144.35,100,144.34,100,144.33,100,144.31,600,144.3,100,144.22,700,144.21,100,144.51,500,144.54,200,144.55,200,144.56,200,144.57,100,144.58,600,144.59,600,144.6,500,144.61,500,144.62,500
2026-01-16 09:35:22,144.445,144.44,2,144.38,300,144.51,500,144.51,144.38,144.38,300,144.37,500,144.35,100,144.34,100,144.33,100,144.31,600,144.3,100,144.22,700,144.21,100,144.18,500,144.51,500,144.54,200,144.55,200,144.56,200,144.57,100,144.58,600,144.59,600,144.6,500,144.61,500,144.62,500
2026-01-16 09:35:23,144.445,144.44,2,144.38,300,144.51,500,144.51,144.38,144.38,300,144.37,500,144.35,100,144.34,100,144.33,100,144.31,600,144.3,100,144.22,700,144.21,100,144.18,500,144.51,500,144.54,200,144.55,200,144.56,200,144.57,100,144.58,600,144.59,600,144.6,500,144.61,500,144.62,500
2026-01-16 09:35:24,144.445,144.44,1,144.38,300,144.51,600,144.51,144.38,144.38,300,144.37,500,144.35,100,144.34,100,144.33,100,144.31,600,144.3,100,144.22,700,144.21,100,144.18,500,144.51,600,144.54,200,144.55,200,144.56,200,144.57,100,144.58,600,144.59,600,144.6,500,144.61,500,144.62,500
2026-01-16 09:35:25,144.445,144.44,1,144.38,300,144.51,600,144.51,144.38,144.38,300,144.37,500,144.35,100,144.34,100,144.33,100,144.31,600,144.3,100,144.22,700,144.21,100,144.18,500,144.51,600,144.54,200,144.55,200,144.56,200,144.57,100,144.58,600,144.59,600,144.6,500,144.61,500,144.62,500
2026-01-16 09:35:26,144.445,144.44,1,144.38,300,144.51,600,144.51,144.38,144.38,300,144.37,500,144.35,100,144.34,100,144.33,100,144.31,600,144.3,100,144.22,700,144.21,100,144.18,500,144.51,600,144.54,200,144.55,200,144.56,200,144.57,100,144.58,600,144.59,600,144.6,500,144.61,500,144.62,500
2026-01-16 09:35:27,144.445,144.44,1,144.38,300,144.51,600,144.51,144.38,144.38,300,144.37,500,144.35,100,144.34,100,144.33,100,144.31,600,144.3,100,144.22,700,144.21,100,144.18,500,144.51,600,144.54,200,144.55,200,144.56,200,144.57,100,144.58,600,144.59,600,144.6,500,144.61,500,144.62,500
2026-01-16 09:35:28,144.445,144.44,1,144.38,300,144.51,600,144.51,144.38,144.38,300,144.37,500,144.35,100,144.34,100,144.33,100,144.31,600,144.3,100,144.22,700,144.21,100,144.18,500,144.51,600,144.54,200,144.55,200,144.56,200,144.57,100,144.58,600,144.59,600,144.6,500,144.61,500,144.62,500
2026-01-16 09:35:29,144.445,144.38,1,144.38,300,144.51,500,144.51,144.38,144.38,300,144.37,500,144.35,100,144.34,100,144.33,100,144.31,600,144.3,100,144.22,700,144.21,100,144.18,500,144.51,500,144.54,200,144.55,200,144.56,200,144.57,100,144.58,600,144.59,600,144.6,500,144.61,500,144.62,500
2026-01-16 09:35:30,144.435,144.42,1,144.38,300,144.49,400,144.49,144.38,144.38,300,144.37,500,144.35,100,144.34,100,144.33,100,144.31,600,144.3,100,144.22,700,144.21,100,144.18,500,144.49,400,144.51,600,144.54,200,144.55,200,144.56,200,144.57,100,144.58,600,144.59,600,144.6,500,144.61,500
2026-01-16 09:35:31,144.36,144.36,2,144.31,100,144.41,100,144.41,144.31,144.31,100,144.3,100,144.22,700,144.21,100,144.18,500,144.17,800,144.15,100,144.13,200,144.1,200,144.09,100,144.41,100,144.42,100,144.45,100,144.46,100,144.48,100,144.49,100,144.5,100,144.51,500,144.54,200,144.55,200
2026-01-16 09:35:32,144.39,144.34,1,144.33,200,144.45,600,144.45,144.33,144.33,200,144.32,100,144.31,100,144.3,100,144.22,700,144.21,100,144.18,500,144.17,800,144.15,100,144.13,200,144.45,600,144.46,100,144.48,100,144.49,100,144.5,100,144.51,500,144.54,200,144.55,200,144.56,200,144.57,100
2026-01-16 09:35:33,144.39,144.43,2,144.33,200,144.45,700,144.45,144.33,144.33,200,144.32,100,144.31,100,144.3,100,144.22,700,144.21,100,144.18,500,144.17,800,144.15,100,144.13,200,144.45,700,144.46,100,144.48,100,144.49,100,144.5,100,144.51,500,144.54,200,144.55,200,144.56,200,144.57,100
2026-01-16 09:35:34,144.39,144.43,2,144.33,200,144.45,700,144.45,144.33,144.33,200,144.32,100,144.31,100,144.3,100,144.22,700,144.21,100,144.18,500,144.17,800,144.15,100,144.13,200,144.45,700,144.46,100,144.48,100,144.49,100,144.5,100,144.51,500,144.54,200,144.55,200,144.56,200,144.57,100
2026-01-16 09:35:35,144.39,144.43,2,144.33,200,144.45,700,144.45,144.33,144.33,200,144.32,100,144.31,100,144.3,100,144.22,700,144.21,100,144.18,500,144.17,800,144.15,100,144.13,200,144.45,700,144.46,100,144.48,100,144.49,100,144.5,100,144.51,500,144.54,200,144.55,200,144.56,200,144.57,100
2026-01-16 09:35:36,144.39,144.39,1,144.33,200,144.45,200,144.45,144.33,144.33,200,144.32,100,144.31,100,144.3,100,144.22,700,144.21,100,144.18,500,144.17,800,144.15,100,144.13,200,144.45,200,144.46,100,144.48,100,144.49,100,144.5,100,144.51,500,144.54,200,144.55,200,144.56,200,144.57,100
2026-01-16 09:35:37,144.39,144.44,1,144.33,200,144.45,400,144.45,144.33,144.33,200,144.32,100,144.31,100,144.3,100,144.22,700,144.21,100,144.18,500,144.17,800,144.15,100,144.13,200,144.45,400,144.46,100,144.48,100,144.49,100,144.5,100,144.51,500,144.54,200,144.55,200,144.56,200,144.57,100
2026-01-16 09:35:38,144.39,144.44,1,144.33,200,144.45,400,144.45,144.33,144.33,200,144.32,100,144.31,100,144.3,100,144.22,700,144.21,100,144.18,500,144.17,800,144.15,100,144.13,200,144.45,400,144.46,100,144.48,100,144.49,100,144.5,100,144.51,500,144.54,200,144.55,200,144.56,200,144.57,100
2026-01-16 09:35:39,144.39,144.44,1,144.33,200,144.45,400,144.45,144.33,144.33,200,144.32,100,144.31,100,144.3,100,144.22,700,144.21,100,144.18,500,144.17,800,144.15,100,144.13,200,144.45,400,144.46,100,144.48,100,144.49,100,144.5,100,144.51,500,144.54,200,144.55,200,144.56,200,144.57,100
2026-01-16 09:35:40,144.39,144.44,1,144.33,300,144.45,400,144.45,144.33,144.33,300,144.32,100,144.31,100,144.3,100,144.22,700,144.21,100,144.18,500,144.17,800,144.15,100,144.13,200,144.45,400,144.46,100,144.48,100,144.49,100,144.5,100,144.51,500,144.54,200,144.55,200,144.56,200,144.57,100
2026-01-16 09:35:41,144.39,144.44,1,144.33,300,144.45,400,144.45,144.33,144.33,300,144.32,100,144.31,100,144.3,100,144.22,700,144.21,100,144.18,500,144.17,800,144.15,100,144.13,200,144.45,400,144.46,100,144.48,100,144.49,100,144.5,100,144.51,500,144.54,200,144.55,200,144.56,200,144.57,100
2026-01-16 09:35:42,144.39,144.44,1,144.33,200,144.45,400,144.45,144.33,144.33,200,144.32,100,144.31,100,144.3,100,144.22,700,144.21,100,144.18,500,144.17,800,144.15,100,144.13,200,144.45,400,144.46,100,144.48,100,144.49,100,144.5,100,144.51,500,144.54,200,144.55,200,144.56,200,144.57,100
2026-01-16 09:35:43,144.39,144.44,1,144.33,200,144.45,400,144.45,144.33,144.33,200,144.32,100,144.31,100,144.3,100,144.22,700,144.21,100,144.18,500,144.17,800,144.15,100,144.13,200,144.45,400,144.46,100,144.48,100,144.49,100,144.5,100,144.51,500,144.54,200,144.55,200,144.56,200,144.57,100
2026-01-16 09:35:44,144.385,144.44,1,144.33,200,144.44,600,144.44,144.33,144.33,200,144.32,100,144.31,100,144.3,100,144.22,700,144.21,100,144.18,500,144.17,800,144.15,100,144.13,200,144.44,600,144.45,400,144.46,100,144.48,100,144.49,100,144.5,100,144.51,500,144.54,200,144.55,200,144.56,200
2026-01-16 09:35:45,144.4,144.39,1,144.33,700,144.47,100,144.47,144.33,144.33,700,144.32,100,144.31,100,144.3,100,144.22,700,144.21,100,144.18,500,144.17,800,144.15,100,144.13,200,144.47,100,144.48,300,144.49,300,144.5,100,144.51,500,144.54,200,144.55,200,144.56,200,144.57,100,144.58,600
2026-01-16 09:35:46,144.405,144.39,1,144.33,600,144.48,400,144.48,144.33,144.33,600,144.32,100,144.31,100,144.3,100,144.22,700,144.21,100,144.18,500,144.17,800,144.15,100,144.13,200,144.48,400,144.49,300,144.5,100,144.51,500,144.54,200,144.55,200,144.56,200,144.57,100,144.58,600,144.59,600
2026-01-16 09:35:47,144.405,144.39,1,144.33,500,144.48,400,144.48,144.33,144.33,500,144.32,100,144.31,100,144.3,100,144.22,700,144.21,100,144.18,500,144.17,800,144.15,100,144.13,200,144.48,400,144.49,300,144.5,100,144.51,500,144.54,200,144.55,200,144.56,200,144.57,100,144.58,600,144.59,600
2026-01-16 09:35:48,144.395,144.39,1,144.33,500,144.46,400,144.46,144.33,144.33,500,144.32,100,144.31,100,144.3,100,144.22,700,144.21,100,144.18,500,144.17,800,144.15,100,144.13,200,144.46,400,144.47,600,144.48,400,144.49,300,144.5,100,144.51,500,144.54,200,144.55,200,144.56,200,144.57,100
2026-01-16 09:35:49,144.395,144.39,1,144.33,500,144.46,400,144.46,144.33,144.33,500,144.32,100,144.31,100,144.3,100,144.22,700,144.21,100,144.18,500,144.17,800,144.15,100,144.13,200,144.46,400,144.47,600,144.48,400,144.49,300,144.5,100,144.51,500,144.54,200,144.55,200,144.56,200,144.57,100
2026-01-16 09:35:50,144.395,144.39,1,144.33,500,144.46,400,144.46,144.33,144.33,500,144.32,100,144.31,100,144.3,100,144.22,700,144.21,100,144.18,500,144.17,800,144.15,100,144.13,200,144.46,400,144.47,600,144.48,400,144.49,300,144.5,100,144.51,500,144.54,200,144.55,200,144.56,200,144.57,100
2026-01-16 09:35:51,144.395,144.39,1,144.33,500,144.46,400,144.46,144.33,144.33,500,144.32,100,144.31,100,144.3,100,144.22,700,144.21,100,144.18,500,144.17,800,144.15,100,144.13,200,144.46,400,144.47,600,144.48,400,144.49,300,144.5,100,144.51,500,144.54,200,144.55,200,144.56,200,144.57,100
2026-01-16 09:35:52,144.305,144.32,1,144.26,100,144.35,100,144.35,144.26,144.26,100,144.22,700,144.21,100,144.18,500,144.17,800,144.15,100,144.13,200,144.1,200,144.09,100,144.08,100,144.35,100,144.37,100,144.38,500,144.39,100,144.41,100,144.42,100,144.43,400,144.44,100,144.45,200,144.46,400
2026-01-16 09:35:53,144.285,144.29,1,144.26,300,144.31,200,144.31,144.26,144.26,300,144.22,700,144.21,100,144.18,500,144.17,800,144.15,100,144.13,200,144.1,200,144.09,100,144.08,100,144.31,200,144.35,300,144.37,100,144.38,500,144.39,100,144.41,100,144.42,100,144.43,400,144.44,100,144.45,200
2026-01-16 09:35:54,144.39,144.31,1,144.3,100,144.48,400,144.48,144.3,144.3,100,144.29,500,144.28,800,144.26,600,144.22,700,144.21,100,144.18,500,144.17,800,144.15,100,144.13,200,144.48,400,144.49,300,144.5,100,144.51,500,144.54,200,144.55,200,144.56,200,144.57,100,144.58,600,144.59,600
2026-01-16 09:35:55,144.375,144.31,1,144.29,100,144.46,200,144.46,144.29,144.29,100,144.27,300,144.26,700,144.22,700,144.21,100,144.18,500,144.17,800,144.15,100,144.13,200,144.1,200,144.46,200,144.47,100,144.48,400,144.49,300,144.5,100,144.51,500,144.54,200,144.55,200,144.56,200,144.57,100
2026-01-16 09:35:56,144.38,144.31,1,144.3,100,144.46,200,144.46,144.3,144.3,100,144.29,400,144.27,300,144.26,700,144.22,700,144.21,100,144.18,500,144.17,800,144.15,100,144.13,200,144.46,200,144.47,100,144.48,400,144.49,300,144.5,100,144.51,500,144.54,200,144.55,200,144.56,200,144.57,100
2026-01-16 09:35:57,144.38,144.31,1,144.3,100,144.46,200,144.46,144.3,144.3,100,144.29,400,144.27,300,144.26,700,144.22,700,144.21,100,144.18,500,144.17,800,144.15,100,144.13,200,144.46,200,144.47,100,144.48,400,144.49,300,144.5,100,144.51,500,144.54,200,144.55,200,144.56,200,144.57,100
2026-01-16 09:35:58,144.38,144.31,1,144.3,100,144.46,200,144.46,144.3,144.3,100,144.29,400,144.27,300,144.26,700,144.22,700,144.21,100,144.18,500,144.17,800,144.15,100,144.13,200,144.46,200,144.47,100,144.48,400,144.49,300,144.5,100,144.51,500,144.54,200,144.55,200,144.56,200,144.57,100
2026-01-16 09:35:59,144.385,144.38,1,144.31,100,144.46,200,144.46,144.31,144.31,100,144.28,500,144.27,300,144.26,700,144.22,700,144.21,100,144.18,500,144.17,800,144.15,100,144.13,200,144.46,200,144.47,100,144.48,400,144.49,300,144.5,100,144.51,500,144.54,200,144.55,200,144.56,200,144.57,100
2026-01-16 09:36:00,144.39,144.38,1,144.32,100,144.46,200,144.46,144.32,144.32,100,144.31,200,144.28,500,144.27,300,144.26,700,144.22,700,144.21,100,144.18,500,144.17,800,144.15,100,144.46,200,144.47,100,144.48,400,144.49,300,144.5,100,144.51,500,144.54,200,144.55,200,144.56,200,144.57,100
2026-01-16 09:36:01,144.39,144.4,2,144.32,200,144.46,100,144.46,144.32,144.32,200,144.31,200,144.28,500,144.27,300,144.26,700,144.22,700,144.21,100,144.18,500,144.17,800,144.15,100,144.46,100,144.48,400,144.49,300,144.5,100,144.51,500,144.54,200,144.55,200,144.56,200,144.57,100,144.58,600
2026-01-16 09:36:02,144.39,144.4,2,144.32,200,144.46,200,144.46,144.32,144.32,200,144.31,200,144.28,500,144.27,300,144.26,700,144.22,700,144.21,100,144.18,500,144.17,800,144.15,100,144.46,200,144.48,400,144.49,300,144.5,100,144.51,500,144.54,200,144.55,200,144.56,200,144.57,100,144.58,600
2026-01-16 09:36:03,144.39,144.4,2,144.32,200,144.46,200,144.46,144.32,144.32,200,144.31,200,144.28,500,144.27,300,144.26,700,144.22,700,144.21,100,144.18,500,144.17,800,144.15,100,144.46,200,144.48,400,144.49,300,144.5,100,144.51,500,144.54,200,144.55,200,144.56,200,144.57,100,144.58,600
2026-01-16 09:36:04,144.39,144.4,2,144.32,200,144.46,200,144.46,144.32,144.32,200,144.31,200,144.28,500,144.27,300,144.26,700,144.22,700,144.21,100,144.18,500,144.17,800,144.15,100,144.46,200,144.48,400,144.49,300,144.5,100,144.51,500,144.54,200,144.55,200,144.56,200,144.57,100,144.58,600
2026-01-16 09:36:05,144.39,144.38,1,144.32,200,144.46,200,144.46,144.32,144.32,200,144.31,200,144.28,500,144.27,300,144.26,700,144.22,700,144.21,100,144.18,500,144.17,800,144.15,100,144.46,200,144.48,400,144.49,300,144.5,100,144.51,500,144.54,200,144.55,200,144.56,200,144.57,100,144.58,600
2026-01-16 09:36:06,144.39,144.38,1,144.32,200,144.46,200,144.46,144.32,144.32,200,144.31,200,144.28,500,144.27,300,144.26,700,144.22,700,144.21,100,144.18,500,144.17,800,144.15,100,144.46,200,144.48,400,144.49,300,144.5,100,144.51,500,144.54,200,144.55,200,144.56,200,144.57,100,144.58,600
2026-01-16 09:36:07,144.39,144.38,1,144.32,200,144.46,200,144.46,144.32,144.32,200,144.31,200,144.28,500,144.27,300,144.26,700,144.22,700,144.21,100,144.18,500,144.17,800,144.15,100,144.46,200,144.48,400,144.49,300,144.5,100,144.51,500,144.54,200,144.55,200,144.56,200,144.57,100,144.58,600
2026-01-16 09:36:08,144.39,144.38,1,144.32,200,144.46,200,144.46,144.32,144.32,200,144.31,200,144.28,500,144.27,300,144.26,700,144.22,700,144.21,100,144.18,500,144.17,800,144.15,100,144.46,200,144.48,400,144.49,300,144.5,100,144.51,500,144.54,200,144.55,200,144.56,200,144.57,100,144.58,600
2026-01-16 09:36:09,144.39,144.38,1,144.32,200,144.46,200,144.46,144.32,144.32,200,144.31,200,144.28,500,144.27,300,144.26,700,144.22,700,144.21,100,144.18,500,144.17,800,144.15,100,144.46,200,144.48,400,144.49,300,144.5,100,144.51,500,144.54,200,144.55,200,144.56,200,144.57,100,144.58,600
2026-01-16 09:36:10,144.39,144.38,1,144.32,200,144.46,200,144.46,144.32,144.32,200,144.31,200,144.28,500,144.27,300,144.26,700,144.22,700,144.21,100,144.18,500,144.17,800,144.15,100,144.46,200,144.48,400,144.49,300,144.5,100,144.51,500,144.54,200,144.55,200,144.56,200,144.57,100,144.58,600
2026-01-16 09:36:11,144.32,144.32,1,144.28,600,144.36,200,144.36,144.28,144.28,600,144.27,300,144.26,700,144.22,700,144.21,100,144.18,500,144.17,800,144.15,100,144.13,200,144.1,200,144.36,200,144.4,100,144.41,100,144.43,100,144.44,100,144.45,100,144.46,200,144.48,400,144.49,300,144.5,100
2026-01-16 09:36:12,144.32,144.32,1,144.28,700,144.36,200,144.36,144.28,144.28,700,144.27,300,144.26,700,144.22,700,144.21,100,144.18,500,144.17,800,144.15,100,144.13,200,144.1,200,144.36,200,144.4,100,144.41,100,144.43,100,144.44,100,144.45,100,144.46,200,144.48,400,144.49,300,144.5,100
2026-01-16 09:36:13,144.32,144.32,1,144.28,700,144.36,200,144.36,144.28,144.28,700,144.27,300,144.26,700,144.22,700,144.21,100,144.18,500,144.17,800,144.15,100,144.13,200,144.1,200,144.36,200,144.4,100,144.41,100,144.43,100,144.44,100,144.45,100,144.46,200,144.48,400,144.49,300,144.5,100
2026-01-16 09:36:14,144.32,144.32,4,144.28,700,144.36,200,144.36,144.28,144.28,700,144.27,300,144.26,700,144.22,700,144.21,100,144.18,500,144.17,800,144.15,100,144.13,200,144.1,200,144.36,200,144.4,100,144.41,100,144.43,100,144.44,100,144.45,100,144.46,200,144.48,400,144.49,300,144.5,100
2026-01-16 09:36:15,144.32,144.32,4,144.28,700,144.36,200,144.36,144.28,144.28,700,144.27,300,144.26,700,144.22,700,144.21,100,144.18,500,144.17,800,144.15,100,144.13,200,144.1,200,144.36,200,144.4,100,144.41,100,144.43,100,144.44,100,144.45,100,144.46,200,144.48,400,144.49,300,144.5,100
2026-01-16 09:36:16,144.32,144.32,4,144.28,700,144.36,200,144.36,144.28,144.28,700,144.27,300,144.26,700,144.22,700,144.21,100,144.18,500,144.17,800,144.15,100,144.13,200,144.1,200,144.36,200,144.4,100,144.41,100,144.43,100,144.44,100,144.45,100,144.46,200,144.48,400,144.49,300,144.5,100
2026-01-16 09:36:17,144.32,144.32,4,144.28,700,144.36,200,144.36,144.28,144.28,700,144.27,300,144.26,700,144.22,700,144.21,100,144.18,500,144.17,800,144.15,100,144.13,200,144.1,200,144.36,200,144.4,100,144.41,100,144.43,100,144.44,100,144.45,100,144.46,200,144.48,400,144.49,300,144.5,100
2026-01-16 09:36:18,144.32,144.32,4,144.28,700,144.36,200,144.36,144.28,144.28,700,144.27,300,144.26,700,144.22,700,144.21,100,144.18,500,144.17,800,144.15,100,144.13,200,144.1,200,144.36,200,144.4,100,144.41,100,144.43,100,144.44,100,144.45,100,144.46,200,144.48,400,144.49,300,144.5,100
2026-01-16 09:36:19,144.32,144.32,4,144.28,700,144.36,200,144.36,144.28,144.28,700,144.27,300,144.26,700,144.22,700,144.21,100,144.18,500,144.17,800,144.15,100,144.13,200,144.1,200,144.36,200,144.4,100,144.41,100,144.43,100,144.44,100,144.45,100,144.46,200,144.48,400,144.49,300,144.5,100
2026-01-16 09:36:20,144.32,144.32,4,144.28,700,144.36,200,144.36,144.28,144.28,700,144.27,300,144.26,700,144.22,700,144.21,100,144.18,500,144.17,800,144.15,100,144.13,200,144.1,200,144.36,200,144.4,100,144.41,100,144.43,100,144.44,100,144.45,100,144.46,200,144.48,400,144.49,300,144.5,100
2026-01-16 09:36:21,144.32,144.32,4,144.28,800,144.36,200,144.36,144.28,144.28,800,144.27,300,144.26,700,144.22,700,144.21,100,144.18,500,144.17,800,144.15,100,144.13,200,144.1,200,144.36,200,144.4,100,144.41,100,144.43,100,144.44,100,144.45,100,144.46,200,144.48,400,144.49,300,144.5,100
2026-01-16 09:36:22,144.32,144.32,1,144.28,800,144.36,200,144.36,144.28,144.28,800,144.27,300,144.26,700,144.22,700,144.21,100,144.18,500,144.17,800,144.15,100,144.13,200,144.1,200,144.36,200,144.4,100,144.41,100,144.43,100,144.44,100,144.45,100,144.46,200,144.48,400,144.49,300,144.5,100
2026-01-16 09:36:23,144.32,144.32,1,144.28,800,144.36,200,144.36,144.28,144.28,800,144.27,300,144.26,700,144.22,700,144.21,100,144.18,500,144.17,800,144.15,100,144.13,200,144.1,200,144.36,200,144.4,100,144.41,100,144.43,100,144.44,100,144.45,100,144.46,200,144.48,400,144.49,300,144.5,100
2026-01-16 09:36:25,144.32,144.32,1,144.28,800,144.36,200,144.36,144.28,144.28,800,144.27,300,144.26,700,144.22,700,144.21,100,144.18,500,144.17,800,144.15,100,144.13,200,144.1,200,144.36,200,144.4,100,144.41,100,144.43,100,144.44,100,144.45,100,144.46,200,144.48,400,144.49,300,144.5,100
2026-01-16 09:36:26,144.32,144.32,1,144.28,800,144.36,200,144.36,144.28,144.28,800,144.27,300,144.26,700,144.22,700,144.21,100,144.18,500,144.17,800,144.15,100,144.13,200,144.1,200,144.36,200,144.4,100,144.41,100,144.43,100,144.44,100,144.45,100,144.46,200,144.48,400,144.49,300,144.5,100
2026-01-16 09:36:27,144.32,144.32,1,144.28,800,144.36,200,144.36,144.28,144.28,800,144.27,300,144.26,700,144.22,700,144.21,100,144.18,500,144.17,800,144.15,100,144.13,200,144.1,200,144.36,200,144.4,100,144.41,100,144.43,100,144.44,100,144.45,100,144.46,200,144.48,400,144.49,300,144.5,100
2026-01-16 09:36:28,144.32,144.32,1,144.28,900,144.36,200,144.36,144.28,144.28,900,144.27,300,144.26,700,144.22,700,144.21,100,144.18,500,144.17,800,144.15,100,144.13,200,144.1,200,144.36,200,144.4,100,144.41,100,144.43,100,144.44,100,144.45,100,144.46,200,144.48,400,144.49,300,144.5,100
2026-01-16 09:36:29,144.32,144.32,1,144.28,900,144.36,200,144.36,144.28,144.28,900,144.27,300,144.26,700,144.22,700,144.21,100,144.18,500,144.17,800,144.15,100,144.13,200,144.1,200,144.36,200,144.4,100,144.41,100,144.43,100,144.44,100,144.45,100,144.46,200,144.48,400,144.49,300,144.5,100
2026-01-16 09:36:30,144.32,144.32,1,144.28,900,144.36,200,144.36,144.28,144.28,900,144.27,300,144.26,700,144.22,700,144.21,100,144.18,500,144.17,800,144.15,100,144.13,200,144.1,200,144.36,200,144.4,100,144.41,100,144.43,100,144.44,100,144.45,100,144.46,200,144.48,400,144.49,300,144.5,100
2026-01-16 09:36:31,144.26,144.26,7,144.2,200,144.32,100,144.32,144.2,144.2,200,144.18,500,144.17,800,144.15,100,144.13,200,144.1,200,144.09,100,144.08,100,144.07,100,144.06,600,144.32,100,144.35,200,144.36,200,144.4,100,144.41,100,144.43,100,144.44,100,144.45,100,144.46,200,144.48,400
2026-01-16 09:36:32,144.255,144.21,1,144.2,300,144.31,200,144.31,144.2,144.2,300,144.18,500,144.17,800,144.15,100,144.13,200,144.1,200,144.09,100,144.08,100,144.07,100,144.06,600,144.31,200,144.35,200,144.36,200,144.4,100,144.41,100,144.43,100,144.44,100,144.45,100,144.46,200,144.48,400
2026-01-16 09:36:33,144.155,144.16,1,144.12,100,144.19,100,144.19,144.12,144.12,100,144.1,200,144.09,100,144.08,100,144.07,100,144.06,600,144.05,1000,144.04,500,144.02,100,144.01,200,144.19,100,144.21,100,144.22,100,144.27,200,144.31,400,144.35,200,144.36,200,144.4,100,144.41,100,144.43,100
2026-01-16 09:36:34,144.22,144.19,1,144.13,400,144.31,300,144.31,144.13,144.13,400,144.12,100,144.1,200,144.09,100,144.08,100,144.07,100,144.06,600,144.05,1000,144.04,500,144.02,100,144.31,300,144.35,200,144.36,200,144.4,100,144.41,100,144.43,100,144.44,100,144.45,100,144.46,200,144.48,400
2026-01-16 09:36:35,144.22,144.19,1,144.13,400,144.31,500,144.31,144.13,144.13,400,144.12,100,144.1,200,144.09,100,144.08,100,144.07,100,144.06,600,144.05,1000,144.04,500,144.02,100,144.31,500,144.35,200,144.36,200,144.4,100,144.41,100,144.43,100,144.44,100,144.45,100,144.46,200,144.48,400
2026-01-16 09:36:36,144.235,144.19,1,144.16,100,144.31,500,144.31,144.16,144.16,100,144.15,100,144.14,100,144.13,500,144.12,100,144.1,200,144.09,100,144.08,100,144.07,100,144.06,600,144.31,500,144.35,200,144.36,200,144.4,100,144.41,100,144.43,100,144.44,100,144.45,100,144.46,200,144.48,400
2026-01-16 09:36:37,144.32,144.32,1,144.23,400,144.41,400,144.41,144.23,144.23,400,144.22,100,144.21,100,144.2,100,144.19,100,144.18,500,144.17,200,144.13,400,144.12,100,144.1,200,144.41,400,144.43,100,144.44,100,144.45,100,144.46,200,144.48,400,144.49,300,144.5,100,144.51,500,144.54,200
2026-01-16 09:36:38,144.33,144.33,1,144.23,400,144.43,100,144.43,144.23,144.23,400,144.22,100,144.21,100,144.2,100,144.19,100,144.18,500,144.17,200,144.13,400,144.12,100,144.1,200,144.43,100,144.44,100,144.45,100,144.46,200,144.48,400,144.49,300,144.5,100,144.51,500,144.54,200,144.55,200
2026-01-16 09:36:39,144.33,144.33,1,144.23,400,144.43,100,144.43,144.23,144.23,400,144.22,100,144.21,100,144.2,100,144.19,100,144.18,500,144.17,200,144.13,400,144.12,100,144.1,200,144.43,100,144.44,100,144.45,100,144.46,200,144.48,400,144.49,300,144.5,100,144.51,500,144.54,200,144.55,200
2026-01-16 09:36:40,144.33,144.33,1,144.23,400,144.43,100,144.43,144.23,144.23,400,144.22,100,144.21,100,144.2,100,144.19,100,144.18,500,144.17,200,144.13,400,144.12,100,144.1,200,144.43,100,144.44,100,144.45,100,144.46,200,144.48,400,144.49,300,144.5,100,144.51,500,144.54,200,144.55,200
2026-01-16 09:36:41,144.34,144.33,1,144.25,1000,144.43,200,144.43,144.25,144.25,1000,144.23,400,144.22,100,144.21,100,144.2,100,144.19,100,144.18,500,144.17,200,144.13,400,144.12,100,144.43,200,144.44,100,144.45,100,144.46,200,144.48,400,144.49,300,144.5,100,144.51,500,144.54,200,144.55,200
2026-01-16 09:36:42,144.34,144.33,1,144.25,1000,144.43,200,144.43,144.25,144.25,1000,144.23,400,144.22,100,144.21,100,144.2,100,144.19,100,144.18,500,144.17,200,144.13,400,144.12,100,144.43,200,144.44,100,144.45,100,144.46,200,144.48,400,144.49,300,144.5,100,144.51,500,144.54,200,144.55,200
2026-01-16 09:36:43,144.34,144.33,1,144.25,1000,144.43,200,144.43,144.25,144.25,1000,144.23,400,144.22,100,144.21,100,144.2,100,144.19,100,144.18,500,144.17,200,144.13,400,144.12,100,144.43,200,144.44,100,144.45,100,144.46,200,144.48,400,144.49,300,144.5,100,144.51,500,144.54,200,144.55,200
2026-01-16 09:36:44,144.34,144.33,1,144.25,1000,144.43,200,144.43,144.25,144.25,1000,144.23,400,144.22,100,144.21,100,144.2,100,144.19,100,144.18,500,144.17,200,144.13,400,144.12,100,144.43,200,144.44,100,144.45,100,144.46,200,144.48,400,144.49,300,144.5,100,144.51,500,144.54,200,144.55,200
2026-01-16 09:36:45,144.34,144.33,1,144.25,1000,144.43,200,144.43,144.25,144.25,1000,144.23,400,144.22,100,144.21,100,144.2,100,144.19,100,144.18,500,144.17,200,144.13,400,144.12,100,144.43,200,144.44,100,144.45,100,144.46,200,144.48,400,144.49,300,144.5,100,144.51,500,144.54,200,144.55,200
2026-01-16 09:36:46,144.34,144.33,1,144.25,1000,144.43,200,144.43,144.25,144.25,1000,144.23,400,144.22,100,144.21,100,144.2,100,144.19,100,144.18,500,144.17,200,144.13,400,144.12,100,144.43,200,144.44,100,144.45,100,144.46,200,144.48,400,144.49,300,144.5,100,144.51,500,144.54,200,144.55,200
2026-01-16 09:36:47,144.34,144.33,1,144.25,1000,144.43,200,144.43,144.25,144.25,1000,144.23,400,144.22,100,144.21,100,144.2,100,144.19,100,144.18,500,144.17,200,144.13,400,144.12,100,144.43,200,144.44,100,144.45,100,144.46,200,144.48,400,144.49,300,144.5,100,144.51,500,144.54,200,144.55,200
2026-01-16 09:36:48,144.34,144.33,1,144.25,1000,144.43,200,144.43,144.25,144.25,1000,144.23,400,144.22,100,144.21,100,144.2,100,144.19,100,144.18,500,144.17,200,144.13,400,144.12,100,144.43,200,144.44,100,144.45,100,144.46,200,144.48,400,144.49,300,144.5,100,144.51,500,144.54,200,144.55,200
2026-01-16 09:36:49,144.32,144.34,1,144.25,1000,144.39,300,144.39,144.25,144.25,1000,144.23,400,144.22,100,144.21,100,144.2,100,144.19,100,144.18,500,144.17,200,144.13,400,144.12,100,144.39,300,144.4,300,144.41,500,144.43,200,144.44,100,144.45,100,144.46,200,144.48,400,144.49,300,144.5,100
2026-01-16 09:36:50,144.315,144.34,1,144.25,1000,144.38,300,144.38,144.25,144.25,1000,144.23,400,144.22,100,144.21,100,144.2,100,144.19,100,144.18,500,144.17,200,144.13,400,144.12,100,144.38,300,144.39,300,144.4,300,144.41,500,144.43,200,144.44,100,144.45,100,144.46,200,144.48,400,144.49,300
