sim_time,mid_price,last_price,last_size,best_bid_price,best_bid_size,best_ask_price,best_ask_size,close_price_buy,close_price_sell,bid1_price,bid1_size,bid2_price,bid2_size,bid3_price,bid3_size,bid4_price,bid4_size,bid5_price,bid5_size,bid6_price,bid6_size,bid7_price,bid7_size,bid8_price,bid8_size,bid9_price,bid9_size,bid10_price,bid10_size,ask1_price,ask1_size,ask2_price,ask2_size,ask3_price,ask3_size,ask4_price,ask4_size,ask5_price,ask5_size,ask6_price,ask6_size,ask7_price,ask7_size,ask8_price,ask8_size,ask9_price,ask9_size,ask10_price,ask10_size
2026-01-16 09:30:36,,0.0,0,,,,,,,,,,,,,,,,,,,,,,,,,,,,,,,,,,,,,,,,,,,,,,
2026-01-16 09:30:37,,0.0,0,,,,,,,,,,,,,,,,,,,,,,,,,,,,,,,,,,,,,,,,,,,,,,
2026-01-16 09:30:38,,0.0,0,,,,,,,,,,,,,,,,,,,,,,,,,,,,,,,,,,,,,,,,,,,,,,
2026-01-16 09:30:38,,0.0,0,,,,,,,,,,,,,,,,,,,,,,,,,,,,,,,,,,,,,,,,,,,,,,
2026-01-16 09:30:39,,0.0,0,,,,,,,,,,,,,,,,,,,,,,,,,,,,,,,,,,,,,,,,,,,,,,
2026-01-16 09:30:39,,0.0,0,,,,,,,,,,,,,,,,,,,,,,,,,,,,,,,,,,,,,,,,,,,,,,
2026-01-16 09:30:41,,0.0,0,,,,,,,,,,,,,,,,,,,,,,,,,,,,,,,,,,,,,,,,,,,,,,
2026-01-16 09:30:43,355.515,355.9,40,354.22,160,356.81,1080,356.81,354.22,354.22,160,354.21,760,352.36,160,352.35,200,351.76,240,351.75,640,351.68,920,,,,,,,356.81,1080,356.87,160,357.41,120,,,,,,,,,,,,,,
2026-01-16 09:30:44,355.76,355.9,40,354.71,120,356.81,1080,356.81,354.71,354.71,120,354.66,40,354.22,160,354.21,760,352.36,160,352.35,200,351.76,240,351.75,640,351.68,920,,,356.81,1080,356.87,160,357.41,120,,,,,,,,,,,,,,
2026-01-16 09:30:45,355.76,355.9,40,354.71,640,356.81,1080,356.81,354.71,354.71,640,354.66,40,354.22,160,354.21,760,352.36,160,352.35,200,351.76,240,351.75,640,351.68,920,,,356.81,1080,356.87,160,357.41,120,,,,,,,,,,,,,,
2026-01-16 09:30:46,355.76,355.9,40,354.71,640,356.81,1080,356.81,354.71,354.71,640,354.66,40,354.22,160,354.21,760,352.36,160,352.35,200,351.76,240,351.75,640,351.68,920,,,356.81,1080,356.87,160,357.41,120,,,,,,,,,,,,,,
2026-01-16 09:30:47,355.76,355.9,40,354.71,640,356.81,1080,356.81,354.71,354.71,640,354.66,40,354.22,160,354.21,760,352.36,160,352.35,200,351.76,240,351.75,640,351.68,920,,,356.81,1080,356.87,160,357.41,120,,,,,,,,,,,,,,
2026-01-16 09:30:48,355.76,355.9,40,354.71,640,356.81,1080,356.81,354.71,354.71,640,354.66,40,354.22,160,354.21,760,352.36,160,352.35,200,351.76,240,351.75,640,351.68,920,,,356.81,1080,356.87,160,357.41,120,,,,,,,,,,,,,,
2026-01-16 09:30:49,355.76,355.9,40,354.71,640,356.81,1080,356.81,354.71,354.71,640,354.66,40,354.22,160,354.21,760,352.36,160,352.35,200,351.76,240,351.75,640,351.68,920,,,356.81,1080,356.87,160,357.41,120,,,,,,,,,,,,,,
2026-01-16 09:30:50,355.76,355.9,40,354.71,640,356.81,1080,356.81,354.71,354.71,640,354.66,40,354.22,160,354.21,760,352.36,160,352.35,200,351.76,240,351.75,640,351.68,920,,,356.81,1080,356.87,160,357.41,120,,,,,,,,,,,,,,
2026-01-16 09:30:51,355.76,355.9,40,354.71,640,356.81,1080,356.81,354.71,354.71,640,354.66,40,354.22,160,354.21,760,352.36,160,352.35,200,351.76,240,351.75,640,351.68,920,,,356.81,1080,356.87,160,357.41,120,,,,,,,,,,,,,,
2026-01-16 09:30:52,355.76,355.9,40,354.71,640,356.81,1080,356.81,354.71,354.71,640,354.66,40,354.22,160,354.21,760,352.36,160,352.35,200,351.76,240,351.75,640,351.68,920,,,356.81,1080,356.87,160,357.41,120,,,,,,,,,,,,,,
2026-01-16 09:30:53,355.76,355.9,40,354.71,640,356.81,1080,356.81,354.71,354.71,640,354.66,40,354.22,160,354.21,760,352.36,160,352.35,200,351.76,240,351.75,640,351.68,920,,,356.81,1080,356.87,160,357.41,120,,,,,,,,,,,,,,
2026-01-16 09:30:54,355.76,355.9,40,354.71,640,356.81,1080,356.81,354.71,354.71,640,354.66,40,354.22,160,354.21,760,352.36,160,352.35,200,351.76,240,351.75,640,351.68,920,,,356.81,1080,356.87,160,357.41,120,,,,,,,,,,,,,,
2026-01-16 09:30:55,355.76,355.9,40,354.71,640,356.81,1080,356.81,354.71,354.71,640,354.66,40,354.22,160,354.21,760,352.36,160,352.35,200,351.76,240,351.75,640,351.68,920,,,356.81,1080,356.87,160,357.41,120,,,,,,,,,,,,,,
2026-01-16 09:30:56,355.76,355.9,40,354.71,640,356.81,1080,356.81,354.71,354.71,640,354.66,40,354.22,160,354.21,760,352.36,160,352.35,200,351.76,240,351.75,640,351.68,920,,,356.81,1080,356.87,160,357.41,120,,,,,,,,,,,,,,
2026-01-16 09:30:57,355.76,355.9,40,354.71,640,356.81,1080,356.81,354.71,354.71,640,354.66,40,354.22,160,354.21,760,352.36,160,352.35,200,351.76,240,351.75,640,351.68,920,,,356.81,1080,356.87,160,357.41,120,,,,,,,,,,,,,,
2026-01-16 09:30:58,355.69,355.9,40,354.71,680,356.67,80,356.67,354.71,354.71,680,354.66,40,354.22,160,354.21,760,352.36,160,352.35,200,351.76,240,351.75,640,351.68,920,,,356.67,80,356.81,1080,356.87,160,357.41,120,,,,,,,,,,,,
2026-01-16 09:30:59,355.69,355.9,40,354.71,680,356.67,80,356.67,354.71,354.71,680,354.66,40,354.22,160,354.21,760,352.36,160,352.35,200,351.76,240,351.75,640,351.68,920,,,356.67,80,356.81,1080,356.87,160,357.41,120,,,,,,,,,,,,
2026-01-16 09:31:00,355.69,355.9,40,354.71,680,356.67,80,356.67,354.71,354.71,680,354.66,40,354.22,160,354.21,760,352.36,160,352.35,200,351.76,240,351.75,640,351.68,920,,,356.67,80,356.81,1080,356.87,160,357.41,120,,,,,,,,,,,,
2026-01-16 09:31:01,355.69,355.9,40,354.71,680,356.67,80,356.67,354.71,354.71,680,354.66,40,354.22,160,354.21,760,352.36,160,352.35,200,351.76,240,351.75,640,351.68,920,,,356.67,80,356.81,1080,356.87,160,357.41,120,,,,,,,,,,,,
2026-01-16 09:31:02,355.69,355.9,40,354.71,680,356.67,80,356.67,354.71,354.71,680,354.66,40,354.22,160,354.21,760,352.36,160,352.35,200,351.76,240,351.75,640,351.68,920,,,356.67,80,356.81,1080,356.87,160,357.41,120,,,,,,,,,,,,
2026-01-16 09:31:03,355.69,355.9,40,354.71,680,356.67,80,356.67,354.71,354.71,680,354.66,40,354.22,160,354.21,760,352.36,160,352.35,200,351.76,240,351.75,640,351.68,920,,,356.67,80,356.81,1080,356.87,160,357.41,120,,,,,,,,,,,,
2026-01-16 09:31:04,355.69,355.9,40,354.71,680,356.67,80,356.67,354.71,354.71,680,354.66,40,354.22,160,354.21,760,352.36,160,352.35,200,351.76,240,351.75,640,351.68,920,,,356.67,80,356.81,1080,356.87,160,357.41,120,,,,,,,,,,,,
2026-01-16 09:31:05,355.69,355.9,40,354.71,680,356.67,80,356.67,354.71,354.71,680,354.66,40,354.22,160,354.21,760,352.36,160,352.35,200,351.76,240,351.75,640,351.68,920,,,356.67,80,356.81,1080,356.87,160,357.41,120,,,,,,,,,,,,
2026-01-16 09:31:06,355.69,355.9,40,354.71,680,356.67,80,356.67,354.71,354.71,680,354.66,40,354.22,160,354.21,760,352.36,160,352.35,200,351.76,240,351.75,640,351.68,920,,,356.67,80,356.81,1080,356.87,160,357.41,120,,,,,,,,,,,,
2026-01-16 09:31:07,355.69,355.9,40,354.71,680,356.67,80,356.67,354.71,354.71,680,354.66,40,354.22,160,354.21,760,352.36,160,352.35,200,351.76,240,351.75,640,351.68,920,,,356.67,80,356.81,1080,356.87,160,357.41,120,,,,,,,,,,,,
2026-01-16 09:31:08,355.69,355.9,40,354.71,680,356.67,80,356.67,354.71,354.71,680,354.66,40,354.22,160,354.21,760,352.36,160,352.35,200,351.76,240,351.75,640,351.68,920,,,356.67,80,356.81,1080,356.87,160,357.41,120,,,,,,,,,,,,
2026-01-16 09:31:09,355.69,355.9,40,354.71,680,356.67,80,356.67,354.71,354.71,680,354.66,40,354.22,160,354.21,760,352.36,160,352.35,200,351.76,240,351.75,640,351.68,920,,,356.67,80,356.81,1080,356.87,160,357.41,120,,,,,,,,,,,,
2026-01-16 09:31:10,355.69,355.9,40,354.71,680,356.67,80,356.67,354.71,354.71,680,354.66,40,354.22,160,354.21,760,352.36,160,352.35,200,351.76,240,351.75,640,351.68,920,,,356.67,80,356.81,1080,356.87,160,357.41,120,,,,,,,,,,,,
2026-01-16 09:31:11,355.69,355.9,40,354.71,680,356.67,80,356.67,354.71,354.71,680,354.66,40,354.22,160,354.21,760,352.36,160,352.35,200,351.76,240,351.75,640,351.68,920,,,356.67,80,356.81,1080,356.87,160,357.41,120,,,,,,,,,,,,
2026-01-16 09:31:12,355.69,355.9,40,354.71,680,356.67,80,356.67,354.71,354.71,680,354.66,40,354.22,160,354.21,760,352.36,160,352.35,200,351.76,240,351.75,640,351.68,920,,,356.67,80,356.81,1080,356.87,160,357.41,120,,,,,,,,,,,,
2026-01-16 09:31:13,355.69,355.9,40,354.71,640,356.67,80,356.67,354.71,354.71,640,354.66,40,354.22,160,354.21,760,352.36,160,352.35,200,351.76,240,351.75,640,351.68,920,,,356.67,80,356.81,1080,356.87,160,357.41,120,,,,,,,,,,,,
2026-01-16 09:31:14,355.69,355.9,40,354.71,640,356.67,80,356.67,354.71,354.71,640,354.66,40,354.22,160,354.21,760,352.36,160,352.35,200,351.76,240,351.75,640,351.68,920,,,356.67,80,356.81,1080,356.87,160,357.41,120,,,,,,,,,,,,
2026-01-16 09:31:15,355.69,355.9,40,354.71,640,356.67,80,356.67,354.71,354.71,640,354.66,40,354.22,160,354.21,760,352.36,160,352.35,200,351.76,240,351.75,640,351.68,920,,,356.67,80,356.81,1080,356.87,160,357.41,120,,,,,,,,,,,,
2026-01-16 09:31:16,355.69,355.9,40,354.71,640,356.67,80,356.67,354.71,354.71,640,354.66,40,354.22,160,354.21,760,352.36,160,352.35,200,351.76,240,351.75,640,351.68,920,,,356.67,80,356.81,1080,356.87,160,357.41,120,,,,,,,,,,,,
2026-01-16 09:31:17,355.69,355.9,40,354.71,640,356.67,80,356.67,354.71,354.71,640,354.66,40,354.22,160,354.21,760,352.36,160,352.35,200,351.76,240,351.75,640,351.68,920,,,356.67,80,356.81,1080,356.87,160,357.41,120,,,,,,,,,,,,
2026-01-16 09:31:18,355.69,355.9,40,354.71,640,356.67,80,356.67,354.71,354.71,640,354.66,40,354.22,160,354.21,760,352.36,160,352.35,200,351.76,240,351.75,640,351.68,920,,,356.67,80,356.81,1080,356.87,160,357.41,120,,,,,,,,,,,,
2026-01-16 09:31:19,355.69,355.9,40,354.71,640,356.67,80,356.67,354.71,354.71,640,354.66,40,354.22,160,354.21,760,352.36,160,352.35,200,351.76,240,351.75,640,351.68,920,,,356.67,80,356.81,1080,356.87,160,357.41,120,,,,,,,,,,,,
2026-01-16 09:31:20,355.69,355.9,40,354.71,640,356.67,80,356.67,354.71,354.71,640,354.66,40,354.22,160,354.21,760,352.36,160,352.35,200,351.76,240,351.75,640,351.68,920,,,356.67,80,356.81,1080,356.87,160,357.41,120,,,,,,,,,,,,
2026-01-16 09:31:21,355.69,355.9,40,354.71,640,356.67,80,356.67,354.71,354.71,640,354.66,40,354.22,160,354.21,760,352.36,160,352.35,200,351.76,240,351.75,640,351.68,920,,,356.67,80,356.81,1080,356.87,160,357.41,120,,,,,,,,,,,,
2026-01-16 09:31:22,355.69,355.9,40,354.71,680,356.67,80,356.67,354.71,354.71,680,354.66,40,354.22,160,354.21,760,352.36,160,352.35,200,351.76,240,351.75,640,351.68,920,,,356.67,80,356.81,1080,356.87,160,357.41,120,,,,,,,,,,,,
2026-01-16 09:31:23,355.69,355.9,40,354.71,680,356.67,80,356.67,354.71,354.71,680,354.66,40,354.22,160,354.21,760,352.36,160,352.35,200,351.76,240,351.75,640,351.68,920,,,356.67,80,356.81,1080,356.87,160,357.41,120,,,,,,,,,,,,
2026-01-16 09:31:24,355.69,355.9,40,354.71,680,356.67,80,356.67,354.71,354.71,680,354.66,40,354.22,160,354.21,760,352.36,160,352.35,200,351.76,240,351.75,640,351.68,920,,,356.67,80,356.81,1080,356.87,160,357.41,120,,,,,,,,,,,,
2026-01-16 09:31:25,355.69,355.9,40,354.71,720,356.67,80,356.67,354.71,354.71,720,354.66,40,354.22,160,354.21,760,352.36,160,352.35,200,351.76,240,351.75,640,351.68,920,,,356.67,80,356.81,1080,356.87,160,357.41,120,,,,,,,,,,,,
2026-01-16 09:31:26,355.69,355.9,40,354.71,720,356.67,80,356.67,354.71,354.71,720,354.66,40,354.22,160,354.21,760,352.36,160,352.35,200,351.76,240,351.75,640,351.68,920,,,356.67,80,356.81,1080,356.87,160,357.41,120,,,,,,,,,,,,
2026-01-16 09:31:27,355.69,355.9,40,354.71,720,356.67,80,356.67,354.71,354.71,720,354.66,40,354.22,160,354.21,760,352.36,160,352.35,200,351.76,240,351.75,640,351.68,920,,,356.67,80,356.81,1080,356.87,160,357.41,120,,,,,,,,,,,,
2026-01-16 09:31:28,355.69,355.9,40,354.71,720,356.67,80,356.67,354.71,354.71,720,354.66,40,354.22,160,354.21,760,352.36,160,352.35,200,351.76,240,351.75,640,351.68,920,,,356.67,80,356.81,1080,356.87,160,357.41,120,,,,,,,,,,,,
2026-01-16 09:31:29,355.69,355.9,40,354.71,720,356.67,80,356.67,354.71,354.71,720,354.66,40,354.22,160,354.21,760,352.36,160,352.35,200,351.76,240,351.75,640,351.68,920,,,356.67,80,356.81,1080,356.87,160,357.41,120,,,,,,,,,,,,
2026-01-16 09:31:30,355.69,355.9,40,354.71,720,356.67,80,356.67,354.71,354.71,720,354.66,40,354.22,160,354.21,760,352.36,160,352.35,200,351.76,240,351.75,640,351.68,920,,,356.67,80,356.81,1080,356.87,160,357.41,120,,,,,,,,,,,,
2026-01-16 09:31:31,355.69,355.9,40,354.71,720,356.67,80,356.67,354.71,354.71,720,354.66,40,354.22,160,354.21,760,352.36,160,352.35,200,351.76,240,351.75,640,351.68,920,,,356.67,80,356.81,1080,356.87,160,357.41,120,,,,,,,,,,,,
2026-01-16 09:31:32,356.46,356.75,1,355.19,120,357.73,160,357.73,355.19,355.19,120,355.18,80,355.02,40,354.97,40,354.71,720,354.66,40,354.22,160,354.21,760,352.36,160,352.35,200,357.73,160,,,,,,,,,,,,,,,,,,
2026-01-16 09:31:33,356.41,356.75,1,355.19,160,357.63,40,357.63,355.19,355.19,160,355.18,80,355.02,40,354.97,40,354.71,720,354.66,40,354.22,160,354.21,760,352.36,160,352.35,200,357.63,40,357.73,160,,,,,,,,,,,,,,,,
2026-01-16 09:31:34,356.41,356.75,1,355.19,160,357.63,40,357.63,355.19,355.19,160,355.18,80,355.02,40,354.97,40,354.71,720,354.66,40,354.22,160,354.21,760,352.36,160,352.35,200,357.63,40,357.73,160,,,,,,,,,,,,,,,,
2026-01-16 09:31:35,356.41,356.75,1,355.19,160,357.63,40,357.63,355.19,355.19,160,355.18,80,355.02,40,354.97,40,354.71,720,354.66,40,354.22,160,354.21,760,352.36,160,352.35,200,357.63,40,357.73,160,,,,,,,,,,,,,,,,
2026-01-16 09:31:36,356.41,356.75,1,355.19,160,357.63,40,357.63,355.19,355.19,160,355.18,80,355.02,40,354.97,40,354.71,720,354.66,40,354.22,160,354.21,760,352.36,160,352.35,200,357.63,40,357.73,160,,,,,,,,,,,,,,,,
2026-01-16 09:31:37,356.41,356.75,1,355.19,160,357.63,40,357.63,355.19,355.19,160,355.18,80,355.02,40,354.97,40,354.71,720,354.66,40,354.22,160,354.21,760,352.36,160,352.35,200,357.63,40,357.73,160,,,,,,,,,,,,,,,,
2026-01-16 09:31:38,356.41,356.75,1,355.19,160,357.63,160,357.63,355.19,355.19,160,355.18,80,355.02,40,354.97,40,354.71,720,354.66,40,354.22,160,354.21,760,352.36,160,352.35,200,357.63,160,357.73,160,,,,,,,,,,,,,,,,
2026-01-16 09:31:39,356.41,356.75,1,355.19,160,357.63,160,357.63,355.19,355.19,160,355.18,80,355.02,40,354.97,40,354.71,720,354.66,40,354.22,160,354.21,760,352.36,160,352.35,200,357.63,160,357.73,160,,,,,,,,,,,,,,,,
2026-01-16 09:31:40,356.53,357.08,1,355.43,40,357.63,160,357.63,355.43,355.43,40,355.19,160,355.18,80,355.02,40,354.97,40,354.71,720,354.66,40,354.22,160,354.21,760,352.36,160,357.63,160,357.73,160,,,,,,,,,,,,,,,,
2026-01-16 09:31:41,356.53,357.08,1,355.43,40,357.63,160,357.63,355.43,355.43,40,355.19,160,355.18,80,355.02,40,354.97,40,354.71,720,354.66,40,354.22,160,354.21,760,352.36,160,357.63,160,357.73,160,,,,,,,,,,,,,,,,
2026-01-16 09:31:42,356.53,357.08,1,355.43,40,357.63,160,357.63,355.43,355.43,40,355.39,40,355.19,160,355.18,80,355.02,40,354.97,40,354.71,720,354.66,40,354.22,160,354.21,760,357.63,160,357.73,160,,,,,,,,,,,,,,,,
2026-01-16 09:31:43,356.53,357.08,1,355.43,40,357.63,160,357.63,355.43,355.43,40,355.39,40,355.19,160,355.18,80,355.02,40,354.97,40,354.71,720,354.66,40,354.22,160,354.21,760,357.63,160,357.73,160,,,,,,,,,,,,,,,,
2026-01-16 09:31:44,356.53,357.08,1,355.43,40,357.63,160,357.63,355.43,355.43,40,355.39,40,355.19,160,355.18,80,355.02,40,354.97,40,354.71,720,354.66,40,354.22,160,354.21,760,357.63,160,357.73,160,,,,,,,,,,,,,,,,
2026-01-16 09:31:45,356.53,357.08,1,355.43,440,357.63,160,357.63,355.43,355.43,440,355.39,40,355.19,160,355.18,80,355.02,40,354.97,40,354.71,720,354.66,40,354.22,160,354.21,760,357.63,160,357.73,160,,,,,,,,,,,,,,,,
2026-01-16 09:31:46,356.53,357.08,1,355.43,440,357.63,160,357.63,355.43,355.43,440,355.39,40,355.19,160,355.18,80,355.02,40,354.97,40,354.71,720,354.66,40,354.22,160,354.21,760,357.63,160,357.73,160,,,,,,,,,,,,,,,,
2026-01-16 09:31:47,356.53,357.08,1,355.43,440,357.63,160,357.63,355.43,355.43,440,355.39,40,355.19,160,355.18,80,355.02,40,354.97,40,354.71,720,354.66,40,354.22,160,354.21,760,357.63,160,357.73,160,,,,,,,,,,,,,,,,
2026-01-16 09:31:48,356.53,357.08,1,355.43,440,357.63,160,357.63,355.43,355.43,440,355.39,40,355.19,160,355.18,80,355.02,40,354.97,40,354.71,720,354.66,40,354.22,160,354.21,760,357.63,160,357.73,160,,,,,,,,,,,,,,,,
2026-01-16 09:31:49,356.575,357.08,1,355.52,40,357.63,120,357.63,355.52,355.52,40,355.43,440,355.39,40,355.19,160,355.18,80,355.02,40,354.97,40,354.71,720,354.66,40,354.22,160,357.63,120,357.73,160,,,,,,,,,,,,,,,,
2026-01-16 09:31:50,356.575,357.08,1,355.52,80,357.63,120,357.63,355.52,355.52,80,355.43,440,355.39,40,355.19,160,355.18,80,355.02,40,354.97,40,354.71,720,354.66,40,354.22,160,357.63,120,357.73,160,,,,,,,,,,,,,,,,
2026-01-16 09:31:51,356.575,357.08,1,355.52,80,357.63,120,357.63,355.52,355.52,80,355.43,440,355.39,40,355.19,160,355.18,80,355.02,40,354.97,40,354.71,720,354.66,40,354.22,160,357.63,120,357.73,160,,,,,,,,,,,,,,,,
2026-01-16 09:31:52,356.575,357.08,1,355.52,80,357.63,120,357.63,355.52,355.52,80,355.43,440,355.39,40,355.19,160,355.18,80,355.02,40,354.97,40,354.71,720,354.66,40,354.22,160,357.63,120,357.73,160,,,,,,,,,,,,,,,,
2026-01-16 09:31:53,356.62,357.08,1,355.61,40,357.63,120,357.63,355.61,355.61,40,355.53,40,355.52,80,355.43,440,355.39,40,355.19,160,355.18,80,355.02,40,354.97,40,354.71,720,357.63,120,357.73,160,,,,,,,,,,,,,,,,
2026-01-16 09:31:54,356.62,357.08,1,355.61,80,357.63,120,357.63,355.61,355.61,80,355.53,40,355.52,80,355.43,440,355.39,40,355.19,160,355.18,80,355.02,40,354.97,40,354.71,720,357.63,120,357.73,160,,,,,,,,,,,,,,,,
2026-01-16 09:31:55,356.62,357.08,1,355.61,80,357.63,120,357.63,355.61,355.61,80,355.53,40,355.52,80,355.43,440,355.39,40,355.19,160,355.18,80,355.02,40,354.97,40,354.71,720,357.63,120,357.73,160,,,,,,,,,,,,,,,,
2026-01-16 09:31:56,356.62,357.08,1,355.61,80,357.63,120,357.63,355.61,355.61,80,355.53,40,355.52,80,355.43,440,355.39,40,355.19,160,355.18,80,355.02,40,354.97,40,354.71,720,357.63,120,357.73,160,,,,,,,,,,,,,,,,
2026-01-16 09:31:57,356.62,357.08,1,355.61,80,357.63,120,357.63,355.61,355.61,80,355.53,40,355.52,80,355.43,440,355.39,40,355.19,160,355.18,80,355.02,40,354.97,40,354.71,720,357.63,120,357.73,160,,,,,,,,,,,,,,,,
2026-01-16 09:31:58,356.62,357.08,1,355.61,80,357.63,120,357.63,355.61,355.61,80,355.53,40,355.52,80,355.43,440,355.39,40,355.19,160,355.18,80,355.02,40,354.97,40,354.71,720,357.63,120,357.73,160,,,,,,,,,,,,,,,,
2026-01-16 09:31:59,356.62,357.08,1,355.61,80,357.63,120,357.63,355.61,355.61,80,355.53,40,355.52,80,355.43,440,355.39,40,355.19,160,355.18,80,355.02,40,354.97,40,354.71,720,357.63,120,357.73,160,,,,,,,,,,,,,,,,
2026-01-16 09:32:00,356.62,357.08,1,355.61,80,357.63,120,357.63,355.61,355.61,80,355.53,40,355.52,80,355.43,440,355.39,40,355.19,160,355.18,80,355.02,40,354.97,40,354.71,720,357.63,120,357.73,160,,,,,,,,,,,,,,,,
2026-01-16 09:32:01,356.62,357.08,1,355.61,80,357.63,120,357.63,355.61,355.61,80,355.53,40,355.52,80,355.43,440,355.39,40,355.19,160,355.18,80,355.02,40,354.97,40,354.71,720,357.63,120,357.73,160,,,,,,,,,,,,,,,,
2026-01-16 09:32:02,356.64,357.42,1,355.65,80,357.63,120,357.63,355.65,355.65,80,355.61,80,355.53,40,355.52,80,355.43,440,355.39,40,355.19,160,355.18,80,355.02,40,354.97,40,357.63,120,357.73,160,,,,,,,,,,,,,,,,
2026-01-16 09:32:03,356.64,357.42,1,355.65,120,357.63,120,357.63,355.65,355.65,120,355.61,80,355.53,40,355.52,80,355.43,440,355.39,40,355.19,160,355.18,80,355.02,40,354.97,40,357.63,120,357.73,160,,,,,,,,,,,,,,,,
2026-01-16 09:32:04,356.64,357.42,1,355.65,120,357.63,120,357.63,355.65,355.65,120,355.61,80,355.53,40,355.52,80,355.43,440,355.39,40,355.19,160,355.18,80,355.02,40,354.97,40,357.63,120,357.73,160,,,,,,,,,,,,,,,,
2026-01-16 09:32:05,356.64,357.42,1,355.65,120,357.63,120,357.63,355.65,355.65,120,355.61,80,355.53,40,355.52,80,355.43,440,355.39,40,355.19,160,355.18,80,355.02,40,354.97,40,357.63,120,357.73,160,,,,,,,,,,,,,,,,
2026-01-16 09:32:06,356.64,357.42,1,355.65,120,357.63,120,357.63,355.65,355.65,120,355.61,80,355.53,40,355.52,80,355.43,440,355.39,40,355.19,160,355.18,80,355.02,40,354.97,40,357.63,120,357.73,160,,,,,,,,,,,,,,,,
2026-01-16 09:32:07,356.64,357.42,1,355.65,120,357.63,120,357.63,355.65,355.65,120,355.61,80,355.53,40,355.52,80,355.43,440,355.39,40,355.19,160,355.18,80,355.02,40,354.97,40,357.63,120,357.73,160,,,,,,,,,,,,,,,,
2026-01-16 09:32:08,356.64,357.42,1,355.65,120,357.63,120,357.63,355.65,355.65,120,355.61,80,355.53,40,355.52,80,355.43,440,355.39,40,355.19,160,355.18,80,355.02,40,354.97,40,357.63,120,357.73,160,,,,,,,,,,,,,,,,
2026-01-16 09:32:09,356.64,357.42,1,355.65,120,357.63,120,357.63,355.65,355.65,120,355.61,80,355.53,40,355.52,80,355.43,440,355.39,40,355.19,160,355.18,80,355.02,40,354.97,40,357.63,120,357.73,160,,,,,,,,,,,,,,,,
2026-01-16 09:32:10,356.64,357.42,1,355.65,120,357.63,120,357.63,355.65,355.65,120,355.61,80,355.53,40,355.52,80,355.43,440,355.39,40,355.19,160,355.18,80,355.02,40,354.97,40,357.63,120,357.73,160,,,,,,,,,,,,,,,,
2026-01-16 09:32:11,356.64,357.42,1,355.65,120,357.63,120,357.63,355.65,355.65,120,355.61,80,355.53,40,355.52,80,355.43,440,355.39,40,355.19,160,355.18,80,355.02,40,354.97,40,357.63,120,357.73,160,,,,,,,,,,,,,,,,
2026-01-16 09:32:12,356.64,357.42,1,355.65,120,357.63,120,357.63,355.65,355.65,120,355.61,80,355.53,40,355.52,80,355.43,440,355.39,40,355.19,160,355.18,80,355.02,40,354.97,40,357.63,120,357.73,160,,,,,,,,,,,,,,,,
2026-01-16 09:32:13,356.64,357.42,1,355.65,120,357.63,120,357.63,355.65,355.65,120,355.61,80,355.53,40,355.52,80,355.43,440,355.39,40,355.19,160,355.18,80,355.02,40,354.97,40,357.63,120,357.73,160,,,,,,,,,,,,,,,,
2026-01-16 09:32:14,356.64,357.42,1,355.65,120,357.63,120,357.63,355.65,355.65,120,355.61,80,355.53,40,355.52,80,355.43,440,355.39,40,355.19,160,355.18,80,355.02,40,354.97,40,357.63,120,357.73,160,,,,,,,,,,,,,,,,
2026-01-16 09:32:15,356.64,357.42,1,355.65,200,357.63,120,357.63,355.65,355.65,200,355.61,80,355.53,40,355.52,80,355.43,440,355.39,40,355.19,160,355.18,80,355.02,40,354.97,40,357.63,120,357.73,160,,,,,,,,,,,,,,,,
2026-01-16 09:32:16,356.64,357.42,1,355.65,200,357.63,120,357.63,355.65,355.65,200,355.61,80,355.53,40,355.52,80,355.43,440,355.39,40,355.19,160,355.18,80,355.02,40,354.97,40,357.63,120,357.73,160,,,,,,,,,,,,,,,,
2026-01-16 09:32:17,356.64,357.42,1,355.65,200,357.63,120,357.63,355.65,355.65,200,355.61,80,355.53,40,355.52,80,355.43,440,355.39,40,355.19,160,355.18,80,355.02,40,354.97,40,357.63,120,357.73,160,,,,,,,,,,,,,,,,
2026-01-16 09:32:18,356.64,357.42,1,355.65,200,357.63,120,357.63,355.65,355.65,200,355.61,80,355.53,40,355.52,80,355.43,440,355.39,40,355.19,160,355.18,80,355.02,40,354.97,40,357.63,120,357.73,160,,,,,,,,,,,,,,,,
2026-01-16 09:32:19,356.64,357.42,1,355.65,200,357.63,120,357.63,355.65,355.65,200,355.61,80,355.53,40,355.52,80,355.43,440,355.39,40,355.19,160,355.18,80,355.02,40,354.97,40,357.63,120,357.73,160,,,,,,,,,,,,,,,,
2026-01-16 09:32:20,356.64,357.42,1,355.65,200,357.63,120,357.63,355.65,355.65,200,355.61,80,355.53,40,355.52,80,355.43,440,355.39,40,355.19,160,355.18,80,355.02,40,354.97,40,357.63,120,357.73,160,,,,,,,,,,,,,,,,
2026-01-16 09:32:21,356.64,357.42,1,355.65,200,357.63,120,357.63,355.65,355.65,200,355.61,80,355.53,40,355.52,80,355.43,440,355.39,40,355.19,160,355.18,80,355.02,40,354.97,40,357.63,120,357.73,160,,,,,,,,,,,,,,,,
2026-01-16 09:32:22,356.64,357.42,1,355.65,200,357.63,120,357.63,355.65,355.65,200,355.61,80,355.53,40,355.52,80,355.43,440,355.39,40,355.19,160,355.18,80,355.02,40,354.97,40,357.63,120,357.73,160,,,,,,,,,,,,,,,,
2026-01-16 09:32:24,356.64,357.42,1,355.65,200,357.63,120,357.63,355.65,355.65,200,355.61,80,355.53,40,355.52,80,355.43,440,355.39,40,355.19,160,355.18,80,355.02,40,354.97,40,357.63,120,357.73,160,,,,,,,,,,,,,,,,
2026-01-16 09:32:25,356.64,357.42,1,355.65,160,357.63,120,357.63,355.65,355.65,160,355.61,80,355.53,40,355.52,80,355.43,440,355.39,40,355.19,160,355.18,80,355.02,40,354.97,40,357.63,120,357.73,160,,,,,,,,,,,,,,,,
2026-01-16 09:32:26,356.64,357.42,1,355.65,160,357.63,120,357.63,355.65,355.65,160,355.61,80,355.53,40,355.52,80,355.43,440,355.39,40,355.19,160,355.18,80,355.02,40,354.97,40,357.63,120,357.73,160,,,,,,,,,,,,,,,,
2026-01-16 09:32:26,356.64,357.42,1,355.65,160,357.63,120,357.63,355.65,355.65,160,355.61,80,355.53,40,355.52,80,355.43,440,355.39,40,355.19,160,355.18,80,355.02,40,354.97,40,357.63,120,357.73,160,,,,,,,,,,,,,,,,
2026-01-16 09:32:28,356.64,357.42,1,355.65,160,357.63,120,357.63,355.65,355.65,160,355.61,80,355.53,40,355.52,80,355.43,440,355.39,40,355.19,160,355.18,80,355.02,40,354.97,40,357.63,120,357.73,160,,,,,,,,,,,,,,,,
2026-01-16 09:32:29,356.64,357.42,1,355.65,160,357.63,120,357.63,355.65,355.65,160,355.61,80,355.53,40,355.52,80,355.43,440,355.39,40,355.19,160,355.18,80,355.02,40,354.97,40,357.63,120,357.73,160,,,,,,,,,,,,,,,,
2026-01-16 09:32:30,356.64,357.42,1,355.65,200,357.63,120,357.63,355.65,355.65,200,355.61,80,355.53,40,355.52,80,355.43,440,355.39,40,355.19,160,355.18,80,355.02,40,354.97,40,357.63,120,357.73,160,,,,,,,,,,,,,,,,
2026-01-16 09:32:31,356.64,357.42,1,355.65,160,357.63,120,357.63,355.65,355.65,160,355.61,80,355.53,40,355.52,80,355.43,440,355.39,40,355.19,160,355.18,80,355.02,40,354.97,40,357.63,120,357.73,160,,,,,,,,,,,,,,,,
2026-01-16 09:32:31,356.64,357.42,1,355.65,160,357.63,120,357.63,355.65,355.65,160,355.61,80,355.53,40,355.52,80,355.43,440,355.39,40,355.19,160,355.18,80,355.02,40,354.97,40,357.63,120,357.73,160,,,,,,,,,,,,,,,,
2026-01-16 09:32:33,356.64,357.42,1,355.65,160,357.63,120,357.63,355.65,355.65,160,355.61,80,355.53,40,355.52,80,355.43,440,355.39,40,355.19,160,355.18,80,355.02,40,354.97,40,357.63,120,357.73,160,,,,,,,,,,,,,,,,
2026-01-16 09:32:33,356.64,357.42,1,355.65,160,357.63,120,357.63,355.65,355.65,160,355.61,80,355.53,40,355.52,80,355.43,440,355.39,40,355.19,160,355.18,80,355.02,40,354.97,40,357.63,120,357.73,160,,,,,,,,,,,,,,,,
2026-01-16 09:32:35,356.64,357.42,1,355.65,160,357.63,120,357.63,355.65,355.65,160,355.61,80,355.53,40,355.52,80,355.43,440,355.39,40,355.19,160,355.18,80,355.02,40,354.97,40,357.63,120,357.73,160,,,,,,,,,,,,,,,,
2026-01-16 09:32:36,356.64,357.42,1,355.65,120,357.63,120,357.63,355.65,355.65,120,355.61,80,355.53,40,355.52,80,355.43,440,355.39,40,355.19,160,355.18,80,355.02,40,354.97,40,357.63,120,357.73,160,,,,,,,,,,,,,,,,
2026-01-16 09:32:36,356.64,357.42,1,355.65,120,357.63,120,357.63,355.65,355.65,120,355.61,80,355.53,40,355.52,80,355.43,440,355.39,40,355.19,160,355.18,80,355.02,40,354.97,40,357.63,120,357.73,160,,,,,,,,,,,,,,,,
2026-01-16 09:32:37,356.64,357.42,1,355.65,120,357.63,120,357.63,355.65,355.65,120,355.61,80,355.53,40,355.52,80,355.43,440,355.39,40,355.19,160,355.18,80,355.02,40,354.97,40,357.63,120,357.73,160,,,,,,,,,,,,,,,,
2026-01-16 09:32:39,356.64,357.42,1,355.65,160,357.63,120,357.63,355.65,355.65,160,355.61,80,355.53,40,355.52,80,355.43,440,355.39,40,355.19,160,355.18,80,355.02,40,354.97,40,357.63,120,357.73,160,,,,,,,,,,,,,,,,
2026-01-16 09:32:40,356.64,357.42,1,355.65,160,357.63,120,357.63,355.65,355.65,160,355.61,80,355.53,40,355.52,80,355.43,440,355.39,40,355.19,160,355.18,80,355.02,40,354.97,40,357.63,120,357.73,160,,,,,,,,,,,,,,,,
2026-01-16 09:32:41,356.64,357.42,1,355.65,160,357.63,120,357.63,355.65,355.65,160,355.61,80,355.53,40,355.52,80,355.43,440,355.39,40,355.19,160,355.18,80,355.02,40,354.97,40,357.63,120,357.73,160,,,,,,,,,,,,,,,,
2026-01-16 09:32:42,356.64,357.42,1,355.65,160,357.63,120,357.63,355.65,355.65,160,355.61,80,355.53,40,355.52,80,355.43,440,355.39,40,355.19,160,355.18,80,355.02,40,354.97,40,357.63,120,357.73,160,,,,,,,,,,,,,,,,
2026-01-16 09:32:43,356.64,357.42,1,355.65,160,357.63,120,357.63,355.65,355.65,160,355.61,80,355.53,40,355.52,80,355.43,440,355.39,40,355.19,160,355.18,80,355.02,40,354.97,40,357.63,120,357.73,160,,,,,,,,,,,,,,,,
2026-01-16 09:32:44,356.64,357.42,1,355.65,120,357.63,120,357.63,355.65,355.65,120,355.61,80,355.53,40,355.52,80,355.43,440,355.39,40,355.19,160,355.18,80,355.02,40,354.97,40,357.63,120,357.73,160,,,,,,,,,,,,,,,,
2026-01-16 09:32:45,356.64,357.42,1,355.65,120,357.63,120,357.63,355.65,355.65,120,355.61,80,355.53,40,355.52,80,355.43,440,355.39,40,355.19,160,355.18,80,355.02,40,354.97,40,357.63,120,357.73,160,,,,,,,,,,,,,,,,
2026-01-16 09:32:46,356.64,357.42,1,355.65,120,357.63,120,357.63,355.65,355.65,120,355.61,80,355.53,40,355.52,80,355.43,440,355.39,40,355.19,160,355.18,80,355.02,40,354.97,40,357.63,120,357.73,160,,,,,,,,,,,,,,,,
2026-01-16 09:32:47,356.64,357.42,1,355.65,120,357.63,120,357.63,355.65,355.65,120,355.61,80,355.53,40,355.52,80,355.43,440,355.39,40,355.19,160,355.18,80,355.02,40,354.97,40,357.63,120,357.73,160,,,,,,,,,,,,,,,,
2026-01-16 09:32:48,356.64,357.42,1,355.65,120,357.63,120,357.63,355.65,355.65,120,355.61,80,355.53,40,355.52,80,355.43,440,355.39,40,355.19,160,355.18,80,355.02,40,354.97,40,357.63,120,357.73,160,,,,,,,,,,,,,,,,
2026-01-16 09:32:48,356.64,357.42,1,355.65,120,357.63,120,357.63,355.65,355.65,120,355.61,80,355.53,40,355.52,80,355.43,440,355.39,40,355.19,160,355.18,80,355.02,40,354.97,40,357.63,120,357.73,160,,,,,,,,,,,,,,,,
2026-01-16 09:32:50,356.64,357.42,1,355.65,120,357.63,120,357.63,355.65,355.65,120,355.61,80,355.53,40,355.52,80,355.43,440,355.39,40,355.19,160,355.18,80,355.02,40,354.97,40,357.63,120,357.73,160,,,,,,,,,,,,,,,,
2026-01-16 09:32:51,356.64,357.42,1,355.65,120,357.63,120,357.63,355.65,355.65,120,355.61,80,355.53,40,355.52,80,355.43,440,355.39,40,355.19,160,355.18,80,355.02,40,354.97,40,357.63,120,357.73,160,,,,,,,,,,,,,,,,
2026-01-16 09:32:52,356.64,357.42,1,355.65,120,357.63,120,357.63,355.65,355.65,120,355.61,80,355.53,40,355.52,80,355.43,440,355.39,40,355.19,160,355.18,80,355.02,40,354.97,40,357.63,120,357.73,160,,,,,,,,,,,,,,,,
2026-01-16 09:32:52,356.64,357.42,1,355.65,120,357.63,120,357.63,355.65,355.65,120,355.61,80,355.53,40,355.52,80,355.43,440,355.39,40,355.19,160,355.18,80,355.02,40,354.97,40,357.63,120,357.73,160,,,,,,,,,,,,,,,,
2026-01-16 09:32:54,356.64,357.42,1,355.65,120,357.63,120,357.63,355.65,355.65,120,355.61,80,355.53,40,355.52,80,355.43,440,355.39,40,355.19,160,355.18,80,355.02,40,354.97,40,357.63,120,357.73,160,,,,,,,,,,,,,,,,
2026-01-16 09:32:55,356.64,357.42,1,355.65,120,357.63,120,357.63,355.65,355.65,120,355.61,80,355.53,40,355.52,80,355.43,440,355.39,40,355.19,160,355.18,80,355.02,40,354.97,40,357.63,120,357.73,160,,,,,,,,,,,,,,,,
2026-01-16 09:32:56,356.64,357.42,1,355.65,120,357.63,120,357.63,355.65,355.65,120,355.61,80,355.53,40,355.52,80,355.43,440,355.39,40,355.19,160,355.18,80,355.02,40,354.97,40,357.63,120,357.73,160,,,,,,,,,,,,,,,,
2026-01-16 09:32:57,356.64,357.42,1,355.65,120,357.63,120,357.63,355.65,355.65,120,355.61,80,355.53,40,355.52,80,355.43,440,355.39,40,355.19,160,355.18,80,355.02,40,354.97,40,357.63,120,357.73,160,,,,,,,,,,,,,,,,
2026-01-16 09:32:58,356.64,357.42,1,355.65,120,357.63,120,357.63,355.65,355.65,120,355.61,80,355.53,40,355.52,80,355.43,440,355.39,40,355.19,160,355.18,80,355.02,40,354.97,40,357.63,120,357.73,160,,,,,,,,,,,,,,,,
2026-01-16 09:32:59,356.64,357.42,1,355.65,120,357.63,120,357.63,355.65,355.65,120,355.61,80,355.53,40,355.52,80,355.43,440,355.39,40,355.19,160,355.18,80,355.02,40,354.97,40,357.63,120,357.73,160,,,,,,,,,,,,,,,,
2026-01-16 09:33:00,356.64,357.42,1,355.65,120,357.63,120,357.63,355.65,355.65,120,355.61,80,355.53,40,355.52,80,355.43,440,355.39,40,355.19,160,355.18,80,355.02,40,354.97,40,357.63,120,357.73,160,,,,,,,,,,,,,,,,
2026-01-16 09:33:01,356.64,357.42,1,355.65,80,357.63,120,357.63,355.65,355.65,80,355.61,80,355.53,40,355.52,80,355.43,440,355.39,40,355.19,160,355.18,80,355.02,40,354.97,40,357.63,120,357.73,160,,,,,,,,,,,,,,,,
2026-01-16 09:33:02,356.64,357.42,1,355.65,80,357.63,120,357.63,355.65,355.65,80,355.61,80,355.53,40,355.52,80,355.43,440,355.39,40,355.19,160,355.18,80,355.02,40,354.97,40,357.63,120,357.73,160,,,,,,,,,,,,,,,,
2026-01-16 09:33:03,356.64,357.42,1,355.65,80,357.63,120,357.63,355.65,355.65,80,355.61,80,355.53,40,355.52,80,355.43,440,355.39,40,355.19,160,355.18,80,355.02,40,354.97,40,357.63,120,357.73,160,,,,,,,,,,,,,,,,
2026-01-16 09:33:04,356.64,357.42,1,355.65,80,357.63,120,357.63,355.65,355.65,80,355.61,80,355.53,40,355.52,80,355.43,440,355.39,40,355.19,160,355.18,80,355.02,40,354.97,40,357.63,120,357.73,160,,,,,,,,,,,,,,,,
2026-01-16 09:33:05,356.64,357.42,1,355.65,80,357.63,120,357.63,355.65,355.65,80,355.61,80,355.53,40,355.52,80,355.43,440,355.39,40,355.19,160,355.18,80,355.02,40,354.97,40,357.63,120,357.73,160,,,,,,,,,,,,,,,,
2026-01-16 09:33:06,356.64,357.42,1,355.65,80,357.63,120,357.63,355.65,355.65,80,355.61,80,355.53,40,355.52,80,355.43,440,355.39,40,355.19,160,355.18,80,355.02,40,354.97,40,357.63,120,357.73,160,,,,,,,,,,,,,,,,
2026-01-16 09:33:07,356.64,357.42,1,355.65,80,357.63,120,357.63,355.65,355.65,80,355.61,80,355.53,40,355.52,80,355.43,440,355.39,40,355.19,160,355.18,80,355.02,40,354.97,40,357.63,120,357.73,160,,,,,,,,,,,,,,,,
2026-01-16 09:33:08,356.64,357.42,1,355.65,80,357.63,120,357.63,355.65,355.65,80,355.61,80,355.53,40,355.52,80,355.43,440,355.39,40,355.19,160,355.18,80,355.02,40,354.97,40,357.63,120,357.73,160,,,,,,,,,,,,,,,,
2026-01-16 09:33:09,356.64,357.57,1,355.65,80,357.63,120,357.63,355.65,355.65,80,355.61,80,355.53,40,355.52,80,355.43,440,355.39,40,355.19,160,355.18,80,355.02,40,354.97,40,357.63,120,357.73,160,,,,,,,,,,,,,,,,
2026-01-16 09:33:10,356.64,357.57,1,355.65,80,357.63,120,357.63,355.65,355.65,80,355.61,80,355.53,40,355.52,80,355.43,440,355.39,40,355.19,160,355.18,80,355.02,40,354.97,40,357.63,120,357.73,160,,,,,,,,,,,,,,,,
2026-01-16 09:33:11,356.64,357.57,1,355.65,80,357.63,120,357.63,355.65,355.65,80,355.61,80,355.53,40,355.52,80,355.43,440,355.39,40,355.19,160,355.18,80,355.02,40,354.97,40,357.63,120,357.73,160,,,,,,,,,,,,,,,,
2026-01-16 09:33:12,356.64,357.57,1,355.65,80,357.63,120,357.63,355.65,355.65,80,355.61,80,355.53,40,355.52,80,355.43,440,355.39,40,355.19,160,355.18,80,355.02,40,354.97,40,357.63,120,357.73,160,,,,,,,,,,,,,,,,
2026-01-16 09:33:13,356.64,357.57,1,355.65,80,357.63,120,357.63,355.65,355.65,80,355.61,80,355.53,40,355.52,80,355.43,440,355.39,40,355.19,160,355.18,80,355.02,40,354.97,40,357.63,120,357.73,160,,,,,,,,,,,,,,,,
2026-01-16 09:33:14,356.61,357.57,1,355.65,80,357.57,40,357.57,355.65,355.65,80,355.61,80,355.53,40,355.52,80,355.43,440,355.39,40,355.19,160,355.18,80,355.02,40,354.97,40,357.57,40,357.63,120,357.73,160,,,,,,,,,,,,,,
2026-01-16 09:33:15,356.61,357.57,1,355.65,80,357.57,40,357.57,355.65,355.65,80,355.61,80,355.53,40,355.52,80,355.43,440,355.39,40,355.19,160,355.18,80,355.02,40,354.97,40,357.57,40,357.63,120,357.73,160,,,,,,,,,,,,,,
2026-01-16 09:33:16,356.61,357.57,1,355.65,80,357.57,40,357.57,355.65,355.65,80,355.61,80,355.53,40,355.52,80,355.43,440,355.39,40,355.19,160,355.18,80,355.02,40,354.97,40,357.57,40,357.63,120,357.73,160,,,,,,,,,,,,,,
2026-01-16 09:33:17,356.61,357.57,1,355.65,80,357.57,40,357.57,355.65,355.65,80,355.61,80,355.53,40,355.52,80,355.43,440,355.39,40,355.19,160,355.18,80,355.02,40,354.97,40,357.57,40,357.63,120,357.73,160,,,,,,,,,,,,,,
2026-01-16 09:33:18,356.61,357.57,1,355.65,80,357.57,40,357.57,355.65,355.65,80,355.61,80,355.53,40,355.52,80,355.43,440,355.39,40,355.19,160,355.18,80,355.02,40,354.97,40,357.57,40,357.63,120,357.73,160,,,,,,,,,,,,,,
2026-01-16 09:33:19,356.61,357.57,1,355.65,80,357.57,40,357.57,355.65,355.65,80,355.61,80,355.53,40,355.52,80,355.43,440,355.39,40,355.19,160,355.18,80,355.02,40,354.97,40,357.57,40,357.63,120,357.73,160,,,,,,,,,,,,,,
2026-01-16 09:33:20,356.61,357.57,1,355.65,80,357.57,40,357.57,355.65,355.65,80,355.61,80,355.53,40,355.52,80,355.43,440,355.39,40,355.19,160,355.18,80,355.02,40,354.97,40,357.57,40,357.63,120,357.73,160,,,,,,,,,,,,,,
2026-01-16 09:33:21,356.61,357.57,1,355.65,80,357.57,40,357.57,355.65,355.65,80,355.61,80,355.53,40,355.52,80,355.43,440,355.39,40,355.19,160,355.18,80,355.02,40,354.97,40,357.57,40,357.63,120,357.73,160,,,,,,,,,,,,,,
2026-01-16 09:33:22,356.61,357.57,1,355.65,80,357.57,40,357.57,355.65,355.65,80,355.61,80,355.53,40,355.52,80,355.43,440,355.39,40,355.19,160,355.18,80,355.02,40,354.97,40,357.57,40,357.63,120,357.73,160,,,,,,,,,,,,,,
2026-01-16 09:33:23,356.61,357.57,1,355.65,80,357.57,40,357.57,355.65,355.65,80,355.61,80,355.53,40,355.52,80,355.43,440,355.39,40,355.19,160,355.18,80,355.02,40,354.97,40,357.57,40,357.63,120,357.73,160,,,,,,,,,,,,,,
2026-01-16 09:33:24,356.61,357.57,1,355.65,80,357.57,40,357.57,355.65,355.65,80,355.61,80,355.53,40,355.52,80,355.43,440,355.39,40,355.19,160,355.18,80,355.02,40,354.97,40,357.57,40,357.63,120,357.73,160,,,,,,,,,,,,,,
2026-01-16 09:33:25,356.61,357.57,1,355.65,80,357.57,40,357.57,355.65,355.65,80,355.61,80,355.53,40,355.52,80,355.43,440,355.39,40,355.19,160,355.18,80,355.02,40,354.97,40,357.57,40,357.63,120,357.73,160,,,,,,,,,,,,,,
2026-01-16 09:33:26,356.61,357.57,1,355.65,80,357.57,40,357.57,355.65,355.65,80,355.61,80,355.53,40,355.52,80,355.43,440,355.39,40,355.19,160,355.18,80,355.02,40,354.97,40,357.57,40,357.63,120,357.73,160,,,,,,,,,,,,,,
2026-01-16 09:33:27,356.61,357.57,1,355.65,80,357.57,40,357.57,355.65,355.65,80,355.61,80,355.53,40,355.52,80,355.43,440,355.39,40,355.19,160,355.18,80,355.02,40,354.97,40,357.57,40,357.63,120,357.73,160,,,,,,,,,,,,,,
2026-01-16 09:33:28,356.61,357.57,1,355.65,80,357.57,40,357.57,355.65,355.65,80,355.61,80,355.53,40,355.52,80,355.43,440,355.39,40,355.19,160,355.18,80,355.02,40,354.97,40,357.57,40,357.63,120,357.73,160,,,,,,,,,,,,,,
2026-01-16 09:33:29,356.61,357.57,1,355.65,120,357.57,40,357.57,355.65,355.65,120,355.61,80,355.53,40,355.52,80,355.43,440,355.39,40,355.19,160,355.18,80,355.02,40,354.97,40,357.57,40,357.63,120,357.73,160,,,,,,,,,,,,,,
2026-01-16 09:33:30,356.61,357.57,1,355.65,120,357.57,40,357.57,355.65,355.65,120,355.61,80,355.53,40,355.52,80,355.43,440,355.39,40,355.19,160,355.18,80,355.02,40,354.97,40,357.57,40,357.63,120,357.73,160,,,,,,,,,,,,,,
2026-01-16 09:33:31,356.61,357.57,1,355.65,120,357.57,40,357.57,355.65,355.65,120,355.61,80,355.53,40,355.52,80,355.43,440,355.39,40,355.19,160,355.18,80,355.02,40,354.97,40,357.57,40,357.63,120,357.73,160,,,,,,,,,,,,,,
2026-01-16 09:33:32,356.61,357.57,1,355.65,120,357.57,40,357.57,355.65,355.65,120,355.61,80,355.53,40,355.52,80,355.43,440,355.39,40,355.19,160,355.18,80,355.02,40,354.97,40,357.57,40,357.63,120,357.73,160,,,,,,,,,,,,,,
2026-01-16 09:33:33,356.61,357.57,1,355.65,120,357.57,40,357.57,355.65,355.65,120,355.61,80,355.53,40,355.52,80,355.43,440,355.39,40,355.19,160,355.18,80,355.02,40,354.97,40,357.57,40,357.63,120,357.73,160,,,,,,,,,,,,,,
2026-01-16 09:33:34,356.61,357.57,1,355.65,120,357.57,40,357.57,355.65,355.65,120,355.61,80,355.53,40,355.52,80,355.43,440,355.39,40,355.19,160,355.18,80,355.02,40,354.97,40,357.57,40,357.63,120,357.73,160,,,,,,,,,,,,,,
2026-01-16 09:33:35,356.61,357.57,1,355.65,120,357.57,40,357.57,355.65,355.65,120,355.61,80,355.53,40,355.52,80,355.43,440,355.39,40,355.19,160,355.18,80,355.02,40,354.97,40,357.57,40,357.63,120,357.73,160,,,,,,,,,,,,,,
2026-01-16 09:33:36,356.61,357.57,1,355.65,120,357.57,40,357.57,355.65,355.65,120,355.61,80,355.53,40,355.52,80,355.43,440,355.39,40,355.19,160,355.18,80,355.02,40,354.97,40,357.57,40,357.63,120,357.73,160,,,,,,,,,,,,,,
2026-01-16 09:33:37,356.61,357.57,1,355.65,120,357.57,40,357.57,355.65,355.65,120,355.61,80,355.53,40,355.52,80,355.43,440,355.39,40,355.19,160,355.18,80,355.02,40,354.97,40,357.57,40,357.63,120,357.73,160,,,,,,,,,,,,,,
2026-01-16 09:33:38,356.61,357.57,1,355.65,120,357.57,40,357.57,355.65,355.65,120,355.61,80,355.53,40,355.52,80,355.43,440,355.39,40,355.19,160,355.18,80,355.02,40,354.97,40,357.57,40,357.63,120,357.73,160,,,,,,,,,,,,,,
2026-01-16 09:33:39,356.61,357.57,1,355.65,120,357.57,80,357.57,355.65,355.65,120,355.61,80,355.53,40,355.52,80,355.43,440,355.39,40,355.19,160,355.18,80,355.02,40,354.97,40,357.57,80,357.63,120,357.73,160,,,,,,,,,,,,,,
2026-01-16 09:33:40,356.61,357.57,1,355.65,120,357.57,80,357.57,355.65,355.65,120,355.61,80,355.53,40,355.52,80,355.43,440,355.39,40,355.19,160,355.18,80,355.02,40,354.97,40,357.57,80,357.63,120,357.73,160,,,,,,,,,,,,,,
2026-01-16 09:33:41,356.61,357.57,1,355.65,120,357.57,80,357.57,355.65,355.65,120,355.61,80,355.53,40,355.52,80,355.43,440,355.39,40,355.19,160,355.18,80,355.02,40,354.97,40,357.57,80,357.63,120,357.73,160,,,,,,,,,,,,,,
2026-01-16 09:33:42,356.61,357.57,1,355.65,120,357.57,80,357.57,355.65,355.65,120,355.61,80,355.53,40,355.52,80,355.43,440,355.39,40,355.19,160,355.18,80,355.02,40,354.97,40,357.57,80,357.63,120,357.73,160,,,,,,,,,,,,,,
2026-01-16 09:33:43,356.61,357.57,1,355.65,120,357.57,80,357.57,355.65,355.65,120,355.61,80,355.53,40,355.52,80,355.43,440,355.39,40,355.19,160,355.18,80,355.02,40,354.97,40,357.57,80,357.63,120,357.73,160,,,,,,,,,,,,,,
2026-01-16 09:33:44,356.61,357.57,1,355.65,120,357.57,80,357.57,355.65,355.65,120,355.61,80,355.53,40,355.52,80,355.43,440,355.39,40,355.19,160,355.18,80,355.02,40,354.97,40,357.57,80,357.63,120,357.73,160,,,,,,,,,,,,,,
2026-01-16 09:33:45,356.61,357.57,1,355.65,120,357.57,80,357.57,355.65,355.65,120,355.61,80,355.53,40,355.52,80,355.43,440,355.39,40,355.19,160,355.18,80,355.02,40,354.97,40,357.57,80,357.63,120,357.73,160,,,,,,,,,,,,,,
2026-01-16 09:33:46,356.61,357.57,1,355.65,120,357.57,80,357.57,355.65,355.65,120,355.61,80,355.53,40,355.52,80,355.43,440,355.39,40,355.19,160,355.18,80,355.02,40,354.97,40,357.57,80,357.63,120,357.73,160,,,,,,,,,,,,,,
2026-01-16 09:33:47,356.61,357.57,1,355.65,120,357.57,80,357.57,355.65,355.65,120,355.61,80,355.53,40,355.52,80,355.43,440,355.39,40,355.19,160,355.18,80,355.02,40,354.97,40,357.57,80,357.63,120,357.73,160,,,,,,,,,,,,,,
2026-01-16 09:33:48,356.61,357.57,1,355.65,120,357.57,80,357.57,355.65,355.65,120,355.61,80,355.53,40,355.52,80,355.43,440,355.39,40,355.19,160,355.18,80,355.02,40,354.97,40,357.57,80,357.63,120,357.73,160,,,,,,,,,,,,,,
2026-01-16 09:33:49,356.61,357.57,1,355.65,80,357.57,80,357.57,355.65,355.65,80,355.61,80,355.53,40,355.52,80,355.43,440,355.39,40,355.19,160,355.18,80,355.02,40,354.97,40,357.57,80,357.63,120,357.73,160,,,,,,,,,,,,,,
2026-01-16 09:33:50,356.61,357.57,1,355.65,80,357.57,80,357.57,355.65,355.65,80,355.61,80,355.53,40,355.52,80,355.43,440,355.39,40,355.19,160,355.18,80,355.02,40,354.97,40,357.57,80,357.63,120,357.73,160,,,,,,,,,,,,,,
2026-01-16 09:33:51,356.61,357.57,1,355.65,80,357.57,80,357.57,355.65,355.65,80,355.61,80,355.53,40,355.52,80,355.43,440,355.39,40,355.19,160,355.18,80,355.02,40,354.97,40,357.57,80,357.63,120,357.73,160,,,,,,,,,,,,,,
2026-01-16 09:33:52,356.61,357.57,1,355.65,80,357.57,80,357.57,355.65,355.65,80,355.61,80,355.53,40,355.52,80,355.43,440,355.39,40,355.19,160,355.18,80,355.02,40,354.97,40,357.57,80,357.63,120,357.73,160,,,,,,,,,,,,,,
2026-01-16 09:33:53,356.61,357.57,1,355.65,80,357.57,80,357.57,355.65,355.65,80,355.61,80,355.53,40,355.52,80,355.43,440,355.39,40,355.19,160,355.18,80,355.02,40,354.97,40,357.57,80,357.63,120,357.73,160,,,,,,,,,,,,,,
2026-01-16 09:33:54,356.61,357.57,1,355.65,80,357.57,80,357.57,355.65,355.65,80,355.61,80,355.53,40,355.52,80,355.43,440,355.39,40,355.19,160,355.18,80,355.02,40,354.97,40,357.57,80,357.63,120,357.73,160,,,,,,,,,,,,,,
2026-01-16 09:33:55,356.61,357.57,1,355.65,80,357.57,80,357.57,355.65,355.65,80,355.61,80,355.53,40,355.52,80,355.43,440,355.39,40,355.19,160,355.18,80,355.02,40,354.97,40,357.57,80,357.63,120,357.73,160,,,,,,,,,,,,,,
2026-01-16 09:33:56,356.61,357.57,1,355.65,80,357.57,80,357.57,355.65,355.65,80,355.61,80,355.53,40,355.52,80,355.43,440,355.39,40,355.19,160,355.18,80,355.02,40,354.97,40,357.57,80,357.63,120,357.73,160,,,,,,,,,,,,,,
2026-01-16 09:33:57,356.61,357.57,1,355.65,80,357.57,80,357.57,355.65,355.65,80,355.61,80,355.53,40,355.52,80,355.43,440,355.39,40,355.19,160,355.18,80,355.02,40,354.97,40,357.57,80,357.63,120,357.73,160,,,,,,,,,,,,,,
2026-01-16 09:33:58,356.61,357.57,1,355.65,80,357.57,80,357.57,355.65,355.65,80,355.61,80,355.53,40,355.52,80,355.43,440,355.39,40,355.19,160,355.18,80,355.02,40,354.97,40,357.57,80,357.63,120,357.73,160,,,,,,,,,,,,,,
2026-01-16 09:33:59,356.61,357.57,1,355.65,80,357.57,80,357.57,355.65,355.65,80,355.61,80,355.53,40,355.52,80,355.43,440,355.39,40,355.19,160,355.18,80,355.02,40,354.97,40,357.57,80,357.63,120,357.73,160,,,,,,,,,,,,,,
2026-01-16 09:34:00,356.61,357.57,1,355.65,80,357.57,80,357.57,355.65,355.65,80,355.61,80,355.53,40,355.52,80,355.43,440,355.39,40,355.19,160,355.18,80,355.02,40,354.97,40,357.57,80,357.63,120,357.73,160,,,,,,,,,,,,,,
2026-01-16 09:34:01,356.61,357.57,1,355.65,80,357.57,80,357.57,355.65,355.65,80,355.61,80,355.53,40,355.52,80,355.43,440,355.39,40,355.19,160,355.18,80,355.02,40,354.97,40,357.57,80,357.63,120,357.73,160,,,,,,,,,,,,,,
2026-01-16 09:34:02,356.61,357.57,1,355.65,80,357.57,80,357.57,355.65,355.65,80,355.61,80,355.53,40,355.52,80,355.43,440,355.39,40,355.19,160,355.18,80,355.02,40,354.97,40,357.57,80,357.63,120,357.73,160,,,,,,,,,,,,,,
2026-01-16 09:34:03,356.605,357.57,1,355.65,120,357.56,40,357.56,355.65,355.65,120,355.61,80,355.53,40,355.52,80,355.43,440,355.39,40,355.19,160,355.18,80,355.02,40,354.97,40,357.56,40,357.57,80,357.63,120,357.73,160,,,,,,,,,,,,
2026-01-16 09:34:04,356.605,357.57,1,355.65,120,357.56,40,357.56,355.65,355.65,120,355.61,80,355.53,40,355.52,80,355.43,440,355.39,40,355.19,160,355.18,80,355.02,40,354.97,40,357.56,40,357.57,80,357.63,120,357.73,160,,,,,,,,,,,,
2026-01-16 09:34:05,356.605,357.57,1,355.65,80,357.56,40,357.56,355.65,355.65,80,355.61,80,355.53,40,355.52,80,355.43,440,355.39,40,355.19,160,355.18,80,355.02,40,354.97,40,357.56,40,357.57,80,357.63,120,357.73,160,,,,,,,,,,,,
2026-01-16 09:34:06,356.605,357.57,1,355.65,120,357.56,40,357.56,355.65,355.65,120,355.61,80,355.53,40,355.52,80,355.43,440,355.39,40,355.19,160,355.18,80,355.02,40,354.97,40,357.56,40,357.57,80,357.63,120,357.73,160,,,,,,,,,,,,
2026-01-16 09:34:07,356.605,357.57,1,355.65,120,357.56,120,357.56,355.65,355.65,120,355.61,80,355.53,40,355.52,80,355.43,440,355.39,40,355.19,160,355.18,80,355.02,40,354.97,40,357.56,120,357.57,80,357.63,120,357.73,160,,,,,,,,,,,,
2026-01-16 09:34:08,356.605,357.57,1,355.65,80,357.56,120,357.56,355.65,355.65,80,355.61,80,355.53,40,355.52,80,355.43,440,355.39,40,355.19,160,355.18,80,355.02,40,354.97,40,357.56,120,357.57,80,357.63,120,357.73,160,,,,,,,,,,,,
2026-01-16 09:34:09,356.605,357.57,1,355.65,80,357.56,120,357.56,355.65,355.65,80,355.61,80,355.53,40,355.52,80,355.43,440,355.39,40,355.19,160,355.18,80,355.02,40,354.97,40,357.56,120,357.57,80,357.63,120,357.73,160,,,,,,,,,,,,
2026-01-16 09:34:10,356.605,357.57,1,355.65,80,357.56,120,357.56,355.65,355.65,80,355.61,80,355.53,40,355.52,80,355.43,440,355.39,40,355.19,160,355.18,80,355.02,40,354.97,40,357.56,120,357.57,80,357.63,120,357.73,160,,,,,,,,,,,,
2026-01-16 09:34:11,356.605,357.57,1,355.65,80,357.56,120,357.56,355.65,355.65,80,355.61,80,355.53,40,355.52,80,355.43,440,355.39,40,355.19,160,355.18,80,355.02,40,354.97,40,357.56,120,357.57,80,357.63,120,357.73,160,,,,,,,,,,,,
2026-01-16 09:34:12,356.605,357.57,1,355.65,80,357.56,120,357.56,355.65,355.65,80,355.61,80,355.53,40,355.52,80,355.43,440,355.39,40,355.19,160,355.18,80,355.02,40,354.97,40,357.56,120,357.57,80,357.63,120,357.73,160,,,,,,,,,,,,
2026-01-16 09:34:13,356.605,357.57,1,355.65,80,357.56,120,357.56,355.65,355.65,80,355.61,80,355.53,40,355.52,80,355.43,440,355.39,40,355.19,160,355.18,80,355.02,40,354.97,40,357.56,120,357.57,80,357.63,120,357.73,160,,,,,,,,,,,,
2026-01-16 09:34:14,356.605,357.57,1,355.65,80,357.56,120,357.56,355.65,355.65,80,355.61,80,355.53,40,355.52,80,355.43,440,355.39,40,355.19,160,355.18,80,355.02,40,354.97,40,357.56,120,357.57,80,357.63,120,357.73,160,,,,,,,,,,,,
2026-01-16 09:34:15,356.605,357.57,1,355.65,80,357.56,120,357.56,355.65,355.65,80,355.61,80,355.53,40,355.52,80,355.43,440,355.39,40,355.19,160,355.18,80,355.02,40,354.97,40,357.56,120,357.57,80,357.63,120,357.73,160,,,,,,,,,,,,
2026-01-16 09:34:16,356.605,357.57,1,355.65,80,357.56,120,357.56,355.65,355.65,80,355.61,80,355.53,40,355.52,80,355.43,440,355.39,40,355.19,160,355.18,80,355.02,40,354.97,40,357.56,120,357.57,80,357.63,120,357.73,160,,,,,,,,,,,,
2026-01-16 09:34:17,356.605,357.57,1,355.65,80,357.56,120,357.56,355.65,355.65,80,355.61,80,355.53,40,355.52,80,355.43,440,355.39,40,355.19,160,355.18,80,355.02,40,354.97,40,357.56,120,357.57,80,357.63,120,357.73,160,,,,,,,,,,,,
2026-01-16 09:34:18,356.605,356.61,1,355.65,80,357.56,120,357.56,355.65,355.65,80,355.61,80,355.53,40,355.52,80,355.43,440,355.39,40,355.19,160,355.18,80,355.02,40,354.97,40,357.56,120,357.57,80,357.63,120,357.73,160,,,,,,,,,,,,
2026-01-16 09:34:19,356.605,356.61,1,355.65,80,357.56,120,357.56,355.65,355.65,80,355.61,80,355.53,40,355.52,80,355.43,440,355.39,40,355.19,160,355.18,80,355.02,40,354.97,40,357.56,120,357.57,80,357.63,120,357.73,160,,,,,,,,,,,,
2026-01-16 09:34:20,356.605,356.61,1,355.65,80,357.56,120,357.56,355.65,355.65,80,355.61,80,355.53,40,355.52,80,355.43,440,355.39,40,355.19,160,355.18,80,355.02,40,354.97,40,357.56,120,357.57,80,357.63,120,357.73,160,,,,,,,,,,,,
2026-01-16 09:34:21,356.605,356.61,1,355.65,80,357.56,120,357.56,355.65,355.65,80,355.61,80,355.53,40,355.52,80,355.43,440,355.39,40,355.19,160,355.18,80,355.02,40,354.97,40,357.56,120,357.57,80,357.63,120,357.73,160,,,,,,,,,,,,
2026-01-16 09:34:22,356.605,356.61,1,355.65,80,357.56,120,357.56,355.65,355.65,80,355.61,80,355.53,40,355.52,80,355.43,440,355.39,40,355.19,160,355.18,80,355.02,40,354.97,40,357.56,120,357.57,80,357.63,120,357.73,160,,,,,,,,,,,,
2026-01-16 09:34:23,356.605,356.61,1,355.65,80,357.56,120,357.56,355.65,355.65,80,355.61,80,355.53,40,355.52,80,355.43,440,355.39,40,355.19,160,355.18,80,355.02,40,354.97,40,357.56,120,357.57,80,357.63,120,357.73,160,,,,,,,,,,,,
2026-01-16 09:34:24,356.605,356.61,1,355.65,80,357.56,120,357.56,355.65,355.65,80,355.61,80,355.53,40,355.52,80,355.43,440,355.39,40,355.19,160,355.18,80,355.02,40,354.97,40,357.56,120,357.57,80,357.63,120,357.73,160,,,,,,,,,,,,
2026-01-16 09:34:25,356.605,356.61,1,355.65,80,357.56,120,357.56,355.65,355.65,80,355.61,80,355.53,40,355.52,80,355.43,440,355.39,40,355.19,160,355.18,80,355.02,40,354.97,40,357.56,120,357.57,80,357.63,120,357.73,160,,,,,,,,,,,,
2026-01-16 09:34:26,356.605,356.61,1,355.65,80,357.56,120,357.56,355.65,355.65,80,355.61,80,355.53,40,355.52,80,355.43,440,355.39,40,355.19,160,355.18,80,355.02,40,354.97,40,357.56,120,357.57,80,357.63,120,357.73,160,,,,,,,,,,,,
2026-01-16 09:34:27,356.605,356.61,1,355.65,80,357.56,120,357.56,355.65,355.65,80,355.61,80,355.53,40,355.52,80,355.43,440,355.39,40,355.19,160,355.18,80,355.02,40,354.97,40,357.56,120,357.57,80,357.63,120,357.73,160,,,,,,,,,,,,
2026-01-16 09:34:28,356.605,356.61,1,355.65,80,357.56,120,357.56,355.65,355.65,80,355.61,80,355.53,40,355.52,80,355.43,440,355.39,40,355.19,160,355.18,80,355.02,40,354.97,40,357.56,120,357.57,80,357.63,120,357.73,160,,,,,,,,,,,,
2026-01-16 09:34:29,356.605,356.61,1,355.65,80,357.56,120,357.56,355.65,355.65,80,355.61,80,355.53,40,355.52,80,355.43,440,355.39,40,355.19,160,355.18,80,355.02,40,354.97,40,357.56,120,357.57,80,357.63,120,357.73,160,,,,,,,,,,,,
2026-01-16 09:34:30,356.605,356.61,1,355.65,80,357.56,120,357.56,355.65,355.65,80,355.61,80,355.53,40,355.52,80,355.43,440,355.39,40,355.19,160,355.18,80,355.02,40,354.97,40,357.56,120,357.57,80,357.63,120,357.73,160,,,,,,,,,,,,
2026-01-16 09:34:31,356.605,356.61,1,355.65,80,357.56,120,357.56,355.65,355.65,80,355.61,80,355.53,40,355.52,80,355.43,440,355.39,40,355.19,160,355.18,80,355.02,40,354.97,40,357.56,120,357.57,80,357.63,120,357.73,160,,,,,,,,,,,,
2026-01-16 09:34:32,356.605,356.61,1,355.65,80,357.56,120,357.56,355.65,355.65,80,355.61,80,355.53,40,355.52,80,355.43,440,355.39,40,355.19,160,355.18,80,355.02,40,354.97,40,357.56,120,357.57,80,357.63,120,357.73,160,,,,,,,,,,,,
2026-01-16 09:34:33,356.605,356.61,1,355.65,80,357.56,120,357.56,355.65,355.65,80,355.61,80,355.53,40,355.52,80,355.43,440,355.39,40,355.19,160,355.18,80,355.02,40,354.97,40,357.56,120,357.57,80,357.63,120,357.73,160,,,,,,,,,,,,
2026-01-16 09:34:34,356.605,356.61,1,355.65,80,357.56,120,357.56,355.65,355.65,80,355.61,80,355.53,40,355.52,80,355.43,440,355.39,40,355.19,160,355.18,80,355.02,40,354.97,40,357.56,120,357.57,80,357.63,120,357.73,160,,,,,,,,,,,,
2026-01-16 09:34:35,356.605,356.61,1,355.65,80,357.56,120,357.56,355.65,355.65,80,355.61,80,355.53,40,355.52,80,355.43,440,355.39,40,355.19,160,355.18,80,355.02,40,354.97,40,357.56,120,357.57,80,357.63,120,357.73,160,,,,,,,,,,,,
2026-01-16 09:34:36,356.605,356.61,1,355.65,80,357.56,120,357.56,355.65,355.65,80,355.61,80,355.53,40,355.52,80,355.43,440,355.39,40,355.19,160,355.18,80,355.02,40,354.97,40,357.56,120,357.57,80,357.63,120,357.73,160,,,,,,,,,,,,
2026-01-16 09:34:37,356.605,356.61,1,355.65,80,357.56,120,357.56,355.65,355.65,80,355.61,80,355.53,40,355.52,80,355.43,440,355.39,40,355.19,160,355.18,80,355.02,40,354.97,40,357.56,120,357.57,80,357.63,120,357.73,160,,,,,,,,,,,,
2026-01-16 09:34:38,356.605,356.61,1,355.65,80,357.56,160,357.56,355.65,355.65,80,355.61,80,355.53,40,355.52,80,355.43,440,355.39,40,355.19,160,355.18,80,355.02,40,354.97,40,357.56,160,357.57,80,357.63,120,357.73,160,,,,,,,,,,,,
2026-01-16 09:34:39,356.605,356.61,1,355.65,80,357.56,160,357.56,355.65,355.65,80,355.61,80,355.53,40,355.52,80,355.43,440,355.39,40,355.19,160,355.18,80,355.02,40,354.97,40,357.56,160,357.57,80,357.63,120,357.73,160,,,,,,,,,,,,
2026-01-16 09:34:40,356.605,356.61,1,355.65,80,357.56,160,357.56,355.65,355.65,80,355.61,80,355.53,40,355.52,80,355.43,440,355.39,40,355.19,160,355.18,80,355.02,40,354.97,40,357.56,160,357.57,80,357.63,120,357.73,160,,,,,,,,,,,,
2026-01-16 09:34:41,356.605,356.61,1,355.65,80,357.56,160,357.56,355.65,355.65,80,355.61,80,355.53,40,355.52,80,355.43,440,355.39,40,355.19,160,355.18,80,355.02,40,354.97,40,357.56,160,357.57,80,357.63,120,357.73,160,,,,,,,,,,,,
2026-01-16 09:34:42,356.605,356.61,1,355.65,80,357.56,160,357.56,355.65,355.65,80,355.61,80,355.53,40,355.52,80,355.43,440,355.39,40,355.19,160,355.18,80,355.02,40,354.97,40,357.56,160,357.57,80,357.63,120,357.73,160,,,,,,,,,,,,
2026-01-16 09:34:43,356.605,356.61,1,355.65,80,357.56,160,357.56,355.65,355.65,80,355.61,80,355.53,40,355.52,80,355.43,440,355.39,40,355.19,160,355.18,80,355.02,40,354.97,40,357.56,160,357.57,80,357.63,120,357.73,160,,,,,,,,,,,,
2026-01-16 09:34:44,356.63,356.61,1,355.7,40,357.56,160,357.56,355.7,355.7,40,355.69,40,355.65,80,355.61,80,355.53,40,355.52,80,355.43,440,355.39,40,355.19,160,355.18,80,357.56,160,357.57,80,357.63,120,357.73,160,,,,,,,,,,,,
2026-01-16 09:34:45,356.63,356.61,1,355.7,40,357.56,160,357.56,355.7,355.7,40,355.69,40,355.65,80,355.61,80,355.53,40,355.52,80,355.43,440,355.39,40,355.19,160,355.18,80,357.56,160,357.57,80,357.63,120,357.73,160,,,,,,,,,,,,
2026-01-16 09:34:46,356.63,356.61,1,355.7,40,357.56,160,357.56,355.7,355.7,40,355.69,40,355.65,80,355.61,80,355.53,40,355.52,80,355.43,440,355.39,40,355.19,160,355.18,80,357.56,160,357.57,80,357.63,120,357.73,160,,,,,,,,,,,,
2026-01-16 09:34:47,356.63,356.61,1,355.7,40,357.56,160,357.56,355.7,355.7,40,355.69,40,355.65,80,355.61,80,355.53,40,355.52,80,355.43,440,355.39,40,355.19,160,355.18,80,357.56,160,357.57,80,357.63,120,357.73,160,,,,,,,,,,,,
2026-01-16 09:34:48,356.63,356.61,1,355.7,40,357.56,160,357.56,355.7,355.7,40,355.69,40,355.65,80,355.61,80,355.53,40,355.52,80,355.43,440,355.39,40,355.19,160,355.18,80,357.56,160,357.57,80,357.63,120,357.73,160,,,,,,,,,,,,
2026-01-16 09:34:49,356.63,356.61,1,355.7,40,357.56,160,357.56,355.7,355.7,40,355.69,40,355.65,80,355.61,80,355.53,40,355.52,80,355.43,440,355.39,40,355.19,160,355.18,80,357.56,160,357.57,80,357.63,120,357.73,160,,,,,,,,,,,,
2026-01-16 09:34:50,356.63,356.61,1,355.7,40,357.56,160,357.56,355.7,355.7,40,355.69,40,355.65,80,355.61,80,355.53,40,355.52,80,355.43,440,355.39,40,355.19,160,355.18,80,357.56,160,357.57,80,357.63,120,357.73,160,,,,,,,,,,,,
2026-01-16 09:34:51,356.63,356.61,1,355.7,40,357.56,160,357.56,355.7,355.7,40,355.69,40,355.65,80,355.61,80,355.53,40,355.52,80,355.43,440,355.39,40,355.19,160,355.18,80,357.56,160,357.57,80,357.63,120,357.73,160,,,,,,,,,,,,
2026-01-16 09:34:52,356.63,356.61,1,355.7,40,357.56,160,357.56,355.7,355.7,40,355.69,40,355.65,80,355.61,80,355.53,40,355.52,80,355.43,440,355.39,40,355.19,160,355.18,80,357.56,160,357.57,80,357.63,120,357.73,160,,,,,,,,,,,,
2026-01-16 09:34:53,356.635,356.61,1,355.71,40,357.56,160,357.56,355.71,355.71,40,355.7,40,355.69,40,355.65,80,355.61,80,355.53,40,355.52,80,355.43,440,355.39,40,355.19,160,357.56,160,357.57,80,357.63,120,357.73,160,,,,,,,,,,,,
2026-01-16 09:34:54,356.635,356.61,1,355.71,40,357.56,160,357.56,355.71,355.71,40,355.7,40,355.69,40,355.65,80,355.61,80,355.53,40,355.52,80,355.43,440,355.39,40,355.19,160,357.56,160,357.57,80,357.63,120,357.73,160,,,,,,,,,,,,
2026-01-16 09:34:55,356.635,356.61,1,355.71,40,357.56,160,357.56,355.71,355.71,40,355.7,40,355.69,40,355.65,80,355.61,80,355.53,40,355.52,80,355.43,440,355.39,40,355.19,160,357.56,160,357.57,80,357.63,120,357.73,160,,,,,,,,,,,,
2026-01-16 09:34:56,356.635,356.61,1,355.71,40,357.56,160,357.56,355.71,355.71,40,355.7,40,355.69,40,355.65,80,355.61,80,355.53,40,355.52,80,355.43,440,355.39,40,355.19,160,357.56,160,357.57,80,357.63,120,357.73,160,,,,,,,,,,,,
2026-01-16 09:34:57,356.635,356.61,1,355.71,40,357.56,160,357.56,355.71,355.71,40,355.7,40,355.69,40,355.65,80,355.61,80,355.53,40,355.52,80,355.43,440,355.39,40,355.19,160,357.56,160,357.57,80,357.63,120,357.73,160,,,,,,,,,,,,
2026-01-16 09:34:58,356.635,356.61,1,355.71,40,357.56,160,357.56,355.71,355.71,40,355.7,40,355.69,40,355.65,80,355.61,80,355.53,40,355.52,80,355.43,440,355.39,40,355.19,160,357.56,160,357.57,80,357.63,120,357.73,160,,,,,,,,,,,,
2026-01-16 09:34:59,356.635,356.61,1,355.71,40,357.56,160,357.56,355.71,355.71,40,355.7,40,355.69,40,355.65,80,355.61,80,355.53,40,355.52,80,355.43,440,355.39,40,355.19,160,357.56,160,357.57,80,357.63,120,357.73,160,,,,,,,,,,,,
2026-01-16 09:35:00,356.635,356.61,1,355.71,40,357.56,160,357.56,355.71,355.71,40,355.7,40,355.69,40,355.65,80,355.61,80,355.53,40,355.52,80,355.43,440,355.39,40,355.19,160,357.56,160,357.57,80,357.63,120,357.73,160,,,,,,,,,,,,
2026-01-16 09:35:01,356.635,356.61,1,355.71,40,357.56,160,357.56,355.71,355.71,40,355.7,40,355.69,40,355.65,80,355.61,80,355.53,40,355.52,80,355.43,440,355.39,40,355.19,160,357.56,160,357.57,80,357.63,120,357.73,160,,,,,,,,,,,,
2026-01-16 09:35:02,356.635,356.61,1,355.71,40,357.56,160,357.56,355.71,355.71,40,355.7,40,355.69,40,355.65,80,355.61,80,355.53,40,355.52,80,355.43,440,355.39,40,355.19,160,357.56,160,357.57,80,357.63,120,357.73,160,,,,,,,,,,,,
2026-01-16 09:35:03,356.635,356.61,1,355.71,40,357.56,200,357.56,355.71,355.71,40,355.7,40,355.69,40,355.65,80,355.61,80,355.53,40,355.52,80,355.43,440,355.39,40,355.19,160,357.56,200,357.57,80,357.63,120,357.73,160,,,,,,,,,,,,
2026-01-16 09:35:04,356.635,356.61,1,355.71,40,357.56,200,357.56,355.71,355.71,40,355.7,40,355.69,40,355.65,80,355.61,80,355.53,40,355.52,80,355.43,440,355.39,40,355.19,160,357.56,200,357.57,80,357.63,120,357.73,160,,,,,,,,,,,,
2026-01-16 09:35:05,356.635,356.61,1,355.71,40,357.56,200,357.56,355.71,355.71,40,355.7,40,355.69,40,355.65,80,355.61,80,355.53,40,355.52,80,355.43,440,355.39,40,355.19,160,357.56,200,357.57,80,357.63,120,357.73,160,,,,,,,,,,,,
2026-01-16 09:35:06,356.635,356.61,1,355.71,40,357.56,200,357.56,355.71,355.71,40,355.7,40,355.69,40,355.65,80,355.61,80,355.53,40,355.52,80,355.43,440,355.39,40,355.19,160,357.56,200,357.57,80,357.63,120,357.73,160,,,,,,,,,,,,
2026-01-16 09:35:07,356.635,356.61,1,355.71,40,357.56,200,357.56,355.71,355.71,40,355.7,40,355.69,40,355.65,80,355.61,80,355.53,40,355.52,80,355.43,440,355.39,40,355.19,160,357.56,200,357.57,80,357.63,120,357.73,160,,,,,,,,,,,,
2026-01-16 09:35:08,356.635,356.61,1,355.71,40,357.56,200,357.56,355.71,355.71,40,355.7,40,355.69,40,355.65,80,355.61,80,355.53,40,355.52,80,355.43,440,355.39,40,355.19,160,357.56,200,357.57,80,357.63,120,357.73,160,,,,,,,,,,,,
2026-01-16 09:35:09,356.635,356.61,1,355.71,40,357.56,200,357.56,355.71,355.71,40,355.7,40,355.69,40,355.65,80,355.61,80,355.53,40,355.52,80,355.43,440,355.39,40,355.19,160,357.56,200,357.57,80,357.63,120,357.73,160,,,,,,,,,,,,
2026-01-16 09:35:10,356.635,356.61,1,355.71,40,357.56,200,357.56,355.71,355.71,40,355.7,40,355.69,40,355.65,80,355.61,80,355.53,40,355.52,80,355.43,440,355.39,40,355.19,160,357.56,200,357.57,80,357.63,120,357.73,160,,,,,,,,,,,,
2026-01-16 09:35:11,356.635,356.61,1,355.71,80,357.56,200,357.56,355.71,355.71,80,355.7,40,355.69,40,355.65,80,355.61,80,355.53,40,355.52,80,355.43,440,355.39,40,355.19,160,357.56,200,357.57,80,357.63,120,357.73,160,,,,,,,,,,,,
2026-01-16 09:35:12,356.635,356.61,1,355.71,80,357.56,200,357.56,355.71,355.71,80,355.7,40,355.69,40,355.65,80,355.61,80,355.53,40,355.52,80,355.43,440,355.39,40,355.19,160,357.56,200,357.57,80,357.63,120,357.73,160,,,,,,,,,,,,
2026-01-16 09:35:13,356.635,356.61,1,355.71,80,357.56,200,357.56,355.71,355.71,80,355.7,40,355.69,40,355.65,80,355.61,80,355.53,40,355.52,80,355.43,440,355.39,40,355.19,160,357.56,200,357.57,80,357.63,120,357.73,160,,,,,,,,,,,,
2026-01-16 09:35:14,356.635,356.61,1,355.71,80,357.56,200,357.56,355.71,355.71,80,355.7,40,355.69,40,355.65,80,355.61,80,355.53,40,355.52,80,355.43,440,355.39,40,355.19,160,357.56,200,357.57,80,357.63,120,357.73,160,,,,,,,,,,,,
2026-01-16 09:35:15,356.45,356.61,1,355.71,80,357.19,120,357.19,355.71,355.71,80,355.7,40,355.69,40,355.65,80,355.61,80,355.53,40,355.52,80,355.43,440,355.39,40,355.19,160,357.19,120,357.52,40,357.53,40,357.56,200,357.57,80,357.63,120,357.73,160,,,,,,
2026-01-16 09:35:16,356.45,356.61,1,355.71,80,357.19,120,357.19,355.71,355.71,80,355.7,40,355.69,40,355.65,80,355.61,80,355.53,40,355.52,80,355.43,440,355.39,40,355.19,160,357.19,120,357.52,40,357.53,40,357.56,200,357.57,80,357.63,120,357.73,160,,,,,,
2026-01-16 09:35:17,356.45,356.61,1,355.71,120,357.19,120,357.19,355.71,355.71,120,355.7,40,355.69,40,355.65,80,355.61,80,355.53,40,355.52,80,355.43,440,355.39,40,355.19,160,357.19,120,357.52,40,357.53,40,357.56,200,357.57,80,357.63,120,357.73,160,,,,,,
2026-01-16 09:35:18,356.45,356.61,1,355.71,120,357.19,120,357.19,355.71,355.71,120,355.7,40,355.69,40,355.65,80,355.61,80,355.53,40,355.52,80,355.43,440,355.39,40,355.19,160,357.19,120,357.52,40,357.53,40,357.56,200,357.57,80,357.63,120,357.73,160,,,,,,
2026-01-16 09:35:19,356.45,356.61,1,355.71,120,357.19,120,357.19,355.71,355.71,120,355.7,40,355.69,40,355.65,80,355.61,80,355.53,40,355.52,80,355.43,440,355.39,40,355.19,160,357.19,120,357.52,40,357.53,40,357.56,200,357.57,80,357.63,120,357.73,160,,,,,,
2026-01-16 09:35:20,356.45,356.61,1,355.71,120,357.19,120,357.19,355.71,355.71,120,355.7,40,355.69,40,355.65,80,355.61,80,355.53,40,355.52,80,355.43,440,355.39,40,355.19,160,357.19,120,357.52,40,357.53,40,357.56,200,357.57,80,357.63,120,357.73,160,,,,,,
2026-01-16 09:35:21,356.45,356.61,1,355.71,120,357.19,120,357.19,355.71,355.71,120,355.7,40,355.69,40,355.65,80,355.61,80,355.53,40,355.52,80,355.43,440,355.39,40,355.19,160,357.19,120,357.52,40,357.53,40,357.56,200,357.57,80,357.63,120,357.73,160,,,,,,
2026-01-16 09:35:22,356.45,356.61,1,355.71,120,357.19,120,357.19,355.71,355.71,120,355.7,40,355.69,40,355.65,80,355.61,80,355.53,40,355.52,80,355.43,440,355.39,40,355.19,160,357.19,120,357.52,40,357.53,40,357.56,200,357.57,80,357.63,120,357.73,160,,,,,,
2026-01-16 09:35:23,356.45,356.61,1,355.71,120,357.19,120,357.19,355.71,355.71,120,355.7,40,355.69,40,355.65,80,355.61,80,355.53,40,355.52,80,355.43,440,355.39,40,355.19,160,357.19,120,357.52,40,357.53,40,357.56,200,357.57,80,357.63,120,357.73,160,,,,,,
2026-01-16 09:35:24,356.45,356.61,1,355.71,120,357.19,120,357.19,355.71,355.71,120,355.7,40,355.69,40,355.65,80,355.61,80,355.53,40,355.52,80,355.43,440,355.39,40,355.19,160,357.19,120,357.52,40,357.53,40,357.56,200,357.57,80,357.63,120,357.73,160,,,,,,
2026-01-16 09:35:25,356.45,356.6,1,355.71,120,357.19,120,357.19,355.71,355.71,120,355.7,40,355.69,40,355.65,80,355.61,80,355.53,40,355.52,80,355.43,440,355.39,40,355.19,160,357.19,120,357.52,40,357.53,40,357.56,200,357.57,80,357.63,120,357.73,160,,,,,,
2026-01-16 09:35:26,356.45,356.6,1,355.71,120,357.19,120,357.19,355.71,355.71,120,355.7,40,355.69,40,355.65,80,355.61,80,355.53,40,355.52,80,355.43,440,355.39,40,355.19,160,357.19,120,357.52,40,357.53,40,357.56,200,357.57,80,357.63,120,357.73,160,,,,,,
2026-01-16 09:35:27,356.45,356.6,1,355.71,120,357.19,120,357.19,355.71,355.71,120,355.7,40,355.69,40,355.65,80,355.61,80,355.53,40,355.52,80,355.43,440,355.39,40,355.19,160,357.19,120,357.52,40,357.53,40,357.56,200,357.57,80,357.63,120,357.73,160,,,,,,
2026-01-16 09:35:28,356.45,356.6,1,355.71,120,357.19,120,357.19,355.71,355.71,120,355.7,40,355.69,40,355.65,80,355.61,80,355.53,40,355.52,80,355.43,440,355.39,40,355.19,160,357.19,120,357.52,40,357.53,40,357.56,200,357.57,80,357.63,120,357.73,160,,,,,,
2026-01-16 09:35:29,356.45,356.6,1,355.71,120,357.19,120,357.19,355.71,355.71,120,355.7,40,355.69,40,355.65,80,355.61,80,355.53,40,355.52,80,355.43,440,355.39,40,355.19,160,357.19,120,357.52,40,357.53,40,357.56,200,357.57,80,357.63,120,357.73,160,,,,,,
2026-01-16 09:35:30,356.455,356.6,1,355.71,120,357.2,120,357.2,355.71,355.71,120,355.7,40,355.69,40,355.65,80,355.61,80,355.53,40,355.52,80,355.43,440,355.39,40,355.19,160,357.2,120,357.52,40,357.53,40,357.56,200,357.57,80,357.63,120,357.73,160,,,,,,
2026-01-16 09:35:31,356.455,356.6,1,355.71,120,357.2,120,357.2,355.71,355.71,120,355.7,40,355.69,40,355.65,80,355.61,80,355.53,40,355.52,80,355.43,440,355.39,40,355.19,160,357.2,120,357.52,40,357.53,40,357.56,200,357.57,80,357.63,120,357.73,160,,,,,,
2026-01-16 09:35:32,356.455,356.6,1,355.71,120,357.2,120,357.2,355.71,355.71,120,355.7,40,355.69,40,355.65,80,355.61,80,355.53,40,355.52,80,355.43,440,355.39,40,355.19,160,357.2,120,357.52,40,357.53,40,357.56,200,357.57,80,357.63,120,357.73,160,,,,,,
2026-01-16 09:35:33,356.455,356.6,1,355.71,120,357.2,120,357.2,355.71,355.71,120,355.7,40,355.69,40,355.65,80,355.61,80,355.53,40,355.52,80,355.43,440,355.39,40,355.19,160,357.2,120,357.52,40,357.53,40,357.56,200,357.57,80,357.63,120,357.73,160,,,,,,
2026-01-16 09:35:34,356.455,356.6,1,355.71,120,357.2,120,357.2,355.71,355.71,120,355.7,40,355.69,40,355.65,80,355.61,80,355.53,40,355.52,80,355.43,440,355.39,40,355.19,160,357.2,120,357.52,40,357.53,40,357.56,200,357.57,80,357.63,120,357.73,160,,,,,,
2026-01-16 09:35:35,356.455,356.6,1,355.71,120,357.2,120,357.2,355.71,355.71,120,355.7,40,355.69,40,355.65,80,355.61,80,355.53,40,355.52,80,355.43,440,355.39,40,355.19,160,357.2,120,357.52,40,357.53,40,357.56,200,357.57,80,357.63,120,357.73,160,,,,,,
2026-01-16 09:35:36,356.265,356.6,1,355.71,120,356.82,80,356.82,355.71,355.71,120,355.7,40,355.69,40,355.65,80,355.61,80,355.53,40,355.52,80,355.43,440,355.39,40,355.19,160,356.82,80,357.2,120,357.52,40,357.53,40,357.56,200,357.57,80,357.63,120,357.73,160,,,,
2026-01-16 09:35:37,356.265,356.6,1,355.71,120,356.82,80,356.82,355.71,355.71,120,355.7,40,355.69,40,355.65,80,355.61,80,355.53,40,355.52,80,355.43,440,355.39,40,355.19,160,356.82,80,357.2,120,357.52,40,357.53,40,357.56,200,357.57,80,357.63,120,357.73,160,,,,
2026-01-16 09:35:38,356.265,356.6,1,355.71,120,356.82,80,356.82,355.71,355.71,120,355.7,40,355.69,40,355.65,80,355.61,80,355.53,40,355.52,80,355.43,440,355.39,40,355.19,160,356.82,80,357.2,120,357.52,40,357.53,40,357.56,200,357.57,80,357.63,120,357.73,160,,,,
2026-01-16 09:35:39,356.26,356.6,1,355.71,120,356.81,80,356.81,355.71,355.71,120,355.7,40,355.69,40,355.65,80,355.61,80,355.53,40,355.52,80,355.43,440,355.39,40,355.19,160,356.81,80,356.82,80,357.2,120,357.52,40,357.53,40,357.56,200,357.57,80,357.63,120,357.73,160,,
2026-01-16 09:35:40,356.26,356.6,1,355.71,120,356.81,80,356.81,355.71,355.71,120,355.7,40,355.69,40,355.65,80,355.61,80,355.53,40,355.52,80,355.43,440,355.39,40,355.19,160,356.81,80,356.82,80,357.2,120,357.52,40,357.53,40,357.56,200,357.57,80,357.63,120,357.73,160,,
2026-01-16 09:35:41,356.26,356.6,1,355.71,120,356.81,80,356.81,355.71,355.71,120,355.7,40,355.69,40,355.65,80,355.61,80,355.53,40,355.52,80,355.43,440,355.39,40,355.19,160,356.81,80,356.82,80,357.2,120,357.52,40,357.53,40,357.56,200,357.57,80,357.63,120,357.73,160,,
2026-01-16 09:35:42,356.26,356.6,1,355.71,120,356.81,40,356.81,355.71,355.71,120,355.7,40,355.69,40,355.65,80,355.61,80,355.53,40,355.52,80,355.43,440,355.39,40,355.19,160,356.81,40,356.82,80,357.2,120,357.52,40,357.53,40,357.56,200,357.57,80,357.63,120,357.73,160,,
2026-01-16 09:35:43,356.26,356.6,1,355.71,120,356.81,40,356.81,355.71,355.71,120,355.7,40,355.69,40,355.65,80,355.61,80,355.53,40,355.52,80,355.43,440,355.39,40,355.19,160,356.81,40,356.82,80,357.2,120,357.52,40,357.53,40,357.56,200,357.57,80,357.63,120,357.73,160,,
2026-01-16 09:35:44,356.26,356.6,1,355.71,120,356.81,40,356.81,355.71,355.71,120,355.7,40,355.69,40,355.65,80,355.61,80,355.53,40,355.52,80,355.43,440,355.39,40,355.19,160,356.81,40,356.82,80,357.2,120,357.52,40,357.53,40,357.56,200,357.57,80,357.63,120,357.73,160,,
2026-01-16 09:35:45,356.26,356.6,1,355.71,120,356.81,40,356.81,355.71,355.71,120,355.7,40,355.69,40,355.65,80,355.61,80,355.53,40,355.52,80,355.43,440,355.39,40,355.19,160,356.81,40,356.82,80,357.2,120,357.52,40,357.53,40,357.56,200,357.57,80,357.63,120,357.73,160,,
2026-01-16 09:35:46,356.26,356.6,1,355.71,120,356.81,40,356.81,355.71,355.71,120,355.7,40,355.69,40,355.65,80,355.61,80,355.53,40,355.52,80,355.43,440,355.39,40,355.19,160,356.81,40,356.82,80,357.2,120,357.52,40,357.53,40,357.56,200,357.57,80,357.63,120,357.73,160,,
2026-01-16 09:35:47,356.26,356.6,1,355.71,120,356.81,40,356.81,355.71,355.71,120,355.7,40,355.69,40,355.65,80,355.61,80,355.53,40,355.52,80,355.43,440,355.39,40,355.19,160,356.81,40,356.82,80,357.2,120,357.52,40,357.53,40,357.56,200,357.57,80,357.63,120,357.73,160,,
2026-01-16 09:35:48,356.325,356.6,1,355.71,120,356.94,120,356.94,355.71,355.71,120,355.7,40,355.69,40,355.65,80,355.61,80,355.53,40,355.52,80,355.43,440,355.39,40,355.19,160,356.94,120,357.2,120,357.52,40,357.53,40,357.56,200,357.57,80,357.63,120,357.73,160,,,,
2026-01-16 09:35:49,356.325,356.6,1,355.71,120,356.94,120,356.94,355.71,355.71,120,355.7,40,355.69,40,355.65,80,355.61,80,355.53,40,355.52,80,355.43,440,355.39,40,355.19,160,356.94,120,357.2,120,357.52,40,357.53,40,357.56,200,357.57,80,357.63,120,357.73,160,,,,
2026-01-16 09:35:50,356.325,356.6,1,355.71,120,356.94,120,356.94,355.71,355.71,120,355.7,40,355.69,40,355.65,80,355.61,80,355.53,40,355.52,80,355.43,440,355.39,40,355.19,160,356.94,120,357.2,120,357.52,40,357.53,40,357.56,200,357.57,80,357.63,120,357.73,160,,,,
2026-01-16 09:35:51,356.325,356.6,1,355.71,120,356.94,120,356.94,355.71,355.71,120,355.7,40,355.69,40,355.65,80,355.61,80,355.53,40,355.52,80,355.43,440,355.39,40,355.19,160,356.94,120,357.2,120,357.52,40,357.53,40,357.56,200,357.57,80,357.63,120,357.73,160,,,,
2026-01-16 09:35:52,356.325,356.6,1,355.71,120,356.94,120,356.94,355.71,355.71,120,355.7,40,355.69,40,355.65,80,355.61,80,355.53,40,355.52,80,355.43,440,355.39,40,355.19,160,356.94,120,357.2,120,357.52,40,357.53,40,357.56,200,357.57,80,357.63,120,357.73,160,,,,
2026-01-16 09:35:53,356.325,356.6,1,355.71,120,356.94,120,356.94,355.71,355.71,120,355.7,40,355.69,40,355.65,80,355.61,80,355.53,40,355.52,80,355.43,440,355.39,40,355.19,160,356.94,120,357.2,120,357.52,40,357.53,40,357.56,200,357.57,80,357.63,120,357.73,160,,,,
2026-01-16 09:35:54,356.325,356.6,1,355.71,120,356.94,120,356.94,355.71,355.71,120,355.7,40,355.69,40,355.65,80,355.61,80,355.53,40,355.52,80,355.43,440,355.39,40,355.19,160,356.94,120,357.2,120,357.52,40,357.53,40,357.56,200,357.57,80,357.63,120,357.73,160,,,,
2026-01-16 09:35:55,356.29,356.6,1,355.72,40,356.86,40,356.86,355.72,355.72,40,355.71,120,355.7,40,355.69,40,355.65,80,355.61,80,355.53,40,355.52,80,355.43,440,355.39,40,356.86,40,356.94,120,357.2,120,357.52,40,357.53,40,357.56,200,357.57,80,357.63,120,357.73,160,,
2026-01-16 09:35:56,356.29,356.6,1,355.72,40,356.86,40,356.86,355.72,355.72,40,355.71,120,355.7,40,355.69,40,355.65,80,355.61,80,355.53,40,355.52,80,355.43,440,355.39,40,356.86,40,356.94,120,357.2,120,357.52,40,357.53,40,357.56,200,357.57,80,357.63,120,357.73,160,,
2026-01-16 09:35:57,356.29,356.6,1,355.72,80,356.86,40,356.86,355.72,355.72,80,355.71,120,355.7,40,355.69,40,355.65,80,355.61,80,355.53,40,355.52,80,355.43,440,355.39,40,356.86,40,356.94,120,357.2,120,357.52,40,357.53,40,357.56,200,357.57,80,357.63,120,357.73,160,,
2026-01-16 09:35:58,356.29,356.6,1,355.72,80,356.86,40,356.86,355.72,355.72,80,355.71,120,355.7,40,355.69,40,355.65,80,355.61,80,355.53,40,355.52,80,355.43,440,355.39,40,356.86,40,356.94,120,357.2,120,357.52,40,357.53,40,357.56,200,357.57,80,357.63,120,357.73,160,,
2026-01-16 09:35:59,356.29,356.6,1,355.72,80,356.86,40,356.86,355.72,355.72,80,355.71,120,355.7,40,355.69,40,355.65,80,355.61,80,355.53,40,355.52,80,355.43,440,355.39,40,356.86,40,356.94,120,357.2,120,357.52,40,357.53,40,357.56,200,357.57,80,357.63,120,357.73,160,,
2026-01-16 09:36:00,356.29,356.6,1,355.72,80,356.86,40,356.86,355.72,355.72,80,355.71,120,355.7,40,355.69,40,355.65,80,355.61,80,355.53,40,355.52,80,355.43,440,355.39,40,356.86,40,356.94,120,357.2,120,357.52,40,357.53,40,357.56,200,357.57,80,357.63,120,357.73,160,,
2026-01-16 09:36:01,356.29,356.6,1,355.72,80,356.86,40,356.86,355.72,355.72,80,355.71,120,355.7,40,355.69,40,355.65,80,355.61,80,355.53,40,355.52,80,355.43,440,355.39,40,356.86,40,356.94,120,357.2,120,357.52,40,357.53,40,357.56,200,357.57,80,357.63,120,357.73,160,,
2026-01-16 09:36:02,356.29,356.6,1,355.72,80,356.86,40,356.86,355.72,355.72,80,355.71,120,355.7,40,355.69,40,355.65,80,355.61,80,355.53,40,355.52,80,355.43,440,355.39,40,356.86,40,356.94,120,357.2,120,357.52,40,357.53,40,357.56,200,357.57,80,357.63,120,357.73,160,,
2026-01-16 09:36:03,356.29,356.6,1,355.72,80,356.86,40,356.86,355.72,355.72,80,355.71,120,355.7,40,355.69,40,355.65,80,355.61,80,355.53,40,355.52,80,355.43,440,355.39,40,356.86,40,356.94,120,357.2,120,357.52,40,357.53,40,357.56,200,357.57,80,357.63,120,357.73,160,,
2026-01-16 09:36:04,356.29,356.6,1,355.72,80,356.86,40,356.86,355.72,355.72,80,355.71,120,355.7,40,355.69,40,355.65,80,355.61,80,355.53,40,355.52,80,355.43,440,355.39,40,356.86,40,356.94,120,357.2,120,357.52,40,357.53,40,357.56,200,357.57,80,357.63,120,357.73,160,,
2026-01-16 09:36:05,356.29,356.6,1,355.72,80,356.86,40,356.86,355.72,355.72,80,355.71,120,355.7,40,355.69,40,355.65,80,355.61,80,355.53,40,355.52,80,355.43,440,355.39,40,356.86,40,356.94,120,357.2,120,357.52,40,357.53,40,357.56,200,357.57,80,357.63,120,357.73,160,,
2026-01-16 09:36:06,356.29,356.6,1,355.72,80,356.86,40,356.86,355.72,355.72,80,355.71,120,355.7,40,355.69,40,355.65,80,355.61,80,355.53,40,355.52,80,355.43,440,355.39,40,356.86,40,356.94,120,357.2,120,357.52,40,357.53,40,357.56,200,357.57,80,357.63,120,357.73,160,,
2026-01-16 09:36:07,356.335,356.6,1,355.73,80,356.94,120,356.94,355.73,355.73,80,355.72,80,355.71,120,355.7,40,355.69,40,355.65,80,355.61,80,355.53,40,355.52,80,355.43,440,356.94,120,357.2,120,357.52,40,357.53,40,357.56,200,357.57,80,357.63,120,357.73,160,,,,
2026-01-16 09:36:08,356.335,356.6,1,355.73,80,356.94,120,356.94,355.73,355.73,80,355.72,80,355.71,120,355.7,40,355.69,40,355.65,80,355.61,80,355.53,40,355.52,80,355.43,440,356.94,120,357.2,120,357.52,40,357.53,40,357.56,200,357.57,80,357.63,120,357.73,160,,,,
2026-01-16 09:36:09,356.335,356.6,1,355.73,80,356.94,120,356.94,355.73,355.73,80,355.72,80,355.71,120,355.7,40,355.69,40,355.65,80,355.61,80,355.53,40,355.52,80,355.43,440,356.94,120,357.2,120,357.52,40,357.53,40,357.56,200,357.57,80,357.63,120,357.73,160,,,,
2026-01-16 09:36:10,356.335,356.34,2,355.73,80,356.94,120,356.94,355.73,355.73,80,355.72,80,355.71,120,355.7,40,355.69,40,355.65,80,355.61,80,355.53,40,355.52,80,355.43,440,356.94,120,357.2,120,357.52,40,357.53,40,357.56,200,357.57,80,357.63,120,357.73,160,,,,
2026-01-16 09:36:11,356.335,356.34,2,355.73,80,356.94,160,356.94,355.73,355.73,80,355.72,80,355.71,120,355.7,40,355.69,40,355.65,80,355.61,80,355.53,40,355.52,80,355.43,440,356.94,160,357.2,120,357.52,40,357.53,40,357.56,200,357.57,80,357.63,120,357.73,160,,,,
2026-01-16 09:36:12,356.34,356.34,2,355.74,40,356.94,160,356.94,355.74,355.74,40,355.73,80,355.72,80,355.71,120,355.7,40,355.69,40,355.65,80,355.61,80,355.53,40,355.52,80,356.94,160,357.2,120,357.52,40,357.53,40,357.56,200,357.57,80,357.63,120,357.73,160,,,,
2026-01-16 09:36:13,356.34,356.34,2,355.74,40,356.94,160,356.94,355.74,355.74,40,355.73,80,355.72,80,355.71,120,355.7,40,355.69,40,355.65,80,355.61,80,355.53,40,355.52,80,356.94,160,357.2,120,357.52,40,357.53,40,357.56,200,357.57,80,357.63,120,357.73,160,,,,
2026-01-16 09:36:14,356.34,356.34,2,355.74,80,356.94,160,356.94,355.74,355.74,80,355.73,80,355.72,80,355.71,120,355.7,40,355.69,40,355.65,80,355.61,80,355.53,40,355.52,80,356.94,160,357.2,120,357.52,40,357.53,40,357.56,200,357.57,80,357.63,120,357.73,160,,,,
2026-01-16 09:36:15,356.34,356.34,2,355.74,80,356.94,160,356.94,355.74,355.74,80,355.73,80,355.72,80,355.71,120,355.7,40,355.69,40,355.65,80,355.61,80,355.53,40,355.52,80,356.94,160,357.2,120,357.52,40,357.53,40,357.56,200,357.57,80,357.63,120,357.73,160,,,,
2026-01-16 09:36:16,356.34,356.34,2,355.74,80,356.94,160,356.94,355.74,355.74,80,355.73,80,355.72,80,355.71,120,355.7,40,355.69,40,355.65,80,355.61,80,355.53,40,355.52,80,356.94,160,357.2,120,357.52,40,357.53,40,357.56,200,357.57,80,357.63,120,357.73,160,,,,
2026-01-16 09:36:17,356.165,356.38,1,355.71,80,356.62,40,356.62,355.71,355.71,80,355.7,40,355.69,40,355.65,80,355.61,80,355.53,40,355.52,80,355.43,440,355.39,40,355.19,160,356.62,40,356.94,160,357.2,120,357.52,40,357.53,40,357.56,200,357.57,80,357.63,120,357.73,160,,
2026-01-16 09:36:18,356.165,356.38,1,355.71,80,356.62,40,356.62,355.71,355.71,80,355.7,40,355.69,40,355.65,80,355.61,80,355.53,40,355.52,80,355.43,440,355.39,40,355.19,160,356.62,40,356.94,160,357.2,120,357.52,40,357.53,40,357.56,200,357.57,80,357.63,120,357.73,160,,
2026-01-16 09:36:19,356.165,356.38,1,355.71,80,356.62,40,356.62,355.71,355.71,80,355.7,40,355.69,40,355.65,80,355.61,80,355.53,40,355.52,80,355.43,440,355.39,40,355.19,160,356.62,40,356.94,160,357.2,120,357.52,40,357.53,40,357.56,200,357.57,80,357.63,120,357.73,160,,
2026-01-16 09:36:20,356.325,356.38,1,355.71,80,356.94,160,356.94,355.71,355.71,80,355.7,40,355.69,40,355.65,80,355.61,80,355.53,40,355.52,80,355.43,440,355.39,40,355.19,160,356.94,160,357.2,120,357.52,40,357.53,40,357.56,200,357.57,80,357.63,120,357.73,160,,,,
2026-01-16 09:36:21,356.325,356.38,1,355.71,80,356.94,160,356.94,355.71,355.71,80,355.7,40,355.69,40,355.65,80,355.61,80,355.53,40,355.52,80,355.43,440,355.39,40,355.19,160,356.94,160,357.2,120,357.52,40,357.53,40,357.56,200,357.57,80,357.63,120,357.73,160,,,,
2026-01-16 09:36:22,356.325,356.38,1,355.71,80,356.94,160,356.94,355.71,355.71,80,355.7,40,355.69,40,355.65,80,355.61,80,355.53,40,355.52,80,355.43,440,355.39,40,355.19,160,356.94,160,357.2,120,357.52,40,357.53,40,357.56,200,357.57,80,357.63,120,357.73,160,,,,
2026-01-16 09:36:23,356.325,356.38,1,355.71,80,356.94,200,356.94,355.71,355.71,80,355.7,40,355.69,40,355.65,80,355.61,80,355.53,40,355.52,80,355.43,440,355.39,40,355.19,160,356.94,200,357.2,120,357.52,40,357.53,40,357.56,200,357.57,80,357.63,120,357.73,160,,,,
2026-01-16 09:36:25,356.32,355.71,2,355.71,80,356.93,80,356.93,355.71,355.71,80,355.7,40,355.69,40,355.65,80,355.61,80,355.53,40,355.52,80,355.43,440,355.39,40,355.19,160,356.93,80,356.94,160,357.2,120,357.52,40,357.53,40,357.56,200,357.57,80,357.63,120,357.73,160,,
2026-01-16 09:36:26,356.32,355.71,2,355.71,80,356.93,80,356.93,355.71,355.71,80,355.7,40,355.69,40,355.65,80,355.61,80,355.53,40,355.52,80,355.43,440,355.39,40,355.19,160,356.93,80,356.94,160,357.2,120,357.52,40,357.53,40,357.56,200,357.57,80,357.63,120,357.73,160,,
2026-01-16 09:36:27,356.32,355.71,2,355.71,80,356.93,80,356.93,355.71,355.71,80,355.7,40,355.69,40,355.65,80,355.61,80,355.53,40,355.52,80,355.43,440,355.39,40,355.19,160,356.93,80,356.94,160,357.2,120,357.52,40,357.53,40,357.56,200,357.57,80,357.63,120,357.73,160,,
2026-01-16 09:36:28,356.32,355.71,2,355.71,80,356.93,80,356.93,355.71,355.71,80,355.7,40,355.69,40,355.65,80,355.61,80,355.53,40,355.52,80,355.43,440,355.39,40,355.19,160,356.93,80,356.94,160,357.2,120,357.52,40,357.53,40,357.56,200,357.57,80,357.63,120,357.73,160,,
2026-01-16 09:36:29,356.32,355.71,2,355.71,80,356.93,120,356.93,355.71,355.71,80,355.7,40,355.69,40,355.65,80,355.61,80,355.53,40,355.52,80,355.43,440,355.39,40,355.19,160,356.93,120,356.94,160,357.2,120,357.52,40,357.53,40,357.56,200,357.57,80,357.63,120,357.73,160,,
2026-01-16 09:36:30,356.035,355.78,1,355.42,40,356.65,80,356.65,355.42,355.42,40,355.16,80,355.15,80,355.02,40,354.97,40,354.71,720,354.66,40,354.22,160,354.21,760,352.36,160,356.65,80,356.87,40,356.93,120,356.94,160,357.2,120,357.52,40,357.53,40,357.56,200,357.57,80,357.63,120
2026-01-16 09:36:31,356.035,355.78,1,355.42,40,356.65,80,356.65,355.42,355.42,40,355.16,80,355.15,80,355.02,40,354.97,40,354.71,720,354.66,40,354.22,160,354.21,760,352.36,160,356.65,80,356.87,40,356.93,120,356.94,160,357.2,120,357.52,40,357.53,40,357.56,200,357.57,80,357.63,120
2026-01-16 09:36:32,356.035,355.78,1,355.42,40,356.65,80,356.65,355.42,355.42,40,355.16,80,355.15,80,355.02,40,354.97,40,354.71,720,354.66,40,354.22,160,354.21,760,352.36,160,356.65,80,356.87,40,356.93,120,356.94,160,357.2,120,357.52,40,357.53,40,357.56,200,357.57,80,357.63,120
2026-01-16 09:36:33,356.035,355.78,1,355.42,40,356.65,80,356.65,355.42,355.42,40,355.16,80,355.15,80,355.02,40,354.97,40,354.71,720,354.66,40,354.22,160,354.21,760,352.36,160,356.65,80,356.87,40,356.93,120,356.94,160,357.2,120,357.52,40,357.53,40,357.56,200,357.57,80,357.63,120
2026-01-16 09:36:34,356.035,355.78,1,355.42,40,356.65,80,356.65,355.42,355.42,40,355.16,80,355.15,80,355.02,40,354.97,40,354.71,720,354.66,40,354.22,160,354.21,760,352.36,160,356.65,80,356.87,40,356.93,120,356.94,160,357.2,120,357.52,40,357.53,40,357.56,200,357.57,80,357.63,120
2026-01-16 09:36:35,356.15,355.78,1,355.65,40,356.65,120,356.65,355.65,355.65,40,355.42,40,355.16,80,355.15,80,355.02,40,354.97,40,354.71,720,354.66,40,354.22,160,354.21,760,356.65,120,356.87,40,356.93,120,356.94,160,357.2,120,357.52,40,357.53,40,357.56,200,357.57,80,357.63,120
2026-01-16 09:36:36,355.575,355.78,1,354.77,200,356.38,80,356.38,354.77,354.77,200,354.71,720,354.66,40,354.22,160,354.21,760,352.36,160,352.35,200,351.76,240,351.75,640,351.68,920,356.38,80,356.65,120,356.87,40,356.93,120,356.94,160,357.2,120,357.52,40,357.53,40,357.56,200,357.57,80
2026-01-16 09:36:37,355.575,355.78,1,354.77,200,356.38,80,356.38,354.77,354.77,200,354.71,720,354.66,40,354.22,160,354.21,760,352.36,160,352.35,200,351.76,240,351.75,640,351.68,920,356.38,80,356.65,120,356.87,40,356.93,120,356.94,160,357.2,120,357.52,40,357.53,40,357.56,200,357.57,80
2026-01-16 09:36:38,355.575,355.78,1,354.77,200,356.38,80,356.38,354.77,354.77,200,354.71,720,354.66,40,354.22,160,354.21,760,352.36,160,352.35,200,351.76,240,351.75,640,351.68,920,356.38,80,356.65,120,356.87,40,356.93,120,356.94,160,357.2,120,357.52,40,357.53,40,357.56,200,357.57,80
2026-01-16 09:36:39,355.595,355.78,1,354.81,120,356.38,80,356.38,354.81,354.81,120,354.77,200,354.71,720,354.66,40,354.22,160,354.21,760,352.36,160,352.35,200,351.76,240,351.75,640,356.38,80,356.65,120,356.87,40,356.93,120,356.94,160,357.2,120,357.52,40,357.53,40,357.56,200,357.57,80
2026-01-16 09:36:40,355.595,355.78,1,354.81,120,356.38,80,356.38,354.81,354.81,120,354.77,200,354.71,720,354.66,40,354.22,160,354.21,760,352.36,160,352.35,200,351.76,240,351.75,640,356.38,80,356.65,120,356.87,40,356.93,120,356.94,160,357.2,120,357.52,40,357.53,40,357.56,200,357.57,80
2026-01-16 09:36:41,355.7,355.78,1,355.02,40,356.38,80,356.38,355.02,355.02,40,354.92,40,354.81,120,354.77,200,354.71,720,354.66,40,354.22,160,354.21,760,352.36,160,352.35,200,356.38,80,356.65,120,356.87,40,356.93,120,356.94,160,357.2,120,357.52,40,357.53,40,357.56,200,357.57,80
2026-01-16 09:36:42,355.7,355.78,1,355.02,40,356.38,80,356.38,355.02,355.02,40,354.92,40,354.81,120,354.77,200,354.71,720,354.66,40,354.22,160,354.21,760,352.36,160,352.35,200,356.38,80,356.65,120,356.87,40,356.93,120,356.94,160,357.2,120,357.52,40,357.53,40,357.56,200,357.57,80
2026-01-16 09:36:43,355.725,355.78,1,355.02,40,356.43,40,356.43,355.02,355.02,40,354.92,40,354.81,120,354.77,200,354.71,720,354.66,40,354.22,160,354.21,760,352.36,160,352.35,200,356.43,40,356.65,120,356.87,40,356.93,120,356.94,160,357.2,120,357.52,40,357.53,40,357.56,200,357.57,80
2026-01-16 09:36:44,355.725,355.78,1,355.02,40,356.43,40,356.43,355.02,355.02,40,354.92,40,354.81,120,354.77,200,354.71,720,354.66,40,354.22,160,354.21,760,352.36,160,352.35,200,356.43,40,356.65,120,356.87,40,356.93,120,356.94,160,357.2,120,357.52,40,357.53,40,357.56,200,357.57,80
2026-01-16 09:36:45,355.725,355.78,1,355.02,120,356.43,40,356.43,355.02,355.02,120,354.92,40,354.81,120,354.77,200,354.71,720,354.66,40,354.22,160,354.21,760,352.36,160,352.35,200,356.43,40,356.65,120,356.87,40,356.93,120,356.94,160,357.2,120,357.52,40,357.53,40,357.56,200,357.57,80
2026-01-16 09:36:46,355.725,355.78,1,355.02,120,356.43,40,356.43,355.02,355.02,120,354.92,40,354.81,120,354.77,200,354.71,720,354.66,40,354.22,160,354.21,760,352.36,160,352.35,200,356.43,40,356.65,120,356.87,40,356.93,120,356.94,160,357.2,120,357.52,40,357.53,40,357.56,200,357.57,80
2026-01-16 09:36:47,355.73,355.78,1,355.03,80,356.43,40,356.43,355.03,355.03,80,355.02,120,354.92,40,354.81,120,354.77,200,354.71,720,354.66,40,354.22,160,354.21,760,352.36,160,356.43,40,356.65,120,356.87,40,356.93,120,356.94,160,357.2,120,357.52,40,357.53,40,357.56,200,357.57,80
2026-01-16 09:36:48,355.73,355.78,1,355.03,80,356.43,40,356.43,355.03,355.03,80,355.02,120,354.92,40,354.81,120,354.77,200,354.71,720,354.66,40,354.22,160,354.21,760,352.36,160,356.43,40,356.65,120,356.87,40,356.93,120,356.94,160,357.2,120,357.52,40,357.53,40,357.56,200,357.57,80
2026-01-16 09:36:49,355.73,355.78,1,355.03,80,356.43,40,356.43,355.03,355.03,80,355.02,120,354.92,40,354.81,120,354.77,200,354.71,720,354.66,40,354.22,160,354.21,760,352.36,160,356.43,40,356.65,120,356.87,40,356.93,120,356.94,160,357.2,120,357.52,40,357.53,40,357.56,200,357.57,80
2026-01-16 09:36:50,355.73,355.99,1,355.03,80,356.43,40,356.43,355.03,355.03,80,355.02,120,354.92,40,354.81,120,354.77,200,354.71,720,354.66,40,354.22,160,354.21,760,352.36,160,356.43,40,356.65,120,356.87,40,356.93,120,356.94,160,357.2,120,357.52,40,357.53,40,357.56,200,357.57,80
2026-01-16 09:36:51,355.73,355.99,1,355.03,80,356.43,40,356.43,355.03,355.03,80,355.02,120,354.92,40,354.81,120,354.77,200,354.71,720,354.66,40,354.22,160,354.21,760,352.36,160,356.43,40,356.65,120,356.87,40,356.93,120,356.94,160,357.2,120,357.52,40,357.53,40,357.56,200,357.57,80
2026-01-16 09:36:52,355.73,355.99,1,355.03,80,356.43,40,356.43,355.03,355.03,80,355.02,120,354.92,40,354.81,120,354.77,200,354.71,720,354.66,40,354.22,160,354.21,760,352.36,160,356.43,40,356.65,120,356.87,40,356.93,120,356.94,160,357.2,120,357.52,40,357.53,40,357.56,200,357.57,80
2026-01-16 09:36:53,355.73,355.99,1,355.03,80,356.43,40,356.43,355.03,355.03,80,355.02,120,354.92,40,354.81,120,354.77,200,354.71,720,354.66,40,354.22,160,354.21,760,352.36,160,356.43,40,356.65,120,356.87,40,356.93,120,356.94,160,357.2,120,357.52,40,357.53,40,357.56,200,357.57,80
2026-01-16 09:36:54,355.73,355.99,1,355.03,80,356.43,40,356.43,355.03,355.03,80,355.02,120,354.92,40,354.81,120,354.77,200,354.71,720,354.66,40,354.22,160,354.21,760,352.36,160,356.43,40,356.65,120,356.87,40,356.93,120,356.94,160,357.2,120,357.52,40,357.53,40,357.56,200,357.57,80
2026-01-16 09:36:55,355.73,355.99,1,355.03,80,356.43,40,356.43,355.03,355.03,80,355.02,120,354.92,40,354.81,120,354.77,200,354.71,720,354.66,40,354.22,160,354.21,760,352.36,160,356.43,40,356.65,120,356.87,40,356.93,120,356.94,160,357.2,120,357.52,40,357.53,40,357.56,200,357.57,80
2026-01-16 09:36:56,355.73,355.99,1,355.03,80,356.43,40,356.43,355.03,355.03,80,355.02,120,354.92,40,354.81,120,354.77,200,354.71,720,354.66,40,354.22,160,354.21,760,352.36,160,356.43,40,356.65,120,356.87,40,356.93,120,356.94,160,357.2,120,357.52,40,357.53,40,357.56,200,357.57,80
2026-01-16 09:36:57,355.73,355.99,1,355.03,80,356.43,40,356.43,355.03,355.03,80,355.02,120,354.92,40,354.81,120,354.77,200,354.71,720,354.66,40,354.22,160,354.21,760,352.36,160,356.43,40,356.65,120,356.87,40,356.93,120,356.94,160,357.2,120,357.52,40,357.53,40,357.56,200,357.57,80
2026-01-16 09:36:58,355.73,355.99,1,355.03,80,356.43,40,356.43,355.03,355.03,80,355.02,120,354.92,40,354.81,120,354.77,200,354.71,720,354.66,40,354.22,160,354.21,760,352.36,160,356.43,40,356.65,120,356.87,40,356.93,120,356.94,160,357.2,120,357.52,40,357.53,40,357.56,200,357.57,80
2026-01-16 09:36:59,355.73,355.99,1,355.03,80,356.43,40,356.43,355.03,355.03,80,355.02,120,354.92,40,354.81,120,354.77,200,354.71,720,354.66,40,354.22,160,354.21,760,352.36,160,356.43,40,356.65,120,356.87,40,356.93,120,356.94,160,357.2,120,357.52,40,357.53,40,357.56,200,357.57,80
2026-01-16 09:37:00,355.73,355.99,1,355.03,80,356.43,40,356.43,355.03,355.03,80,355.02,120,354.92,40,354.81,120,354.77,200,354.71,720,354.66,40,354.22,160,354.21,760,352.36,160,356.43,40,356.65,120,356.87,40,356.93,120,356.94,160,357.2,120,357.52,40,357.53,40,357.56,200,357.57,80
2026-01-16 09:37:01,355.73,355.99,1,355.03,80,356.43,40,356.43,355.03,355.03,80,355.02,120,354.92,40,354.81,120,354.77,200,354.71,720,354.66,40,354.22,160,354.21,760,352.36,160,356.43,40,356.65,120,356.87,40,356.93,120,356.94,160,357.2,120,357.52,40,357.53,40,357.56,200,357.57,80
2026-01-16 09:37:02,355.73,355.99,1,355.03,80,356.43,40,356.43,355.03,355.03,80,355.02,120,354.92,40,354.81,120,354.77,200,354.71,720,354.66,40,354.22,160,354.21,760,352.36,160,356.43,40,356.65,120,356.87,40,356.93,120,356.94,160,357.2,120,357.52,40,357.53,40,357.56,200,357.57,80
2026-01-16 09:37:03,355.73,355.99,1,355.03,80,356.43,40,356.43,355.03,355.03,80,355.02,120,354.92,40,354.81,120,354.77,200,354.71,720,354.66,40,354.22,160,354.21,760,352.36,160,356.43,40,356.65,120,356.87,40,356.93,120,356.94,160,357.2,120,357.52,40,357.53,40,357.56,200,357.57,80
2026-01-16 09:37:04,355.73,355.99,1,355.03,80,356.43,40,356.43,355.03,355.03,80,355.02,120,354.92,40,354.81,120,354.77,200,354.71,720,354.66,40,354.22,160,354.21,760,352.36,160,356.43,40,356.65,120,356.87,40,356.93,120,356.94,160,357.2,120,357.52,40,357.53,40,357.56,200,357.57,80
2026-01-16 09:37:05,355.73,355.99,1,355.03,80,356.43,40,356.43,355.03,355.03,80,355.02,120,354.92,40,354.81,120,354.77,200,354.71,720,354.66,40,354.22,160,354.21,760,352.36,160,356.43,40,356.65,120,356.87,40,356.93,120,356.94,160,357.2,120,357.52,40,357.53,40,357.56,200,357.57,80
2026-01-16 09:37:06,355.73,355.99,1,355.03,80,356.43,40,356.43,355.03,355.03,80,355.02,120,354.92,40,354.81,120,354.77,200,354.71,720,354.66,40,354.22,160,354.21,760,352.36,160,356.43,40,356.65,120,356.87,40,356.93,120,356.94,160,357.2,120,357.52,40,357.53,40,357.56,200,357.57,80
2026-01-16 09:37:07,355.73,355.99,1,355.03,80,356.43,40,356.43,355.03,355.03,80,355.02,120,354.92,40,354.81,120,354.77,200,354.71,720,354.66,40,354.22,160,354.21,760,352.36,160,356.43,40,356.65,120,356.87,40,356.93,120,356.94,160,357.2,120,357.52,40,357.53,40,357.56,200,357.57,80
2026-01-16 09:37:08,355.73,355.99,1,355.03,80,356.43,40,356.43,355.03,355.03,80,355.02,120,354.92,40,354.81,120,354.77,200,354.71,720,354.66,40,354.22,160,354.21,760,352.36,160,356.43,40,356.65,120,356.87,40,356.93,120,356.94,160,357.2,120,357.52,40,357.53,40,357.56,200,357.57,80
2026-01-16 09:37:09,355.73,355.99,1,355.03,80,356.43,40,356.43,355.03,355.03,80,355.02,120,354.92,40,354.81,120,354.77,200,354.71,720,354.66,40,354.22,160,354.21,760,352.36,160,356.43,40,356.65,120,356.87,40,356.93,120,356.94,160,357.2,120,357.52,40,357.53,40,357.56,200,357.57,80
2026-01-16 09:37:10,355.73,355.99,1,355.03,80,356.43,40,356.43,355.03,355.03,80,355.02,120,354.92,40,354.81,120,354.77,200,354.71,720,354.66,40,354.22,160,354.21,760,352.36,160,356.43,40,356.65,120,356.87,40,356.93,120,356.94,160,357.2,120,357.52,40,357.53,40,357.56,200,357.57,80
2026-01-16 09:37:11,355.73,355.99,1,355.03,80,356.43,40,356.43,355.03,355.03,80,355.02,120,354.92,40,354.81,120,354.77,200,354.71,720,354.66,40,354.22,160,354.21,760,352.36,160,356.43,40,356.65,120,356.87,40,356.93,120,356.94,160,357.2,120,357.52,40,357.53,40,357.56,200,357.57,80
2026-01-16 09:37:12,355.73,355.99,1,355.03,80,356.43,40,356.43,355.03,355.03,80,355.02,120,354.92,40,354.81,120,354.77,200,354.71,720,354.66,40,354.22,160,354.21,760,352.36,160,356.43,40,356.65,120,356.87,40,356.93,120,356.94,160,357.2,120,357.52,40,357.53,40,357.56,200,357.57,80
2026-01-16 09:37:13,355.73,355.99,1,355.03,80,356.43,40,356.43,355.03,355.03,80,355.02,120,354.92,40,354.81,120,354.77,200,354.71,720,354.66,40,354.22,160,354.21,760,352.36,160,356.43,40,356.65,120,356.87,40,356.93,120,356.94,160,357.2,120,357.52,40,357.53,40,357.56,200,357.57,80
2026-01-16 09:37:14,356.08,355.99,1,355.73,40,356.43,40,356.43,355.73,355.73,40,355.03,80,355.02,120,354.92,40,354.81,120,354.77,200,354.71,720,354.66,40,354.22,160,354.21,760,356.43,40,356.65,120,356.87,40,356.93,120,356.94,160,357.2,120,357.52,40,357.53,40,357.56,200,357.57,80
2026-01-16 09:37:15,356.085,355.99,1,355.74,40,356.43,40,356.43,355.74,355.74,40,355.73,40,355.03,80,355.02,120,354.92,40,354.81,120,354.77,200,354.71,720,354.66,40,354.22,160,356.43,40,356.65,120,356.87,40,356.93,120,356.94,160,357.2,120,357.52,40,357.53,40,357.56,200,357.57,80
2026-01-16 09:37:16,356.085,355.99,1,355.74,40,356.43,40,356.43,355.74,355.74,40,355.73,40,355.03,80,355.02,120,354.92,40,354.81,120,354.77,200,354.71,720,354.66,40,354.22,160,356.43,40,356.65,120,356.87,40,356.93,120,356.94,160,357.2,120,357.52,40,357.53,40,357.56,200,357.57,80
2026-01-16 09:37:17,356.085,355.99,1,355.74,40,356.43,40,356.43,355.74,355.74,40,355.73,40,355.03,80,355.02,120,354.92,40,354.81,120,354.77,200,354.71,720,354.66,40,354.22,160,356.43,40,356.65,120,356.87,40,356.93,120,356.94,160,357.2,120,357.52,40,357.53,40,357.56,200,357.57,80
2026-01-16 09:37:18,356.085,355.99,1,355.74,40,356.43,40,356.43,355.74,355.74,40,355.73,40,355.03,80,355.02,120,354.92,40,354.81,120,354.77,200,354.71,720,354.66,40,354.22,160,356.43,40,356.65,120,356.87,40,356.93,120,356.94,160,357.2,120,357.52,40,357.53,40,357.56,200,357.57,80
2026-01-16 09:37:19,356.09,355.99,1,355.75,40,356.43,40,356.43,355.75,355.75,40,355.74,40,355.73,40,355.03,80,355.02,120,354.92,40,354.81,120,354.77,200,354.71,720,354.66,40,356.43,40,356.65,120,356.87,40,356.93,120,356.94,160,357.2,120,357.52,40,357.53,40,357.56,200,357.57,80
2026-01-16 09:37:20,356.09,355.99,1,355.75,80,356.43,40,356.43,355.75,355.75,80,355.74,40,355.73,40,355.03,80,355.02,120,354.92,40,354.81,120,354.77,200,354.71,720,354.66,40,356.43,40,356.65,120,356.87,40,356.93,120,356.94,160,357.2,120,357.52,40,357.53,40,357.56,200,357.57,80
2026-01-16 09:37:21,356.0,355.99,1,355.75,80,356.25,40,356.25,355.75,355.75,80,355.74,40,355.73,40,355.03,80,355.02,120,354.92,40,354.81,120,354.77,200,354.71,720,354.66,40,356.25,40,356.43,40,356.65,120,356.87,40,356.93,120,356.94,160,357.2,120,357.52,40,357.53,40,357.56,200
2026-01-16 09:37:22,356.0,355.99,1,355.75,80,356.25,40,356.25,355.75,355.75,80,355.74,40,355.73,40,355.03,80,355.02,120,354.92,40,354.81,120,354.77,200,354.71,720,354.66,40,356.25,40,356.43,40,356.65,120,356.87,40,356.93,120,356.94,160,357.2,120,357.52,40,357.53,40,357.56,200
2026-01-16 09:37:23,356.0,355.99,1,355.75,80,356.25,40,356.25,355.75,355.75,80,355.74,40,355.73,40,355.03,80,355.02,120,354.92,40,354.81,120,354.77,200,354.71,720,354.66,40,356.25,40,356.43,40,356.65,120,356.87,40,356.93,120,356.94,160,357.2,120,357.52,40,357.53,40,357.56,200
2026-01-16 09:37:24,356.0,355.99,1,355.75,80,356.25,40,356.25,355.75,355.75,80,355.74,40,355.73,40,355.03,80,355.02,120,354.92,40,354.81,120,354.77,200,354.71,720,354.66,40,356.25,40,356.43,40,356.65,120,356.87,40,356.93,120,356.94,160,357.2,120,357.52,40,357.53,40,357.56,200
2026-01-16 09:37:25,356.0,355.99,1,355.75,80,356.25,40,356.25,355.75,355.75,80,355.74,40,355.73,40,355.03,80,355.02,120,354.92,40,354.81,120,354.77,200,354.71,720,354.66,40,356.25,40,356.43,40,356.65,120,356.87,40,356.93,120,356.94,160,357.2,120,357.52,40,357.53,40,357.56,200
2026-01-16 09:37:26,356.0,355.99,1,355.75,80,356.25,40,356.25,355.75,355.75,80,355.74,40,355.73,40,355.03,80,355.02,120,354.92,40,354.81,120,354.77,200,354.71,720,354.66,40,356.25,40,356.43,40,356.65,120,356.87,40,356.93,120,356.94,160,357.2,120,357.52,40,357.53,40,357.56,200
2026-01-16 09:37:27,356.0,355.99,1,355.75,80,356.25,40,356.25,355.75,355.75,80,355.74,40,355.73,40,355.03,80,355.02,120,354.92,40,354.81,120,354.77,200,354.71,720,354.66,40,356.25,40,356.43,40,356.65,120,356.87,40,356.93,120,356.94,160,357.2,120,357.52,40,357.53,40,357.56,200
2026-01-16 09:37:28,356.0,355.99,1,355.75,80,356.25,40,356.25,355.75,355.75,80,355.74,40,355.73,40,355.03,80,355.02,120,354.92,40,354.81,120,354.77,200,354.71,720,354.66,40,356.25,40,356.43,40,356.65,120,356.87,40,356.93,120,356.94,160,357.2,120,357.52,40,357.53,40,357.56,200
2026-01-16 09:37:29,356.0,355.99,1,355.75,80,356.25,40,356.25,355.75,355.75,80,355.74,40,355.73,40,355.03,80,355.02,120,354.92,40,354.81,120,354.77,200,354.71,720,354.66,40,356.25,40,356.43,40,356.65,120,356.87,40,356.93,120,356.94,160,357.2,120,357.52,40,357.53,40,357.56,200
2026-01-16 09:37:30,356.0,355.99,1,355.75,80,356.25,40,356.25,355.75,355.75,80,355.74,40,355.73,40,355.03,80,355.02,120,354.92,40,354.81,120,354.77,200,354.71,720,354.66,40,356.25,40,356.43,40,356.65,120,356.87,40,356.93,120,356.94,160,357.2,120,357.52,40,357.53,40,357.56,200
2026-01-16 09:37:31,356.0,355.99,1,355.75,80,356.25,40,356.25,355.75,355.75,80,355.74,40,355.73,40,355.03,80,355.02,120,354.92,40,354.81,120,354.77,200,354.71,720,354.66,40,356.25,40,356.43,40,356.65,120,356.87,40,356.93,120,356.94,160,357.2,120,357.52,40,357.53,40,357.56,200
2026-01-16 09:37:32,356.0,355.99,1,355.75,80,356.25,40,356.25,355.75,355.75,80,355.74,40,355.73,40,355.03,80,355.02,120,354.92,40,354.81,120,354.77,200,354.71,720,354.66,40,356.25,40,356.43,40,356.65,120,356.87,40,356.93,120,356.94,160,357.2,120,357.52,40,357.53,40,357.56,200
2026-01-16 09:37:33,356.0,355.99,1,355.75,80,356.25,40,356.25,355.75,355.75,80,355.74,40,355.73,40,355.03,80,355.02,120,354.92,40,354.81,120,354.77,200,354.71,720,354.66,40,356.25,40,356.43,40,356.65,120,356.87,40,356.93,120,356.94,160,357.2,120,357.52,40,357.53,40,357.56,200
2026-01-16 09:37:34,356.0,355.99,1,355.75,80,356.25,40,356.25,355.75,355.75,80,355.74,40,355.73,40,355.03,80,355.02,120,354.92,40,354.81,120,354.77,200,354.71,720,354.66,40,356.25,40,356.43,40,356.65,120,356.87,40,356.93,120,356.94,160,357.2,120,357.52,40,357.53,40,357.56,200
2026-01-16 09:37:35,356.0,355.99,1,355.75,80,356.25,40,356.25,355.75,355.75,80,355.74,40,355.73,40,355.03,80,355.02,120,354.92,40,354.81,120,354.77,200,354.71,720,354.66,40,356.25,40,356.43,40,356.65,120,356.87,40,356.93,120,356.94,160,357.2,120,357.52,40,357.53,40,357.56,200
2026-01-16 09:37:36,356.0,355.99,1,355.75,80,356.25,40,356.25,355.75,355.75,80,355.74,40,355.73,40,355.03,80,355.02,120,354.92,40,354.81,120,354.77,200,354.71,720,354.66,40,356.25,40,356.43,40,356.65,120,356.87,40,356.93,120,356.94,160,357.2,120,357.52,40,357.53,40,357.56,200
2026-01-16 09:37:37,356.0,355.99,1,355.75,80,356.25,40,356.25,355.75,355.75,80,355.74,40,355.73,40,355.03,80,355.02,120,354.92,40,354.81,120,354.77,200,354.71,720,354.66,40,356.25,40,356.43,40,356.65,120,356.87,40,356.93,120,356.94,160,357.2,120,357.52,40,357.53,40,357.56,200
2026-01-16 09:37:38,356.0,355.99,1,355.75,80,356.25,40,356.25,355.75,355.75,80,355.74,40,355.73,40,355.03,80,355.02,120,354.92,40,354.81,120,354.77,200,354.71,720,354.66,40,356.25,40,356.43,40,356.65,120,356.87,40,356.93,120,356.94,160,357.2,120,357.52,40,357.53,40,357.56,200
