sim_time,mid_price,last_price,last_size,best_bid_price,best_bid_size,best_ask_price,best_ask_size,close_price_buy,close_price_sell,bid1_price,bid1_size,bid2_price,bid2_size,bid3_price,bid3_size,bid4_price,bid4_size,bid5_price,bid5_size,bid6_price,bid6_size,bid7_price,bid7_size,bid8_price,bid8_size,bid9_price,bid9_size,bid10_price,bid10_size,ask1_price,ask1_size,ask2_price,ask2_size,ask3_price,ask3_size,ask4_price,ask4_size,ask5_price,ask5_size,ask6_price,ask6_size,ask7_price,ask7_size,ask8_price,ask8_size,ask9_price,ask9_size,ask10_price,ask10_size
2026-01-16 09:30:36,,0.0,0,,,,,,,,,,,,,,,,,,,,,,,,,,,,,,,,,,,,,,,,,,,,,,
2026-01-16 09:30:37,,0.0,0,,,,,,,,,,,,,,,,,,,,,,,,,,,,,,,,,,,,,,,,,,,,,,
2026-01-16 09:30:38,,0.0,0,,,,,,,,,,,,,,,,,,,,,,,,,,,,,,,,,,,,,,,,,,,,,,
2026-01-16 09:30:38,,0.0,0,,,,,,,,,,,,,,,,,,,,,,,,,,,,,,,,,,,,,,,,,,,,,,
2026-01-16 09:30:39,,0.0,0,,,,,,,,,,,,,,,,,,,,,,,,,,,,,,,,,,,,,,,,,,,,,,
2026-01-16 09:30:39,,0.0,0,,,,,,,,,,,,,,,,,,,,,,,,,,,,,,,,,,,,,,,,,,,,,,
2026-01-16 09:30:41,,0.0,0,,,,,,,,,,,,,,,,,,,,,,,,,,,,,,,,,,,,,,,,,,,,,,
2026-01-16 09:30:43,271.105,271.32,39,270.31,240,271.9,80,271.9,270.31,270.31,240,270.06,160,269.69,280,,,,,,,,,,,,,,,271.9,80,271.91,240,272.0,680,272.8,2400,,,,,,,,,,,,
2026-01-16 09:30:44,271.105,271.32,39,270.31,240,271.9,80,271.9,270.31,270.31,240,270.06,160,269.69,280,,,,,,,,,,,,,,,271.9,80,271.91,240,272.0,680,272.8,2400,,,,,,,,,,,,
2026-01-16 09:30:45,271.105,271.32,39,270.31,240,271.9,80,271.9,270.31,270.31,240,270.06,160,269.69,280,,,,,,,,,,,,,,,271.9,80,271.91,240,272.0,680,272.8,2400,,,,,,,,,,,,
2026-01-16 09:30:46,271.105,271.32,39,270.31,240,271.9,80,271.9,270.31,270.31,240,270.06,160,269.69,280,,,,,,,,,,,,,,,271.9,80,271.91,240,272.0,680,272.8,2400,,,,,,,,,,,,
2026-01-16 09:30:47,271.105,271.32,39,270.31,240,271.9,80,271.9,270.31,270.31,240,270.06,160,269.69,280,,,,,,,,,,,,,,,271.9,80,271.91,240,272.0,680,272.8,2400,,,,,,,,,,,,
2026-01-16 09:30:48,271.105,271.32,39,270.31,240,271.9,80,271.9,270.31,270.31,240,270.06,160,269.69,280,,,,,,,,,,,,,,,271.9,80,271.91,240,272.0,680,272.8,2400,,,,,,,,,,,,
2026-01-16 09:30:49,271.105,271.32,39,270.31,240,271.9,80,271.9,270.31,270.31,240,270.06,160,269.69,280,,,,,,,,,,,,,,,271.9,80,271.91,240,272.0,680,272.8,2400,,,,,,,,,,,,
2026-01-16 09:30:50,271.105,271.32,39,270.31,240,271.9,80,271.9,270.31,270.31,240,270.06,160,269.69,280,,,,,,,,,,,,,,,271.9,80,271.91,240,272.0,680,272.8,2400,,,,,,,,,,,,
2026-01-16 09:30:51,271.105,271.32,39,270.31,240,271.9,80,271.9,270.31,270.31,240,270.06,160,269.69,280,,,,,,,,,,,,,,,271.9,80,271.91,240,272.0,680,272.8,2400,,,,,,,,,,,,
2026-01-16 09:30:52,271.105,271.32,39,270.31,240,271.9,80,271.9,270.31,270.31,240,270.06,160,269.69,280,,,,,,,,,,,,,,,271.9,80,271.91,240,272.0,680,272.8,2400,,,,,,,,,,,,
2026-01-16 09:30:53,271.105,271.32,39,270.31,240,271.9,80,271.9,270.31,270.31,240,270.06,160,269.69,280,,,,,,,,,,,,,,,271.9,80,271.91,240,272.0,680,272.8,2400,,,,,,,,,,,,
2026-01-16 09:30:54,271.105,271.32,39,270.31,240,271.9,80,271.9,270.31,270.31,240,270.06,160,269.69,280,,,,,,,,,,,,,,,271.9,80,271.91,240,272.0,680,272.8,2400,,,,,,,,,,,,
2026-01-16 09:30:55,271.105,271.32,39,270.31,240,271.9,80,271.9,270.31,270.31,240,270.06,160,269.69,280,,,,,,,,,,,,,,,271.9,80,271.91,240,272.0,680,272.8,2400,,,,,,,,,,,,
2026-01-16 09:30:56,271.105,271.32,39,270.31,240,271.9,80,271.9,270.31,270.31,240,270.06,160,269.69,280,,,,,,,,,,,,,,,271.9,80,271.91,240,272.0,680,272.8,2400,,,,,,,,,,,,
2026-01-16 09:30:57,271.105,271.32,39,270.31,240,271.9,80,271.9,270.31,270.31,240,270.06,160,269.69,280,,,,,,,,,,,,,,,271.9,80,271.91,240,272.0,680,272.8,2400,,,,,,,,,,,,
2026-01-16 09:30:58,271.105,271.32,39,270.31,240,271.9,80,271.9,270.31,270.31,240,270.06,160,269.69,280,,,,,,,,,,,,,,,271.9,80,271.91,240,272.0,680,272.8,2400,,,,,,,,,,,,
2026-01-16 09:30:59,271.105,271.32,39,270.31,240,271.9,80,271.9,270.31,270.31,240,270.06,160,269.69,280,,,,,,,,,,,,,,,271.9,80,271.91,240,272.0,680,272.8,2400,,,,,,,,,,,,
2026-01-16 09:31:00,271.105,271.32,39,270.31,240,271.9,80,271.9,270.31,270.31,240,270.06,160,269.69,280,,,,,,,,,,,,,,,271.9,80,271.91,240,272.0,680,272.8,2400,,,,,,,,,,,,
2026-01-16 09:31:01,271.03,271.32,39,270.31,240,271.75,80,271.75,270.31,270.31,240,270.06,160,269.69,280,,,,,,,,,,,,,,,271.75,80,271.9,80,271.91,240,272.0,680,272.8,2400,,,,,,,,,,
2026-01-16 09:31:02,271.03,271.32,39,270.31,240,271.75,80,271.75,270.31,270.31,240,270.06,160,269.69,280,,,,,,,,,,,,,,,271.75,80,271.9,80,271.91,240,272.0,680,272.8,2400,,,,,,,,,,
2026-01-16 09:31:03,271.03,271.32,39,270.31,240,271.75,80,271.75,270.31,270.31,240,270.06,160,269.69,280,,,,,,,,,,,,,,,271.75,80,271.9,80,271.91,240,272.0,680,272.8,2400,,,,,,,,,,
2026-01-16 09:31:04,270.82,271.32,39,270.31,240,271.33,40,271.33,270.31,270.31,240,270.06,160,269.69,280,,,,,,,,,,,,,,,271.33,40,271.34,40,271.74,40,271.75,80,271.9,80,271.91,240,272.0,680,272.8,2400,,,,
2026-01-16 09:31:05,270.81,271.32,39,270.31,240,271.31,80,271.31,270.31,270.31,240,270.06,160,269.69,280,,,,,,,,,,,,,,,271.31,80,271.32,120,271.33,80,271.34,40,271.74,40,271.75,80,271.9,80,271.91,240,272.0,680,272.8,2400
2026-01-16 09:31:06,270.81,271.32,39,270.31,240,271.31,80,271.31,270.31,270.31,240,270.06,160,269.69,280,,,,,,,,,,,,,,,271.31,80,271.32,120,271.33,80,271.34,40,271.74,40,271.75,80,271.9,80,271.91,240,272.0,680,272.8,2400
2026-01-16 09:31:07,270.81,271.32,39,270.31,240,271.31,80,271.31,270.31,270.31,240,270.06,160,269.69,280,,,,,,,,,,,,,,,271.31,80,271.32,120,271.33,80,271.34,40,271.74,40,271.75,80,271.9,80,271.91,240,272.0,680,272.8,2400
2026-01-16 09:31:08,270.8,271.32,39,270.31,240,271.29,80,271.29,270.31,270.31,240,270.06,160,269.69,280,,,,,,,,,,,,,,,271.29,80,271.3,80,271.31,80,271.32,120,271.33,80,271.34,40,271.74,40,271.75,80,271.9,80,271.91,240
2026-01-16 09:31:09,270.8,271.32,39,270.31,240,271.29,80,271.29,270.31,270.31,240,270.06,160,269.69,280,,,,,,,,,,,,,,,271.29,80,271.3,80,271.31,80,271.32,120,271.33,80,271.34,40,271.74,40,271.75,80,271.9,80,271.91,240
2026-01-16 09:31:10,270.795,271.32,39,270.31,240,271.28,80,271.28,270.31,270.31,240,270.06,160,269.69,280,,,,,,,,,,,,,,,271.28,80,271.29,80,271.3,80,271.31,80,271.32,120,271.33,80,271.34,40,271.74,40,271.75,80,271.9,80
2026-01-16 09:31:11,270.79,271.32,39,270.31,240,271.27,80,271.27,270.31,270.31,240,270.06,160,269.69,280,,,,,,,,,,,,,,,271.27,80,271.28,80,271.29,80,271.3,80,271.31,80,271.32,120,271.33,80,271.34,40,271.74,40,271.75,80
2026-01-16 09:31:12,270.79,271.32,39,270.31,240,271.27,80,271.27,270.31,270.31,240,270.06,160,269.69,280,,,,,,,,,,,,,,,271.27,80,271.28,80,271.29,80,271.3,80,271.31,80,271.32,120,271.33,80,271.34,40,271.74,40,271.75,80
2026-01-16 09:31:13,270.79,271.32,39,270.31,240,271.27,80,271.27,270.31,270.31,240,270.06,160,269.69,280,,,,,,,,,,,,,,,271.27,80,271.28,80,271.29,80,271.3,80,271.31,80,271.32,120,271.33,80,271.34,40,271.74,40,271.75,80
2026-01-16 09:31:14,270.79,270.32,1,270.31,240,271.27,80,271.27,270.31,270.31,240,270.06,160,269.69,280,,,,,,,,,,,,,,,271.27,80,271.28,80,271.29,80,271.3,80,271.31,80,271.32,120,271.33,80,271.34,40,271.74,40,271.75,80
2026-01-16 09:31:15,270.79,270.32,1,270.31,240,271.27,80,271.27,270.31,270.31,240,270.06,160,269.69,280,,,,,,,,,,,,,,,271.27,80,271.28,80,271.29,80,271.3,80,271.31,80,271.32,120,271.33,80,271.34,40,271.74,40,271.75,80
2026-01-16 09:31:16,270.79,270.32,1,270.31,240,271.27,80,271.27,270.31,270.31,240,270.06,160,269.69,280,,,,,,,,,,,,,,,271.27,80,271.28,80,271.29,80,271.3,80,271.31,80,271.32,120,271.33,80,271.34,40,271.74,40,271.75,80
2026-01-16 09:31:17,270.79,270.32,1,270.31,240,271.27,80,271.27,270.31,270.31,240,270.06,160,269.69,280,,,,,,,,,,,,,,,271.27,80,271.28,80,271.29,80,271.3,80,271.31,80,271.32,120,271.33,80,271.34,40,271.74,40,271.75,80
2026-01-16 09:31:18,270.79,270.32,1,270.31,240,271.27,120,271.27,270.31,270.31,240,270.06,160,269.69,280,,,,,,,,,,,,,,,271.27,120,271.28,80,271.29,80,271.3,80,271.31,80,271.32,120,271.33,80,271.34,40,271.74,40,271.75,80
2026-01-16 09:31:19,270.79,270.32,1,270.31,240,271.27,120,271.27,270.31,270.31,240,270.06,160,269.69,280,,,,,,,,,,,,,,,271.27,120,271.28,80,271.29,80,271.3,80,271.31,80,271.32,120,271.33,80,271.34,40,271.74,40,271.75,80
2026-01-16 09:31:20,270.79,270.32,1,270.31,240,271.27,120,271.27,270.31,270.31,240,270.06,160,269.69,280,,,,,,,,,,,,,,,271.27,120,271.28,80,271.29,80,271.3,80,271.31,80,271.32,120,271.33,80,271.34,40,271.74,40,271.75,80
2026-01-16 09:31:21,270.79,270.32,1,270.31,240,271.27,120,271.27,270.31,270.31,240,270.06,160,269.69,280,,,,,,,,,,,,,,,271.27,120,271.28,80,271.29,80,271.3,80,271.31,80,271.32,120,271.33,80,271.34,40,271.74,40,271.75,80
2026-01-16 09:31:22,270.79,270.32,1,270.31,240,271.27,120,271.27,270.31,270.31,240,270.06,160,269.69,280,,,,,,,,,,,,,,,271.27,120,271.28,80,271.29,80,271.3,80,271.31,80,271.32,120,271.33,80,271.34,40,271.74,40,271.75,80
2026-01-16 09:31:23,270.79,270.32,1,270.31,240,271.27,120,271.27,270.31,270.31,240,270.06,160,269.69,280,,,,,,,,,,,,,,,271.27,120,271.28,80,271.29,80,271.3,80,271.31,80,271.32,120,271.33,80,271.34,40,271.74,40,271.75,80
2026-01-16 09:31:24,270.79,270.32,1,270.31,240,271.27,120,271.27,270.31,270.31,240,270.06,160,269.69,280,,,,,,,,,,,,,,,271.27,120,271.28,80,271.29,80,271.3,80,271.31,80,271.32,120,271.33,80,271.34,40,271.74,40,271.75,80
2026-01-16 09:31:25,270.79,270.32,1,270.31,240,271.27,120,271.27,270.31,270.31,240,270.06,160,269.69,280,,,,,,,,,,,,,,,271.27,120,271.28,80,271.29,80,271.3,80,271.31,80,271.32,120,271.33,80,271.34,40,271.74,40,271.75,80
2026-01-16 09:31:26,270.79,270.32,1,270.31,240,271.27,120,271.27,270.31,270.31,240,270.06,160,269.69,280,,,,,,,,,,,,,,,271.27,120,271.28,80,271.29,80,271.3,80,271.31,80,271.32,120,271.33,80,271.34,40,271.74,40,271.75,80
2026-01-16 09:31:27,270.79,270.32,1,270.31,240,271.27,120,271.27,270.31,270.31,240,270.06,160,269.69,280,,,,,,,,,,,,,,,271.27,120,271.28,80,271.29,80,271.3,80,271.31,80,271.32,120,271.33,80,271.34,40,271.74,40,271.75,80
2026-01-16 09:31:28,270.79,270.32,1,270.31,240,271.27,120,271.27,270.31,270.31,240,270.06,160,269.69,280,,,,,,,,,,,,,,,271.27,120,271.28,80,271.29,80,271.3,80,271.31,80,271.32,120,271.33,80,271.34,40,271.74,40,271.75,80
2026-01-16 09:31:29,270.79,270.32,1,270.31,240,271.27,120,271.27,270.31,270.31,240,270.06,160,269.69,280,,,,,,,,,,,,,,,271.27,120,271.28,80,271.29,80,271.3,80,271.31,80,271.32,120,271.33,80,271.34,40,271.74,40,271.75,80
2026-01-16 09:31:30,270.79,270.32,1,270.31,240,271.27,120,271.27,270.31,270.31,240,270.06,160,269.69,280,,,,,,,,,,,,,,,271.27,120,271.28,80,271.29,80,271.3,80,271.31,80,271.32,120,271.33,80,271.34,40,271.74,40,271.75,80
2026-01-16 09:31:31,270.79,270.32,1,270.31,240,271.27,120,271.27,270.31,270.31,240,270.06,160,269.69,280,,,,,,,,,,,,,,,271.27,120,271.28,80,271.29,80,271.3,80,271.31,80,271.32,120,271.33,80,271.34,40,271.74,40,271.75,80
2026-01-16 09:31:32,270.79,270.32,1,270.31,240,271.27,120,271.27,270.31,270.31,240,270.06,160,269.69,280,,,,,,,,,,,,,,,271.27,120,271.28,80,271.29,80,271.3,80,271.31,80,271.32,120,271.33,80,271.34,40,271.74,40,271.75,80
2026-01-16 09:31:33,270.815,270.32,1,270.31,240,271.32,160,271.32,270.31,270.31,240,270.06,160,269.69,280,,,,,,,,,,,,,,,271.32,160,271.33,80,271.34,40,271.74,40,271.75,80,271.9,80,271.91,240,272.0,680,272.8,2400,,
2026-01-16 09:31:34,270.815,270.32,1,270.31,240,271.32,160,271.32,270.31,270.31,240,270.06,160,269.69,280,,,,,,,,,,,,,,,271.32,160,271.33,80,271.34,40,271.74,40,271.75,80,271.9,80,271.91,240,272.0,680,272.8,2400,,
2026-01-16 09:31:35,270.815,270.32,1,270.31,240,271.32,160,271.32,270.31,270.31,240,270.06,160,269.69,280,,,,,,,,,,,,,,,271.32,160,271.33,80,271.34,40,271.74,40,271.75,80,271.9,80,271.91,240,272.0,680,272.8,2400,,
2026-01-16 09:31:36,270.815,270.32,1,270.31,240,271.32,200,271.32,270.31,270.31,240,270.06,160,269.69,280,,,,,,,,,,,,,,,271.32,200,271.33,80,271.34,40,271.74,40,271.75,80,271.9,80,271.91,240,272.0,680,272.8,2400,,
2026-01-16 09:31:37,270.815,270.32,1,270.31,240,271.32,200,271.32,270.31,270.31,240,270.06,160,269.69,280,,,,,,,,,,,,,,,271.32,200,271.33,80,271.34,40,271.74,40,271.75,80,271.9,80,271.91,240,272.0,680,272.8,2400,,
2026-01-16 09:31:38,270.815,270.32,1,270.31,240,271.32,200,271.32,270.31,270.31,240,270.06,160,269.69,280,,,,,,,,,,,,,,,271.32,200,271.33,80,271.34,40,271.74,40,271.75,80,271.9,80,271.91,240,272.0,680,272.8,2400,,
2026-01-16 09:31:39,270.815,270.32,1,270.31,240,271.32,200,271.32,270.31,270.31,240,270.06,160,269.69,280,,,,,,,,,,,,,,,271.32,200,271.33,80,271.34,40,271.74,40,271.75,80,271.9,80,271.91,240,272.0,680,272.8,2400,,
2026-01-16 09:31:40,270.815,270.32,1,270.31,240,271.32,200,271.32,270.31,270.31,240,270.06,160,269.69,280,,,,,,,,,,,,,,,271.32,200,271.33,80,271.34,40,271.74,40,271.75,80,271.9,80,271.91,240,272.0,680,272.8,2400,,
2026-01-16 09:31:41,270.815,270.32,1,270.31,240,271.32,200,271.32,270.31,270.31,240,270.06,160,269.69,280,,,,,,,,,,,,,,,271.32,200,271.33,80,271.34,40,271.74,40,271.75,80,271.9,80,271.91,240,272.0,680,272.8,2400,,
2026-01-16 09:31:42,270.815,270.32,1,270.31,240,271.32,200,271.32,270.31,270.31,240,270.06,160,269.69,280,,,,,,,,,,,,,,,271.32,200,271.33,80,271.34,40,271.74,40,271.75,80,271.9,80,271.91,240,272.0,680,272.8,2400,,
2026-01-16 09:31:43,270.815,270.32,1,270.31,240,271.32,200,271.32,270.31,270.31,240,270.06,160,269.69,280,,,,,,,,,,,,,,,271.32,200,271.33,80,271.34,40,271.74,40,271.75,80,271.9,80,271.91,240,272.0,680,272.8,2400,,
2026-01-16 09:31:44,270.815,270.32,1,270.31,240,271.32,200,271.32,270.31,270.31,240,270.06,160,269.69,280,,,,,,,,,,,,,,,271.32,200,271.33,80,271.34,40,271.74,40,271.75,80,271.9,80,271.91,240,272.0,680,272.8,2400,,
2026-01-16 09:31:45,270.815,270.32,1,270.31,240,271.32,200,271.32,270.31,270.31,240,270.06,160,269.69,280,,,,,,,,,,,,,,,271.32,200,271.33,80,271.34,40,271.74,40,271.75,80,271.9,80,271.91,240,272.0,680,272.8,2400,,
2026-01-16 09:31:46,270.815,270.32,1,270.31,240,271.32,200,271.32,270.31,270.31,240,270.06,160,269.69,280,,,,,,,,,,,,,,,271.32,200,271.33,80,271.34,40,271.74,40,271.75,80,271.9,80,271.91,240,272.0,680,272.8,2400,,
2026-01-16 09:31:47,270.815,270.32,1,270.31,240,271.32,200,271.32,270.31,270.31,240,270.06,160,269.69,280,,,,,,,,,,,,,,,271.32,200,271.33,80,271.34,40,271.74,40,271.75,80,271.9,80,271.91,240,272.0,680,272.8,2400,,
2026-01-16 09:31:48,270.815,270.32,1,270.31,240,271.32,200,271.32,270.31,270.31,240,270.06,160,269.69,280,,,,,,,,,,,,,,,271.32,200,271.33,80,271.34,40,271.74,40,271.75,80,271.9,80,271.91,240,272.0,680,272.8,2400,,
2026-01-16 09:31:49,270.815,270.32,1,270.31,240,271.32,200,271.32,270.31,270.31,240,270.06,160,269.69,280,,,,,,,,,,,,,,,271.32,200,271.33,80,271.34,40,271.74,40,271.75,80,271.9,80,271.91,240,272.0,680,272.8,2400,,
2026-01-16 09:31:50,270.815,270.32,1,270.31,240,271.32,200,271.32,270.31,270.31,240,270.06,160,269.69,280,,,,,,,,,,,,,,,271.32,200,271.33,80,271.34,40,271.74,40,271.75,80,271.9,80,271.91,240,272.0,680,272.8,2400,,
2026-01-16 09:31:51,270.815,270.32,1,270.31,280,271.32,200,271.32,270.31,270.31,280,270.06,160,269.69,280,,,,,,,,,,,,,,,271.32,200,271.33,80,271.34,40,271.74,40,271.75,80,271.9,80,271.91,240,272.0,680,272.8,2400,,
2026-01-16 09:31:52,270.815,270.32,1,270.31,280,271.32,200,271.32,270.31,270.31,280,270.06,160,269.69,280,,,,,,,,,,,,,,,271.32,200,271.33,80,271.34,40,271.74,40,271.75,80,271.9,80,271.91,240,272.0,680,272.8,2400,,
2026-01-16 09:31:53,270.815,270.32,1,270.31,280,271.32,200,271.32,270.31,270.31,280,270.06,160,269.69,280,,,,,,,,,,,,,,,271.32,200,271.33,80,271.34,40,271.74,40,271.75,80,271.9,80,271.91,240,272.0,680,272.8,2400,,
2026-01-16 09:31:54,270.815,270.32,1,270.31,280,271.32,200,271.32,270.31,270.31,280,270.06,160,269.69,280,,,,,,,,,,,,,,,271.32,200,271.33,80,271.34,40,271.74,40,271.75,80,271.9,80,271.91,240,272.0,680,272.8,2400,,
2026-01-16 09:31:55,270.815,270.32,1,270.31,280,271.32,200,271.32,270.31,270.31,280,270.06,160,269.69,280,,,,,,,,,,,,,,,271.32,200,271.33,80,271.34,40,271.74,40,271.75,80,271.9,80,271.91,240,272.0,680,272.8,2400,,
2026-01-16 09:31:56,270.815,270.32,1,270.31,280,271.32,200,271.32,270.31,270.31,280,270.06,160,269.69,280,,,,,,,,,,,,,,,271.32,200,271.33,80,271.34,40,271.74,40,271.75,80,271.9,80,271.91,240,272.0,680,272.8,2400,,
2026-01-16 09:31:57,270.815,270.32,1,270.31,280,271.32,200,271.32,270.31,270.31,280,270.06,160,269.69,280,,,,,,,,,,,,,,,271.32,200,271.33,80,271.34,40,271.74,40,271.75,80,271.9,80,271.91,240,272.0,680,272.8,2400,,
2026-01-16 09:31:58,270.815,270.32,1,270.31,280,271.32,200,271.32,270.31,270.31,280,270.06,160,269.69,280,,,,,,,,,,,,,,,271.32,200,271.33,80,271.34,40,271.74,40,271.75,80,271.9,80,271.91,240,272.0,680,272.8,2400,,
2026-01-16 09:31:59,270.815,270.32,1,270.31,280,271.32,200,271.32,270.31,270.31,280,270.06,160,269.69,280,,,,,,,,,,,,,,,271.32,200,271.33,80,271.34,40,271.74,40,271.75,80,271.9,80,271.91,240,272.0,680,272.8,2400,,
2026-01-16 09:32:00,270.815,270.32,1,270.31,280,271.32,200,271.32,270.31,270.31,280,270.06,160,269.69,280,,,,,,,,,,,,,,,271.32,200,271.33,80,271.34,40,271.74,40,271.75,80,271.9,80,271.91,240,272.0,680,272.8,2400,,
2026-01-16 09:32:01,270.815,270.32,1,270.31,280,271.32,200,271.32,270.31,270.31,280,270.06,160,269.69,280,,,,,,,,,,,,,,,271.32,200,271.33,80,271.34,40,271.74,40,271.75,80,271.9,80,271.91,240,272.0,680,272.8,2400,,
2026-01-16 09:32:02,270.815,270.32,1,270.31,280,271.32,200,271.32,270.31,270.31,280,270.06,160,269.69,280,,,,,,,,,,,,,,,271.32,200,271.33,80,271.34,40,271.74,40,271.75,80,271.9,80,271.91,240,272.0,680,272.8,2400,,
2026-01-16 09:32:03,270.815,270.32,1,270.31,280,271.32,200,271.32,270.31,270.31,280,270.06,160,269.69,280,,,,,,,,,,,,,,,271.32,200,271.33,80,271.34,40,271.74,40,271.75,80,271.9,80,271.91,240,272.0,680,272.8,2400,,
2026-01-16 09:32:04,270.815,270.32,1,270.31,280,271.32,200,271.32,270.31,270.31,280,270.06,160,269.69,280,,,,,,,,,,,,,,,271.32,200,271.33,80,271.34,40,271.74,40,271.75,80,271.9,80,271.91,240,272.0,680,272.8,2400,,
2026-01-16 09:32:05,270.815,270.32,1,270.31,280,271.32,200,271.32,270.31,270.31,280,270.06,160,269.69,280,,,,,,,,,,,,,,,271.32,200,271.33,80,271.34,40,271.74,40,271.75,80,271.9,80,271.91,240,272.0,680,272.8,2400,,
2026-01-16 09:32:06,270.815,270.32,1,270.31,280,271.32,200,271.32,270.31,270.31,280,270.06,160,269.69,280,,,,,,,,,,,,,,,271.32,200,271.33,80,271.34,40,271.74,40,271.75,80,271.9,80,271.91,240,272.0,680,272.8,2400,,
2026-01-16 09:32:07,270.815,270.32,1,270.31,280,271.32,200,271.32,270.31,270.31,280,270.06,160,269.69,280,,,,,,,,,,,,,,,271.32,200,271.33,80,271.34,40,271.74,40,271.75,80,271.9,80,271.91,240,272.0,680,272.8,2400,,
2026-01-16 09:32:08,270.815,270.32,1,270.31,280,271.32,200,271.32,270.31,270.31,280,270.06,160,269.69,280,,,,,,,,,,,,,,,271.32,200,271.33,80,271.34,40,271.74,40,271.75,80,271.9,80,271.91,240,272.0,680,272.8,2400,,
2026-01-16 09:32:09,271.6,270.32,1,271.07,160,272.13,80,272.13,271.07,271.07,160,271.06,80,270.81,120,270.32,40,270.31,280,270.06,160,269.69,280,,,,,,,272.13,80,272.8,2400,,,,,,,,,,,,,,,,
2026-01-16 09:32:10,271.6,270.32,1,271.07,160,272.13,80,272.13,271.07,271.07,160,271.06,80,270.81,120,270.32,40,270.31,280,270.06,160,269.69,280,,,,,,,272.13,80,272.8,2400,,,,,,,,,,,,,,,,
2026-01-16 09:32:11,271.6,270.32,1,271.07,160,272.13,80,272.13,271.07,271.07,160,271.06,80,270.81,120,270.32,40,270.31,280,270.06,160,269.69,280,,,,,,,272.13,80,272.8,2400,,,,,,,,,,,,,,,,
2026-01-16 09:32:12,271.6,270.32,1,271.07,160,272.13,80,272.13,271.07,271.07,160,271.06,80,270.81,120,270.32,40,270.31,280,270.06,160,269.69,280,,,,,,,272.13,80,272.8,2400,,,,,,,,,,,,,,,,
2026-01-16 09:32:13,271.6,270.32,1,271.07,160,272.13,80,272.13,271.07,271.07,160,271.06,80,270.81,120,270.32,40,270.31,280,270.06,160,269.69,280,,,,,,,272.13,80,272.8,2400,,,,,,,,,,,,,,,,
2026-01-16 09:32:14,271.6,270.32,1,271.07,160,272.13,80,272.13,271.07,271.07,160,271.06,80,270.81,120,270.32,40,270.31,280,270.06,160,269.69,280,,,,,,,272.13,80,272.8,2400,,,,,,,,,,,,,,,,
2026-01-16 09:32:15,271.6,270.32,1,271.07,160,272.13,80,272.13,271.07,271.07,160,271.06,80,270.81,120,270.32,40,270.31,280,270.06,160,269.69,280,,,,,,,272.13,80,272.8,2400,,,,,,,,,,,,,,,,
2026-01-16 09:32:16,271.495,270.32,1,271.07,120,271.92,80,271.92,271.07,271.07,120,271.06,80,270.81,120,270.32,40,270.31,280,270.06,160,269.69,280,,,,,,,271.92,80,272.2,80,272.8,2400,,,,,,,,,,,,,,
2026-01-16 09:32:17,271.495,270.32,1,271.07,120,271.92,80,271.92,271.07,271.07,120,271.06,80,270.81,120,270.32,40,270.31,280,270.06,160,269.69,280,,,,,,,271.92,80,272.2,80,272.8,2400,,,,,,,,,,,,,,
2026-01-16 09:32:18,271.495,270.32,1,271.07,120,271.92,80,271.92,271.07,271.07,120,271.06,80,270.81,120,270.32,40,270.31,280,270.06,160,269.69,280,,,,,,,271.92,80,272.2,80,272.8,2400,,,,,,,,,,,,,,
2026-01-16 09:32:19,271.495,270.32,1,271.07,120,271.92,80,271.92,271.07,271.07,120,271.06,80,270.81,120,270.32,40,270.31,280,270.06,160,269.69,280,,,,,,,271.92,80,272.2,80,272.8,2400,,,,,,,,,,,,,,
2026-01-16 09:32:20,271.495,270.32,1,271.07,120,271.92,80,271.92,271.07,271.07,120,271.06,80,270.81,120,270.32,40,270.31,280,270.06,160,269.69,280,,,,,,,271.92,80,272.2,80,272.8,2400,,,,,,,,,,,,,,
2026-01-16 09:32:21,271.495,270.32,1,271.07,120,271.92,80,271.92,271.07,271.07,120,271.06,80,270.81,120,270.32,40,270.31,280,270.06,160,269.69,280,,,,,,,271.92,80,272.2,80,272.8,2400,,,,,,,,,,,,,,
2026-01-16 09:32:22,271.495,270.32,1,271.07,120,271.92,80,271.92,271.07,271.07,120,271.06,80,270.81,120,270.32,40,270.31,280,270.06,160,269.69,280,,,,,,,271.92,80,272.2,80,272.8,2400,,,,,,,,,,,,,,
2026-01-16 09:32:24,271.495,270.32,1,271.07,120,271.92,80,271.92,271.07,271.07,120,271.06,80,270.81,120,270.32,40,270.31,280,270.06,160,269.69,280,,,,,,,271.92,80,272.2,80,272.8,2400,,,,,,,,,,,,,,
2026-01-16 09:32:25,271.495,270.32,1,271.07,120,271.92,80,271.92,271.07,271.07,120,271.06,80,270.81,120,270.32,40,270.31,280,270.06,160,269.69,280,,,,,,,271.92,80,272.2,80,272.8,2400,,,,,,,,,,,,,,
2026-01-16 09:32:26,271.495,270.32,1,271.07,120,271.92,80,271.92,271.07,271.07,120,271.06,80,270.81,120,270.32,40,270.31,280,270.06,160,269.69,280,,,,,,,271.92,80,272.2,80,272.8,2400,,,,,,,,,,,,,,
2026-01-16 09:32:26,271.495,270.32,1,271.07,120,271.92,80,271.92,271.07,271.07,120,271.06,80,270.81,120,270.32,40,270.31,280,270.06,160,269.69,280,,,,,,,271.92,80,272.2,80,272.8,2400,,,,,,,,,,,,,,
2026-01-16 09:32:28,271.495,270.32,1,271.07,120,271.92,80,271.92,271.07,271.07,120,271.06,80,270.81,120,270.32,40,270.31,280,270.06,160,269.69,280,,,,,,,271.92,80,272.2,80,272.8,2400,,,,,,,,,,,,,,
2026-01-16 09:32:29,271.495,270.32,1,271.07,120,271.92,80,271.92,271.07,271.07,120,271.06,80,270.81,120,270.32,40,270.31,280,270.06,160,269.69,280,,,,,,,271.92,80,272.2,80,272.8,2400,,,,,,,,,,,,,,
2026-01-16 09:32:30,271.495,270.32,1,271.07,120,271.92,80,271.92,271.07,271.07,120,271.06,80,270.81,120,270.32,40,270.31,280,270.06,160,269.69,280,,,,,,,271.92,80,272.2,80,272.8,2400,,,,,,,,,,,,,,
2026-01-16 09:32:31,271.495,270.32,1,271.07,120,271.92,80,271.92,271.07,271.07,120,271.06,80,270.81,120,270.32,40,270.31,280,270.06,160,269.69,280,,,,,,,271.92,80,272.2,80,272.8,2400,,,,,,,,,,,,,,
2026-01-16 09:32:31,271.495,270.32,1,271.07,120,271.92,80,271.92,271.07,271.07,120,271.06,80,270.81,120,270.32,40,270.31,280,270.06,160,269.69,280,,,,,,,271.92,80,272.2,80,272.8,2400,,,,,,,,,,,,,,
2026-01-16 09:32:33,271.495,270.32,1,271.07,120,271.92,80,271.92,271.07,271.07,120,271.06,80,270.81,120,270.32,40,270.31,280,270.06,160,269.69,280,,,,,,,271.92,80,272.2,80,272.8,2400,,,,,,,,,,,,,,
2026-01-16 09:32:33,271.495,270.32,1,271.07,120,271.92,80,271.92,271.07,271.07,120,271.06,80,270.81,120,270.32,40,270.31,280,270.06,160,269.69,280,,,,,,,271.92,80,272.2,80,272.8,2400,,,,,,,,,,,,,,
2026-01-16 09:32:35,271.495,270.32,1,271.07,120,271.92,80,271.92,271.07,271.07,120,271.06,80,270.81,120,270.32,40,270.31,280,270.06,160,269.69,280,,,,,,,271.92,80,272.2,80,272.8,2400,,,,,,,,,,,,,,
2026-01-16 09:32:36,271.495,270.32,1,271.07,120,271.92,80,271.92,271.07,271.07,120,271.06,80,270.81,120,270.32,40,270.31,280,270.06,160,269.69,280,,,,,,,271.92,80,272.2,80,272.8,2400,,,,,,,,,,,,,,
2026-01-16 09:32:36,271.495,270.32,1,271.07,120,271.92,80,271.92,271.07,271.07,120,271.06,80,270.81,120,270.32,40,270.31,280,270.06,160,269.69,280,,,,,,,271.92,80,272.2,80,272.8,2400,,,,,,,,,,,,,,
2026-01-16 09:32:37,271.495,270.32,1,271.07,120,271.92,80,271.92,271.07,271.07,120,271.06,80,270.81,120,270.32,40,270.31,280,270.06,160,269.69,280,,,,,,,271.92,80,272.2,80,272.8,2400,,,,,,,,,,,,,,
2026-01-16 09:32:39,271.495,271.5,2,271.07,120,271.92,80,271.92,271.07,271.07,120,271.06,80,270.81,120,270.32,40,270.31,280,270.06,160,269.69,280,,,,,,,271.92,80,272.2,80,272.8,2400,,,,,,,,,,,,,,
2026-01-16 09:32:40,271.495,271.5,2,271.07,120,271.92,80,271.92,271.07,271.07,120,271.06,80,270.81,120,270.32,40,270.31,280,270.06,160,269.69,280,,,,,,,271.92,80,272.2,80,272.8,2400,,,,,,,,,,,,,,
2026-01-16 09:32:41,271.495,271.5,2,271.07,120,271.92,80,271.92,271.07,271.07,120,271.06,80,270.81,120,270.32,40,270.31,280,270.06,160,269.69,280,,,,,,,271.92,80,272.2,80,272.8,2400,,,,,,,,,,,,,,
2026-01-16 09:32:42,271.495,271.5,2,271.07,120,271.92,80,271.92,271.07,271.07,120,271.06,80,270.81,120,270.32,40,270.31,280,270.06,160,269.69,280,,,,,,,271.92,80,272.2,80,272.8,2400,,,,,,,,,,,,,,
2026-01-16 09:32:43,271.495,271.5,2,271.07,120,271.92,80,271.92,271.07,271.07,120,271.06,80,270.81,120,270.32,40,270.31,280,270.06,160,269.69,280,,,,,,,271.92,80,272.2,80,272.8,2400,,,,,,,,,,,,,,
2026-01-16 09:32:44,271.495,271.5,2,271.07,120,271.92,80,271.92,271.07,271.07,120,271.06,80,270.81,120,270.32,40,270.31,280,270.06,160,269.69,280,,,,,,,271.92,80,272.2,80,272.8,2400,,,,,,,,,,,,,,
2026-01-16 09:32:45,271.495,271.5,2,271.07,120,271.92,80,271.92,271.07,271.07,120,271.06,80,270.81,120,270.32,40,270.31,280,270.06,160,269.69,280,,,,,,,271.92,80,272.2,80,272.8,2400,,,,,,,,,,,,,,
2026-01-16 09:32:46,271.495,271.5,2,271.07,120,271.92,80,271.92,271.07,271.07,120,271.06,80,270.81,120,270.32,40,270.31,280,270.06,160,269.69,280,,,,,,,271.92,80,272.2,80,272.8,2400,,,,,,,,,,,,,,
2026-01-16 09:32:47,271.495,271.5,2,271.07,120,271.92,80,271.92,271.07,271.07,120,271.06,80,270.81,120,270.32,40,270.31,280,270.06,160,269.69,280,,,,,,,271.92,80,272.2,80,272.8,2400,,,,,,,,,,,,,,
2026-01-16 09:32:48,271.495,271.5,2,271.07,120,271.92,80,271.92,271.07,271.07,120,271.06,80,270.81,120,270.32,40,270.31,280,270.06,160,269.69,280,,,,,,,271.92,80,272.2,80,272.8,2400,,,,,,,,,,,,,,
2026-01-16 09:32:48,271.495,271.5,2,271.07,120,271.92,80,271.92,271.07,271.07,120,271.06,80,270.81,120,270.32,40,270.31,280,270.06,160,269.69,280,,,,,,,271.92,80,272.2,80,272.8,2400,,,,,,,,,,,,,,
2026-01-16 09:32:50,271.495,271.5,2,271.07,120,271.92,80,271.92,271.07,271.07,120,271.06,80,270.81,120,270.32,40,270.31,280,270.06,160,269.69,280,,,,,,,271.92,80,272.2,80,272.8,2400,,,,,,,,,,,,,,
2026-01-16 09:32:51,271.495,271.5,2,271.07,120,271.92,80,271.92,271.07,271.07,120,271.06,80,270.81,120,270.32,40,270.31,280,270.06,160,269.69,280,,,,,,,271.92,80,272.2,80,272.8,2400,,,,,,,,,,,,,,
2026-01-16 09:32:52,271.495,271.5,2,271.07,120,271.92,80,271.92,271.07,271.07,120,271.06,80,270.81,120,270.32,40,270.31,280,270.06,160,269.69,280,,,,,,,271.92,80,272.2,80,272.8,2400,,,,,,,,,,,,,,
2026-01-16 09:32:52,271.495,271.5,2,271.07,120,271.92,80,271.92,271.07,271.07,120,271.06,80,270.81,120,270.32,40,270.31,280,270.06,160,269.69,280,,,,,,,271.92,80,272.2,80,272.8,2400,,,,,,,,,,,,,,
2026-01-16 09:32:54,271.495,271.5,2,271.07,120,271.92,80,271.92,271.07,271.07,120,271.06,80,270.81,120,270.32,40,270.31,280,270.06,160,269.69,280,,,,,,,271.92,80,272.2,80,272.8,2400,,,,,,,,,,,,,,
2026-01-16 09:32:55,271.495,271.5,2,271.07,120,271.92,80,271.92,271.07,271.07,120,271.06,80,270.81,120,270.32,40,270.31,280,270.06,160,269.69,280,,,,,,,271.92,80,272.2,80,272.8,2400,,,,,,,,,,,,,,
2026-01-16 09:32:56,271.495,271.5,2,271.07,120,271.92,80,271.92,271.07,271.07,120,271.06,80,270.81,120,270.32,40,270.31,280,270.06,160,269.69,280,,,,,,,271.92,80,272.2,80,272.8,2400,,,,,,,,,,,,,,
2026-01-16 09:32:57,271.42,271.5,2,271.07,120,271.77,80,271.77,271.07,271.07,120,271.06,80,270.81,120,270.32,40,270.31,280,270.06,160,269.69,280,,,,,,,271.77,80,272.02,40,272.2,80,272.8,2400,,,,,,,,,,,,
2026-01-16 09:32:58,271.535,271.5,2,271.07,120,272.0,80,272.0,271.07,271.07,120,271.06,80,270.81,120,270.32,40,270.31,280,270.06,160,269.69,280,,,,,,,272.0,80,272.2,160,272.8,2400,,,,,,,,,,,,,,
2026-01-16 09:32:59,271.635,271.5,2,271.07,120,272.2,40,272.2,271.07,271.07,120,271.06,80,270.81,120,270.32,40,270.31,280,270.06,160,269.69,280,,,,,,,272.2,40,272.36,80,272.8,2400,,,,,,,,,,,,,,
2026-01-16 09:33:00,271.635,271.5,2,271.07,120,272.2,40,272.2,271.07,271.07,120,271.06,80,270.81,120,270.32,40,270.31,280,270.06,160,269.69,280,,,,,,,272.2,40,272.36,80,272.8,2400,,,,,,,,,,,,,,
2026-01-16 09:33:01,271.635,271.5,2,271.07,120,272.2,40,272.2,271.07,271.07,120,271.06,80,270.81,120,270.32,40,270.31,280,270.06,160,269.69,280,,,,,,,272.2,40,272.36,80,272.8,2400,,,,,,,,,,,,,,
2026-01-16 09:33:02,271.635,271.5,2,271.07,120,272.2,40,272.2,271.07,271.07,120,271.06,80,270.81,120,270.32,40,270.31,280,270.06,160,269.69,280,,,,,,,272.2,40,272.36,80,272.8,2400,,,,,,,,,,,,,,
2026-01-16 09:33:03,271.635,271.5,2,271.07,120,272.2,40,272.2,271.07,271.07,120,271.06,80,270.81,120,270.32,40,270.31,280,270.06,160,269.69,280,,,,,,,272.2,40,272.36,80,272.8,2400,,,,,,,,,,,,,,
2026-01-16 09:33:04,271.635,271.5,2,271.07,120,272.2,40,272.2,271.07,271.07,120,271.06,80,270.81,120,270.32,40,270.31,280,270.06,160,269.69,280,,,,,,,272.2,40,272.36,80,272.8,2400,,,,,,,,,,,,,,
2026-01-16 09:33:05,271.635,271.5,2,271.07,120,272.2,40,272.2,271.07,271.07,120,271.06,80,270.81,120,270.32,40,270.31,280,270.06,160,269.69,280,,,,,,,272.2,40,272.36,80,272.8,2400,,,,,,,,,,,,,,
2026-01-16 09:33:06,271.635,271.5,2,271.07,120,272.2,40,272.2,271.07,271.07,120,271.06,80,270.81,120,270.32,40,270.31,280,270.06,160,269.69,280,,,,,,,272.2,40,272.36,80,272.8,2400,,,,,,,,,,,,,,
2026-01-16 09:33:07,271.635,271.5,2,271.07,120,272.2,40,272.2,271.07,271.07,120,271.06,80,270.81,120,270.32,40,270.31,280,270.06,160,269.69,280,,,,,,,272.2,40,272.36,80,272.8,2400,,,,,,,,,,,,,,
2026-01-16 09:33:08,271.635,271.5,2,271.07,120,272.2,40,272.2,271.07,271.07,120,271.06,80,270.81,120,270.32,40,270.31,280,270.06,160,269.69,280,,,,,,,272.2,40,272.36,80,272.8,2400,,,,,,,,,,,,,,
2026-01-16 09:33:09,271.54,271.5,2,271.07,120,272.01,40,272.01,271.07,271.07,120,271.06,80,270.81,120,270.32,40,270.31,280,270.06,160,269.69,280,,,,,,,272.01,40,272.2,40,272.36,80,272.8,2400,,,,,,,,,,,,
2026-01-16 09:33:10,271.54,271.5,2,271.07,120,272.01,40,272.01,271.07,271.07,120,271.06,80,270.81,120,270.32,40,270.31,280,270.06,160,269.69,280,,,,,,,272.01,40,272.2,40,272.36,80,272.8,2400,,,,,,,,,,,,
2026-01-16 09:33:11,271.535,271.5,1,271.07,120,272.0,40,272.0,271.07,271.07,120,271.06,80,270.81,120,270.32,40,270.31,280,270.06,160,269.69,280,,,,,,,272.0,40,272.01,40,272.2,40,272.36,80,272.8,2400,,,,,,,,,,
2026-01-16 09:33:12,271.535,271.5,1,271.07,120,272.0,40,272.0,271.07,271.07,120,271.06,80,270.81,120,270.32,40,270.31,280,270.06,160,269.69,280,,,,,,,272.0,40,272.01,40,272.2,40,272.36,80,272.8,2400,,,,,,,,,,
2026-01-16 09:33:13,271.535,271.5,1,271.07,120,272.0,40,272.0,271.07,271.07,120,271.06,80,270.81,120,270.32,40,270.31,280,270.06,160,269.69,280,,,,,,,272.0,40,272.01,40,272.2,40,272.36,80,272.8,2400,,,,,,,,,,
2026-01-16 09:33:14,271.535,271.5,1,271.07,120,272.0,40,272.0,271.07,271.07,120,271.06,80,270.81,120,270.32,40,270.31,280,270.06,160,269.69,280,,,,,,,272.0,40,272.01,40,272.2,40,272.36,80,272.8,2400,,,,,,,,,,
2026-01-16 09:33:15,271.535,271.5,1,271.07,120,272.0,40,272.0,271.07,271.07,120,271.06,80,270.81,120,270.32,40,270.31,280,270.06,160,269.69,280,,,,,,,272.0,40,272.01,40,272.2,40,272.36,80,272.8,2400,,,,,,,,,,
2026-01-16 09:33:16,271.535,271.5,1,271.07,120,272.0,40,272.0,271.07,271.07,120,271.06,80,270.81,120,270.32,40,270.31,280,270.06,160,269.69,280,,,,,,,272.0,40,272.01,40,272.2,40,272.36,80,272.8,2400,,,,,,,,,,
2026-01-16 09:33:17,271.535,271.5,1,271.07,120,272.0,40,272.0,271.07,271.07,120,271.06,80,270.81,120,270.32,40,270.31,280,270.06,160,269.69,280,,,,,,,272.0,40,272.01,40,272.2,40,272.36,80,272.8,2400,,,,,,,,,,
2026-01-16 09:33:18,271.51,271.5,1,271.07,120,271.95,40,271.95,271.07,271.07,120,271.06,80,270.81,120,270.32,40,270.31,280,270.06,160,269.69,280,,,,,,,271.95,40,272.0,40,272.01,40,272.2,40,272.36,80,272.8,2400,,,,,,,,
2026-01-16 09:33:19,271.51,271.5,1,271.07,120,271.95,40,271.95,271.07,271.07,120,271.06,80,270.81,120,270.32,40,270.31,280,270.06,160,269.69,280,,,,,,,271.95,40,272.0,40,272.01,40,272.2,40,272.36,80,272.8,2400,,,,,,,,
2026-01-16 09:33:20,271.51,271.5,1,271.07,120,271.95,40,271.95,271.07,271.07,120,271.06,80,270.81,120,270.32,40,270.31,280,270.06,160,269.69,280,,,,,,,271.95,40,272.0,40,272.01,40,272.2,40,272.36,80,272.8,2400,,,,,,,,
2026-01-16 09:33:21,271.51,271.5,1,271.07,120,271.95,40,271.95,271.07,271.07,120,271.06,80,270.81,120,270.32,40,270.31,280,270.06,160,269.69,280,,,,,,,271.95,40,272.0,40,272.01,40,272.2,40,272.36,80,272.8,2400,,,,,,,,
2026-01-16 09:33:22,271.51,271.5,1,271.07,120,271.95,40,271.95,271.07,271.07,120,271.06,80,270.81,120,270.32,40,270.31,280,270.06,160,269.69,280,,,,,,,271.95,40,272.0,40,272.01,40,272.2,40,272.36,80,272.8,2400,,,,,,,,
2026-01-16 09:33:23,271.51,271.5,1,271.07,120,271.95,40,271.95,271.07,271.07,120,271.06,80,270.81,120,270.32,40,270.31,280,270.06,160,269.69,280,,,,,,,271.95,40,272.0,40,272.01,40,272.2,40,272.36,80,272.8,2400,,,,,,,,
2026-01-16 09:33:24,271.51,271.5,1,271.07,120,271.95,40,271.95,271.07,271.07,120,271.06,80,270.81,120,270.32,40,270.31,280,270.06,160,269.69,280,,,,,,,271.95,40,272.0,40,272.01,40,272.2,40,272.36,80,272.8,2400,,,,,,,,
2026-01-16 09:33:25,271.51,271.5,1,271.07,120,271.95,40,271.95,271.07,271.07,120,271.06,80,270.81,120,270.32,40,270.31,280,270.06,160,269.69,280,,,,,,,271.95,40,272.0,40,272.01,40,272.2,40,272.36,80,272.8,2400,,,,,,,,
2026-01-16 09:33:26,271.51,271.5,1,271.07,120,271.95,40,271.95,271.07,271.07,120,271.06,80,270.81,120,270.32,40,270.31,280,270.06,160,269.69,280,,,,,,,271.95,40,272.0,40,272.01,40,272.2,40,272.36,80,272.8,2400,,,,,,,,
2026-01-16 09:33:27,271.51,271.5,1,271.07,120,271.95,40,271.95,271.07,271.07,120,271.06,80,270.81,120,270.32,40,270.31,280,270.06,160,269.69,280,,,,,,,271.95,40,272.0,40,272.01,40,272.2,40,272.36,80,272.8,2400,,,,,,,,
2026-01-16 09:33:28,271.51,271.5,1,271.07,120,271.95,40,271.95,271.07,271.07,120,271.06,80,270.81,120,270.32,40,270.31,280,270.06,160,269.69,280,,,,,,,271.95,40,272.0,40,272.01,40,272.2,40,272.36,80,272.8,2400,,,,,,,,
2026-01-16 09:33:29,271.51,271.5,1,271.07,120,271.95,40,271.95,271.07,271.07,120,271.06,80,270.81,120,270.32,40,270.31,280,270.06,160,269.69,280,,,,,,,271.95,40,272.0,40,272.01,40,272.2,40,272.36,80,272.8,2400,,,,,,,,
2026-01-16 09:33:30,271.51,271.5,1,271.07,120,271.95,40,271.95,271.07,271.07,120,271.06,80,270.81,120,270.32,40,270.31,280,270.06,160,269.69,280,,,,,,,271.95,40,272.0,40,272.01,40,272.2,40,272.36,80,272.8,2400,,,,,,,,
2026-01-16 09:33:31,271.51,271.5,1,271.07,120,271.95,40,271.95,271.07,271.07,120,271.06,80,270.81,120,270.32,40,270.31,280,270.06,160,269.69,280,,,,,,,271.95,40,272.0,40,272.01,40,272.2,40,272.36,80,272.8,2400,,,,,,,,
2026-01-16 09:33:32,271.51,271.5,1,271.07,120,271.95,40,271.95,271.07,271.07,120,271.06,80,270.81,120,270.32,40,270.31,280,270.06,160,269.69,280,,,,,,,271.95,40,272.0,40,272.01,40,272.2,40,272.36,80,272.8,2400,,,,,,,,
2026-01-16 09:33:33,271.51,271.5,1,271.07,120,271.95,40,271.95,271.07,271.07,120,271.06,80,270.81,120,270.32,40,270.31,280,270.06,160,269.69,280,,,,,,,271.95,40,272.0,40,272.01,40,272.2,40,272.36,80,272.8,2400,,,,,,,,
2026-01-16 09:33:34,271.51,271.5,1,271.07,120,271.95,40,271.95,271.07,271.07,120,271.06,80,270.81,120,270.32,40,270.31,280,270.06,160,269.69,280,,,,,,,271.95,40,272.0,40,272.01,40,272.2,40,272.36,80,272.8,2400,,,,,,,,
2026-01-16 09:33:35,271.51,271.5,1,271.07,120,271.95,40,271.95,271.07,271.07,120,271.06,80,270.81,120,270.32,40,270.31,280,270.06,160,269.69,280,,,,,,,271.95,40,272.0,40,272.01,40,272.2,40,272.36,80,272.8,2400,,,,,,,,
2026-01-16 09:33:36,271.51,271.5,1,271.07,120,271.95,40,271.95,271.07,271.07,120,271.06,80,270.81,120,270.32,40,270.31,280,270.06,160,269.69,280,,,,,,,271.95,40,272.0,40,272.01,40,272.2,40,272.36,80,272.8,2400,,,,,,,,
2026-01-16 09:33:37,271.51,271.5,1,271.07,120,271.95,40,271.95,271.07,271.07,120,271.06,80,270.81,120,270.32,40,270.31,280,270.06,160,269.69,280,,,,,,,271.95,40,272.0,40,272.01,40,272.2,40,272.36,80,272.8,2400,,,,,,,,
2026-01-16 09:33:38,271.51,271.5,1,271.07,120,271.95,40,271.95,271.07,271.07,120,271.06,80,270.81,120,270.32,40,270.31,280,270.06,160,269.69,280,,,,,,,271.95,40,272.0,40,272.01,40,272.2,40,272.36,80,272.8,2400,,,,,,,,
2026-01-16 09:33:39,271.51,271.5,1,271.07,120,271.95,40,271.95,271.07,271.07,120,271.06,80,270.81,120,270.32,40,270.31,280,270.06,160,269.69,280,,,,,,,271.95,40,272.0,40,272.01,40,272.2,40,272.36,80,272.8,2400,,,,,,,,
2026-01-16 09:33:40,271.51,271.5,1,271.07,120,271.95,40,271.95,271.07,271.07,120,271.06,80,270.81,120,270.32,40,270.31,280,270.06,160,269.69,280,,,,,,,271.95,40,272.0,40,272.01,40,272.2,40,272.36,80,272.8,2400,,,,,,,,
2026-01-16 09:33:41,271.51,271.5,1,271.07,120,271.95,40,271.95,271.07,271.07,120,271.06,80,270.81,120,270.32,40,270.31,280,270.06,160,269.69,280,,,,,,,271.95,40,272.0,40,272.01,40,272.2,40,272.36,80,272.8,2400,,,,,,,,
2026-01-16 09:33:42,271.51,271.5,1,271.07,120,271.95,40,271.95,271.07,271.07,120,271.06,80,270.81,120,270.32,40,270.31,280,270.06,160,269.69,280,,,,,,,271.95,40,272.0,40,272.01,40,272.2,40,272.36,80,272.8,2400,,,,,,,,
2026-01-16 09:33:43,271.51,271.5,1,271.07,120,271.95,120,271.95,271.07,271.07,120,271.06,80,270.81,120,270.32,40,270.31,280,270.06,160,269.69,280,,,,,,,271.95,120,272.0,40,272.01,40,272.2,40,272.36,80,272.8,2400,,,,,,,,
2026-01-16 09:33:44,271.51,271.5,1,271.07,120,271.95,120,271.95,271.07,271.07,120,271.06,80,270.81,120,270.32,40,270.31,280,270.06,160,269.69,280,,,,,,,271.95,120,272.0,40,272.01,40,272.2,40,272.36,80,272.8,2400,,,,,,,,
2026-01-16 09:33:45,271.51,271.5,1,271.07,120,271.95,120,271.95,271.07,271.07,120,271.06,80,270.81,120,270.32,40,270.31,280,270.06,160,269.69,280,,,,,,,271.95,120,272.0,40,272.01,40,272.2,40,272.36,80,272.8,2400,,,,,,,,
2026-01-16 09:33:46,271.51,271.5,1,271.07,120,271.95,120,271.95,271.07,271.07,120,271.06,80,270.81,120,270.32,40,270.31,280,270.06,160,269.69,280,,,,,,,271.95,120,272.0,40,272.01,40,272.2,40,272.36,80,272.8,2400,,,,,,,,
2026-01-16 09:33:47,271.51,271.5,1,271.07,120,271.95,120,271.95,271.07,271.07,120,271.06,80,270.81,120,270.32,40,270.31,280,270.06,160,269.69,280,,,,,,,271.95,120,272.0,40,272.01,40,272.2,40,272.36,80,272.8,2400,,,,,,,,
2026-01-16 09:33:48,271.51,271.5,1,271.07,120,271.95,120,271.95,271.07,271.07,120,271.06,80,270.81,120,270.32,40,270.31,280,270.06,160,269.69,280,,,,,,,271.95,120,272.0,40,272.01,40,272.2,40,272.36,80,272.8,2400,,,,,,,,
2026-01-16 09:33:49,271.51,271.5,1,271.07,120,271.95,120,271.95,271.07,271.07,120,271.06,80,270.81,120,270.32,40,270.31,280,270.06,160,269.69,280,,,,,,,271.95,120,272.0,40,272.01,40,272.2,40,272.36,80,272.8,2400,,,,,,,,
2026-01-16 09:33:50,271.51,271.5,1,271.07,120,271.95,120,271.95,271.07,271.07,120,271.06,80,270.81,120,270.32,40,270.31,280,270.06,160,269.69,280,,,,,,,271.95,120,272.0,40,272.01,40,272.2,40,272.36,80,272.8,2400,,,,,,,,
2026-01-16 09:33:51,271.505,271.5,1,271.07,120,271.94,40,271.94,271.07,271.07,120,271.06,80,270.81,120,270.32,40,270.31,280,270.06,160,269.69,280,,,,,,,271.94,40,271.95,120,272.0,40,272.01,40,272.2,40,272.36,80,272.8,2400,,,,,,
2026-01-16 09:33:52,270.905,271.5,1,270.15,600,271.66,40,271.66,270.15,270.15,600,270.06,160,269.69,280,,,,,,,,,,,,,,,271.66,40,271.93,120,271.94,40,271.95,120,272.0,40,272.01,40,272.2,40,272.36,80,272.8,2400,,
2026-01-16 09:33:53,270.915,271.5,1,270.17,40,271.66,40,271.66,270.17,270.17,40,270.15,600,270.06,160,269.69,280,,,,,,,,,,,,,271.66,40,271.93,120,271.94,40,271.95,120,272.0,40,272.01,40,272.2,40,272.36,80,272.8,2400,,
2026-01-16 09:33:54,270.975,271.5,1,270.31,40,271.64,40,271.64,270.31,270.31,40,270.17,40,270.15,600,270.06,160,269.69,280,,,,,,,,,,,271.64,40,271.66,40,271.93,120,271.94,40,271.95,120,272.0,40,272.01,40,272.2,40,272.36,80,272.8,2400
2026-01-16 09:33:55,270.975,271.5,1,270.31,40,271.64,40,271.64,270.31,270.31,40,270.17,40,270.15,600,270.06,160,269.69,280,,,,,,,,,,,271.64,40,271.66,40,271.93,120,271.94,40,271.95,120,272.0,40,272.01,40,272.2,40,272.36,80,272.8,2400
2026-01-16 09:33:56,270.975,271.5,1,270.31,40,271.64,40,271.64,270.31,270.31,40,270.17,40,270.15,600,270.06,160,269.69,280,,,,,,,,,,,271.64,40,271.66,40,271.93,120,271.94,40,271.95,120,272.0,40,272.01,40,272.2,40,272.36,80,272.8,2400
2026-01-16 09:33:57,270.975,271.5,1,270.31,40,271.64,40,271.64,270.31,270.31,40,270.17,40,270.15,600,270.06,160,269.69,280,,,,,,,,,,,271.64,40,271.66,40,271.93,120,271.94,40,271.95,120,272.0,40,272.01,40,272.2,40,272.36,80,272.8,2400
2026-01-16 09:33:58,270.975,271.5,1,270.31,40,271.64,40,271.64,270.31,270.31,40,270.17,40,270.15,600,270.06,160,269.69,280,,,,,,,,,,,271.64,40,271.66,40,271.93,120,271.94,40,271.95,120,272.0,40,272.01,40,272.2,40,272.36,80,272.8,2400
2026-01-16 09:33:59,270.975,271.5,1,270.31,40,271.64,40,271.64,270.31,270.31,40,270.17,40,270.15,600,270.06,160,269.69,280,,,,,,,,,,,271.64,40,271.66,40,271.93,120,271.94,40,271.95,120,272.0,40,272.01,40,272.2,40,272.36,80,272.8,2400
2026-01-16 09:34:00,270.975,271.5,1,270.31,40,271.64,40,271.64,270.31,270.31,40,270.17,40,270.15,600,270.06,160,269.69,280,,,,,,,,,,,271.64,40,271.66,40,271.93,120,271.94,40,271.95,120,272.0,40,272.01,40,272.2,40,272.36,80,272.8,2400
2026-01-16 09:34:01,270.975,271.5,1,270.31,40,271.64,40,271.64,270.31,270.31,40,270.17,40,270.15,600,270.06,160,269.69,280,,,,,,,,,,,271.64,40,271.66,40,271.93,120,271.94,40,271.95,120,272.0,40,272.01,40,272.2,40,272.36,80,272.8,2400
2026-01-16 09:34:02,270.975,271.5,1,270.31,40,271.64,40,271.64,270.31,270.31,40,270.17,40,270.15,600,270.06,160,269.69,280,,,,,,,,,,,271.64,40,271.66,40,271.93,120,271.94,40,271.95,120,272.0,40,272.01,40,272.2,40,272.36,80,272.8,2400
2026-01-16 09:34:03,270.975,270.98,1,270.31,40,271.64,40,271.64,270.31,270.31,40,270.17,40,270.15,600,270.06,160,269.69,280,,,,,,,,,,,271.64,40,271.66,40,271.93,120,271.94,40,271.95,120,272.0,40,272.01,40,272.2,40,272.36,80,272.8,2400
2026-01-16 09:34:04,270.975,270.98,1,270.31,40,271.64,40,271.64,270.31,270.31,40,270.17,40,270.15,600,270.06,160,269.69,280,,,,,,,,,,,271.64,40,271.66,40,271.93,120,271.94,40,271.95,120,272.0,40,272.01,40,272.2,40,272.36,80,272.8,2400
2026-01-16 09:34:05,270.975,270.98,1,270.31,40,271.64,40,271.64,270.31,270.31,40,270.17,40,270.15,600,270.06,160,269.69,280,,,,,,,,,,,271.64,40,271.66,40,271.93,120,271.94,40,271.95,120,272.0,40,272.01,40,272.2,40,272.36,80,272.8,2400
2026-01-16 09:34:06,270.975,270.98,1,270.31,40,271.64,40,271.64,270.31,270.31,40,270.17,40,270.15,600,270.06,160,269.69,280,,,,,,,,,,,271.64,40,271.66,40,271.93,120,271.94,40,271.95,120,272.0,40,272.01,40,272.2,40,272.36,80,272.8,2400
2026-01-16 09:34:07,270.975,270.98,1,270.31,40,271.64,40,271.64,270.31,270.31,40,270.17,40,270.15,600,270.06,160,269.69,280,,,,,,,,,,,271.64,40,271.66,40,271.93,120,271.94,40,271.95,120,272.0,40,272.01,40,272.2,40,272.36,80,272.8,2400
2026-01-16 09:34:08,270.975,270.98,1,270.31,40,271.64,80,271.64,270.31,270.31,40,270.17,40,270.15,600,270.06,160,269.69,280,,,,,,,,,,,271.64,80,271.66,40,271.93,120,271.94,40,271.95,120,272.0,40,272.01,40,272.2,40,272.36,80,272.8,2400
2026-01-16 09:34:09,270.975,270.98,1,270.31,40,271.64,80,271.64,270.31,270.31,40,270.17,40,270.15,600,270.06,160,269.69,280,,,,,,,,,,,271.64,80,271.66,40,271.93,120,271.94,40,271.95,120,272.0,40,272.01,40,272.2,40,272.36,80,272.8,2400
2026-01-16 09:34:10,270.975,270.98,1,270.31,40,271.64,80,271.64,270.31,270.31,40,270.17,40,270.15,600,270.06,160,269.69,280,,,,,,,,,,,271.64,80,271.66,40,271.93,120,271.94,40,271.95,120,272.0,40,272.01,40,272.2,40,272.36,80,272.8,2400
2026-01-16 09:34:11,270.845,270.98,1,270.06,320,271.63,80,271.63,270.06,270.06,320,269.69,280,,,,,,,,,,,,,,,,,271.63,80,271.64,160,271.66,40,271.93,120,271.94,40,271.95,120,272.0,40,272.01,40,272.2,40,272.36,80
2026-01-16 09:34:12,270.845,270.98,1,270.06,360,271.63,80,271.63,270.06,270.06,360,269.69,280,,,,,,,,,,,,,,,,,271.63,80,271.64,160,271.66,40,271.93,120,271.94,40,271.95,120,272.0,40,272.01,40,272.2,40,272.36,80
2026-01-16 09:34:13,270.845,270.98,1,270.06,360,271.63,80,271.63,270.06,270.06,360,269.69,280,,,,,,,,,,,,,,,,,271.63,80,271.64,160,271.66,40,271.93,120,271.94,40,271.95,120,272.0,40,272.01,40,272.2,40,272.36,80
2026-01-16 09:34:14,270.84,270.98,1,270.06,360,271.62,40,271.62,270.06,270.06,360,269.69,280,,,,,,,,,,,,,,,,,271.62,40,271.63,80,271.64,160,271.66,40,271.93,120,271.94,40,271.95,120,272.0,40,272.01,40,272.2,40
2026-01-16 09:34:15,270.84,270.98,1,270.06,360,271.62,40,271.62,270.06,270.06,360,269.69,280,,,,,,,,,,,,,,,,,271.62,40,271.63,80,271.64,160,271.66,40,271.93,120,271.94,40,271.95,120,272.0,40,272.01,40,272.2,40
2026-01-16 09:34:16,270.84,270.98,1,270.06,360,271.62,40,271.62,270.06,270.06,360,269.69,280,,,,,,,,,,,,,,,,,271.62,40,271.63,80,271.64,160,271.66,40,271.93,120,271.94,40,271.95,120,272.0,40,272.01,40,272.2,40
2026-01-16 09:34:17,270.84,270.98,1,270.06,360,271.62,40,271.62,270.06,270.06,360,269.69,280,,,,,,,,,,,,,,,,,271.62,40,271.63,80,271.64,160,271.66,40,271.93,120,271.94,40,271.95,120,272.0,40,272.01,40,272.2,40
2026-01-16 09:34:18,270.84,270.98,1,270.06,360,271.62,80,271.62,270.06,270.06,360,269.69,280,,,,,,,,,,,,,,,,,271.62,80,271.63,80,271.64,160,271.66,40,271.93,120,271.94,40,271.95,120,272.0,40,272.01,40,272.2,40
2026-01-16 09:34:19,270.84,270.98,1,270.06,360,271.62,80,271.62,270.06,270.06,360,269.69,280,,,,,,,,,,,,,,,,,271.62,80,271.63,80,271.64,160,271.66,40,271.93,120,271.94,40,271.95,120,272.0,40,272.01,40,272.2,40
2026-01-16 09:34:20,270.84,270.98,1,270.06,360,271.62,80,271.62,270.06,270.06,360,269.69,280,,,,,,,,,,,,,,,,,271.62,80,271.63,80,271.64,160,271.66,40,271.93,120,271.94,40,271.95,120,272.0,40,272.01,40,272.2,40
2026-01-16 09:34:21,270.84,270.98,1,270.06,360,271.62,80,271.62,270.06,270.06,360,269.69,280,,,,,,,,,,,,,,,,,271.62,80,271.63,80,271.64,160,271.66,40,271.93,120,271.94,40,271.95,120,272.0,40,272.01,40,272.2,40
2026-01-16 09:34:22,270.84,270.98,1,270.06,360,271.62,80,271.62,270.06,270.06,360,269.69,280,,,,,,,,,,,,,,,,,271.62,80,271.63,80,271.64,160,271.66,40,271.93,120,271.94,40,271.95,120,272.0,40,272.01,40,272.2,40
2026-01-16 09:34:23,270.835,270.98,1,270.06,360,271.61,80,271.61,270.06,270.06,360,269.69,280,,,,,,,,,,,,,,,,,271.61,80,271.62,200,271.63,80,271.64,160,271.66,40,271.93,120,271.94,40,271.95,120,272.0,40,272.01,40
2026-01-16 09:34:24,270.835,270.98,1,270.06,360,271.61,80,271.61,270.06,270.06,360,269.69,280,,,,,,,,,,,,,,,,,271.61,80,271.62,200,271.63,80,271.64,160,271.66,40,271.93,120,271.94,40,271.95,120,272.0,40,272.01,40
2026-01-16 09:34:25,270.835,270.98,1,270.06,360,271.61,80,271.61,270.06,270.06,360,269.69,280,,,,,,,,,,,,,,,,,271.61,80,271.62,200,271.63,80,271.64,160,271.66,40,271.93,120,271.94,40,271.95,120,272.0,40,272.01,40
2026-01-16 09:34:26,270.835,270.98,1,270.06,360,271.61,80,271.61,270.06,270.06,360,269.69,280,,,,,,,,,,,,,,,,,271.61,80,271.62,200,271.63,80,271.64,160,271.66,40,271.93,120,271.94,40,271.95,120,272.0,40,272.01,40
2026-01-16 09:34:27,270.835,270.98,1,270.06,360,271.61,80,271.61,270.06,270.06,360,269.69,280,,,,,,,,,,,,,,,,,271.61,80,271.62,200,271.63,80,271.64,160,271.66,40,271.93,120,271.94,40,271.95,120,272.0,40,272.01,40
2026-01-16 09:34:28,270.775,270.98,1,270.06,360,271.49,80,271.49,270.06,270.06,360,269.69,280,,,,,,,,,,,,,,,,,271.49,80,271.51,160,271.53,80,271.55,80,271.57,80,271.58,160,271.6,40,271.61,120,271.62,200,271.63,80
2026-01-16 09:34:29,270.77,270.98,1,270.06,360,271.48,80,271.48,270.06,270.06,360,269.69,280,,,,,,,,,,,,,,,,,271.48,80,271.49,160,271.51,160,271.53,80,271.55,80,271.57,80,271.58,160,271.6,40,271.61,120,271.62,200
2026-01-16 09:34:30,270.77,270.98,1,270.06,360,271.48,80,271.48,270.06,270.06,360,269.69,280,,,,,,,,,,,,,,,,,271.48,80,271.49,160,271.51,160,271.53,80,271.55,80,271.57,80,271.58,160,271.6,40,271.61,120,271.62,200
2026-01-16 09:34:31,270.75,270.98,1,270.06,360,271.44,80,271.44,270.06,270.06,360,269.69,280,,,,,,,,,,,,,,,,,271.44,80,271.46,80,271.47,40,271.48,80,271.49,160,271.51,160,271.53,80,271.55,80,271.57,80,271.58,160
2026-01-16 09:34:32,270.73,270.98,1,270.06,320,271.4,80,271.4,270.06,270.06,320,269.69,280,,,,,,,,,,,,,,,,,271.4,80,271.42,80,271.44,80,271.46,80,271.47,40,271.48,80,271.49,160,271.51,160,271.53,80,271.55,80
2026-01-16 09:34:33,270.72,270.98,1,270.06,320,271.38,80,271.38,270.06,270.06,320,269.69,280,,,,,,,,,,,,,,,,,271.38,80,271.4,80,271.42,80,271.44,80,271.46,80,271.47,40,271.48,80,271.49,160,271.51,160,271.53,80
2026-01-16 09:34:34,270.71,270.98,1,270.06,320,271.36,80,271.36,270.06,270.06,320,269.69,280,,,,,,,,,,,,,,,,,271.36,80,271.38,80,271.4,80,271.42,80,271.44,80,271.46,80,271.47,40,271.48,80,271.49,160,271.51,160
2026-01-16 09:34:35,270.71,270.98,1,270.06,320,271.36,80,271.36,270.06,270.06,320,269.69,280,,,,,,,,,,,,,,,,,271.36,80,271.38,80,271.4,80,271.42,80,271.44,80,271.46,80,271.47,40,271.48,80,271.49,160,271.51,160
2026-01-16 09:34:36,270.71,270.98,1,270.06,320,271.36,80,271.36,270.06,270.06,320,269.69,280,,,,,,,,,,,,,,,,,271.36,80,271.38,80,271.4,80,271.42,80,271.44,80,271.46,80,271.47,40,271.48,80,271.49,160,271.51,160
2026-01-16 09:34:37,270.71,270.98,1,270.06,320,271.36,80,271.36,270.06,270.06,320,269.69,280,,,,,,,,,,,,,,,,,271.36,80,271.38,80,271.4,80,271.42,80,271.44,80,271.46,80,271.47,40,271.48,80,271.49,160,271.51,160
2026-01-16 09:34:38,270.71,270.98,1,270.06,320,271.36,80,271.36,270.06,270.06,320,269.69,280,,,,,,,,,,,,,,,,,271.36,80,271.38,80,271.4,80,271.42,80,271.44,80,271.46,80,271.47,40,271.48,80,271.49,160,271.51,160
2026-01-16 09:34:39,270.73,270.98,1,270.1,160,271.36,80,271.36,270.1,270.1,160,270.06,320,269.69,280,,,,,,,,,,,,,,,271.36,80,271.38,80,271.4,80,271.42,80,271.44,80,271.46,80,271.47,40,271.48,80,271.49,160,271.51,160
2026-01-16 09:34:40,270.73,270.98,1,270.1,160,271.36,80,271.36,270.1,270.1,160,270.06,320,269.69,280,,,,,,,,,,,,,,,271.36,80,271.38,80,271.4,80,271.42,80,271.44,80,271.46,80,271.47,40,271.48,80,271.49,160,271.51,160
2026-01-16 09:34:41,270.73,270.98,1,270.1,160,271.36,80,271.36,270.1,270.1,160,270.06,320,269.69,280,,,,,,,,,,,,,,,271.36,80,271.38,80,271.4,80,271.42,80,271.44,80,271.46,80,271.47,40,271.48,80,271.49,160,271.51,160
2026-01-16 09:34:42,270.69,270.98,1,270.1,160,271.28,80,271.28,270.1,270.1,160,270.06,320,269.69,280,,,,,,,,,,,,,,,271.28,80,271.3,80,271.32,80,271.33,80,271.34,80,271.35,40,271.36,80,271.38,80,271.4,80,271.42,80
2026-01-16 09:34:43,270.675,270.98,1,270.1,160,271.25,80,271.25,270.1,270.1,160,270.06,320,269.69,280,,,,,,,,,,,,,,,271.25,80,271.26,80,271.28,80,271.3,80,271.32,80,271.33,80,271.34,80,271.35,40,271.36,80,271.38,80
2026-01-16 09:34:44,270.675,270.98,1,270.1,160,271.25,80,271.25,270.1,270.1,160,270.06,320,269.69,280,,,,,,,,,,,,,,,271.25,80,271.26,80,271.28,80,271.3,80,271.32,80,271.33,80,271.34,80,271.35,40,271.36,80,271.38,80
2026-01-16 09:34:45,270.675,270.98,1,270.1,160,271.25,80,271.25,270.1,270.1,160,270.06,320,269.69,280,,,,,,,,,,,,,,,271.25,80,271.26,80,271.28,80,271.3,80,271.32,80,271.33,80,271.34,80,271.35,40,271.36,80,271.38,80
2026-01-16 09:34:46,270.78,270.98,1,270.31,40,271.25,80,271.25,270.31,270.31,40,270.1,160,270.06,320,269.69,280,,,,,,,,,,,,,271.25,80,271.26,80,271.28,80,271.3,80,271.32,80,271.33,80,271.34,80,271.35,40,271.36,80,271.38,80
2026-01-16 09:34:47,270.78,270.98,1,270.31,40,271.25,80,271.25,270.31,270.31,40,270.1,160,270.06,320,269.69,280,,,,,,,,,,,,,271.25,80,271.26,80,271.28,80,271.3,80,271.32,80,271.33,80,271.34,80,271.35,40,271.36,80,271.38,80
2026-01-16 09:34:48,270.775,270.98,1,270.31,40,271.24,80,271.24,270.31,270.31,40,270.1,160,270.06,320,269.69,280,,,,,,,,,,,,,271.24,80,271.25,80,271.26,80,271.28,80,271.3,80,271.32,80,271.33,80,271.34,80,271.35,40,271.36,80
2026-01-16 09:34:49,270.775,270.98,1,270.32,40,271.23,80,271.23,270.32,270.32,40,270.31,40,270.1,160,270.06,320,269.69,280,,,,,,,,,,,271.23,80,271.24,80,271.25,80,271.26,80,271.28,80,271.3,80,271.32,80,271.33,80,271.34,80,271.35,40
2026-01-16 09:34:50,270.775,270.98,1,270.32,40,271.23,80,271.23,270.32,270.32,40,270.31,40,270.1,160,270.06,320,269.69,280,,,,,,,,,,,271.23,80,271.24,80,271.25,80,271.26,80,271.28,80,271.3,80,271.32,80,271.33,80,271.34,80,271.35,40
2026-01-16 09:34:51,270.77,270.98,1,270.32,80,271.22,80,271.22,270.32,270.32,80,270.31,40,270.1,160,270.06,320,269.69,280,,,,,,,,,,,271.22,80,271.23,80,271.24,80,271.25,80,271.26,80,271.28,80,271.3,80,271.32,80,271.33,80,271.34,80
2026-01-16 09:34:52,270.77,270.98,1,270.32,80,271.22,80,271.22,270.32,270.32,80,270.31,40,270.1,160,270.06,320,269.69,280,,,,,,,,,,,271.22,80,271.23,80,271.24,80,271.25,80,271.26,80,271.28,80,271.3,80,271.32,80,271.33,80,271.34,80
2026-01-16 09:34:53,270.77,270.98,1,270.32,80,271.22,80,271.22,270.32,270.32,80,270.31,40,270.1,160,270.06,320,269.69,280,,,,,,,,,,,271.22,80,271.23,80,271.24,80,271.25,80,271.26,80,271.28,80,271.3,80,271.32,80,271.33,80,271.34,80
2026-01-16 09:34:54,270.77,270.98,1,270.32,80,271.22,80,271.22,270.32,270.32,80,270.31,40,270.1,160,270.06,320,269.69,280,,,,,,,,,,,271.22,80,271.23,80,271.24,80,271.25,80,271.26,80,271.28,80,271.3,80,271.32,80,271.33,80,271.34,80
2026-01-16 09:34:55,270.77,270.98,1,270.32,80,271.22,80,271.22,270.32,270.32,80,270.31,40,270.1,160,270.06,320,269.69,280,,,,,,,,,,,271.22,80,271.23,80,271.24,80,271.25,80,271.26,80,271.28,80,271.3,80,271.32,80,271.33,80,271.34,80
2026-01-16 09:34:56,270.76,270.98,1,270.32,80,271.2,80,271.2,270.32,270.32,80,270.31,40,270.1,160,270.06,320,269.69,280,,,,,,,,,,,271.2,80,271.21,80,271.22,80,271.23,80,271.24,80,271.25,80,271.26,80,271.28,80,271.3,80,271.32,80
2026-01-16 09:34:57,270.745,270.98,1,270.32,80,271.17,40,271.17,270.32,270.32,80,270.31,40,270.1,160,270.06,320,269.69,280,,,,,,,,,,,271.17,40,271.18,40,271.19,80,271.2,80,271.21,80,271.22,80,271.23,80,271.24,80,271.25,80,271.26,80
2026-01-16 09:34:58,270.745,270.98,1,270.32,80,271.17,40,271.17,270.32,270.32,80,270.31,40,270.1,160,270.06,320,269.69,280,,,,,,,,,,,271.17,40,271.18,40,271.19,80,271.2,80,271.21,80,271.22,80,271.23,80,271.24,80,271.25,80,271.26,80
2026-01-16 09:34:59,270.745,270.98,1,270.32,80,271.17,40,271.17,270.32,270.32,80,270.31,40,270.1,160,270.06,320,269.69,280,,,,,,,,,,,271.17,40,271.18,40,271.19,80,271.2,80,271.21,80,271.22,80,271.23,80,271.24,80,271.25,80,271.26,80
2026-01-16 09:35:00,270.745,270.98,1,270.32,80,271.17,40,271.17,270.32,270.32,80,270.31,40,270.1,160,270.06,320,269.69,280,,,,,,,,,,,271.17,40,271.18,40,271.19,80,271.2,80,271.21,80,271.22,80,271.23,80,271.24,80,271.25,80,271.26,80
2026-01-16 09:35:01,270.745,270.98,1,270.32,80,271.17,40,271.17,270.32,270.32,80,270.31,40,270.1,160,270.06,320,269.69,280,,,,,,,,,,,271.17,40,271.18,40,271.19,80,271.2,80,271.21,80,271.22,80,271.23,80,271.24,80,271.25,80,271.26,80
2026-01-16 09:35:02,270.745,270.98,1,270.32,80,271.17,40,271.17,270.32,270.32,80,270.31,40,270.1,160,270.06,320,269.69,280,,,,,,,,,,,271.17,40,271.18,40,271.19,80,271.2,80,271.21,80,271.22,80,271.23,80,271.24,80,271.25,80,271.26,80
2026-01-16 09:35:03,270.78,270.98,1,270.39,80,271.17,40,271.17,270.39,270.39,80,270.32,80,270.31,40,270.1,160,270.06,320,269.69,280,,,,,,,,,271.17,40,271.18,40,271.19,80,271.2,80,271.21,80,271.22,80,271.23,80,271.24,80,271.25,80,271.26,80
2026-01-16 09:35:04,270.78,270.98,1,270.39,80,271.17,40,271.17,270.39,270.39,80,270.32,80,270.31,40,270.1,160,270.06,320,269.69,280,,,,,,,,,271.17,40,271.18,40,271.19,80,271.2,80,271.21,80,271.22,80,271.23,80,271.24,80,271.25,80,271.26,80
2026-01-16 09:35:05,270.78,270.98,1,270.39,80,271.17,40,271.17,270.39,270.39,80,270.32,80,270.31,40,270.1,160,270.06,320,269.69,280,,,,,,,,,271.17,40,271.18,40,271.19,80,271.2,80,271.21,80,271.22,80,271.23,80,271.24,80,271.25,80,271.26,80
2026-01-16 09:35:06,270.87,270.98,1,270.57,40,271.17,40,271.17,270.57,270.57,40,270.39,80,270.32,80,270.31,40,270.1,160,270.06,320,269.69,280,,,,,,,271.17,40,271.18,40,271.19,80,271.2,80,271.21,80,271.22,80,271.23,80,271.24,80,271.25,80,271.26,80
2026-01-16 09:35:07,270.87,270.98,1,270.57,40,271.17,40,271.17,270.57,270.57,40,270.39,80,270.32,80,270.31,40,270.1,160,270.06,320,269.69,280,,,,,,,271.17,40,271.18,40,271.19,80,271.2,80,271.21,80,271.22,80,271.23,80,271.24,80,271.25,80,271.26,80
2026-01-16 09:35:08,270.86,270.98,1,270.57,80,271.15,40,271.15,270.57,270.57,80,270.39,80,270.32,80,270.31,40,270.1,160,270.06,320,269.69,280,,,,,,,271.15,40,271.17,40,271.18,40,271.19,80,271.2,80,271.21,80,271.22,80,271.23,80,271.24,80,271.25,80
2026-01-16 09:35:09,270.86,270.98,1,270.57,80,271.15,40,271.15,270.57,270.57,80,270.39,80,270.32,80,270.31,40,270.1,160,270.06,320,269.69,280,,,,,,,271.15,40,271.17,40,271.18,40,271.19,80,271.2,80,271.21,80,271.22,80,271.23,80,271.24,80,271.25,80
2026-01-16 09:35:10,270.86,270.98,1,270.57,80,271.15,40,271.15,270.57,270.57,80,270.39,80,270.32,80,270.31,40,270.1,160,270.06,320,269.69,280,,,,,,,271.15,40,271.17,40,271.18,40,271.19,80,271.2,80,271.21,80,271.22,80,271.23,80,271.24,80,271.25,80
2026-01-16 09:35:11,270.86,270.98,1,270.57,80,271.15,40,271.15,270.57,270.57,80,270.39,80,270.32,80,270.31,40,270.1,160,270.06,320,269.69,280,,,,,,,271.15,40,271.17,40,271.18,40,271.19,80,271.2,80,271.21,80,271.22,80,271.23,80,271.24,80,271.25,80
2026-01-16 09:35:12,270.86,270.98,1,270.57,80,271.15,40,271.15,270.57,270.57,80,270.39,80,270.32,80,270.31,40,270.1,160,270.06,320,269.69,280,,,,,,,271.15,40,271.17,40,271.18,40,271.19,80,271.2,80,271.21,80,271.22,80,271.23,80,271.24,80,271.25,80
2026-01-16 09:35:13,270.86,270.98,1,270.57,80,271.15,40,271.15,270.57,270.57,80,270.39,80,270.32,80,270.31,40,270.1,160,270.06,320,269.69,280,,,,,,,271.15,40,271.17,40,271.18,40,271.19,80,271.2,80,271.21,80,271.22,80,271.23,80,271.24,80,271.25,80
2026-01-16 09:35:14,270.86,270.98,1,270.57,80,271.15,40,271.15,270.57,270.57,80,270.39,80,270.32,80,270.31,40,270.1,160,270.06,320,269.69,280,,,,,,,271.15,40,271.17,40,271.18,40,271.19,80,271.2,80,271.21,80,271.22,80,271.23,80,271.24,80,271.25,80
2026-01-16 09:35:15,270.855,270.98,1,270.57,80,271.14,40,271.14,270.57,270.57,80,270.39,80,270.32,80,270.31,40,270.1,160,270.06,320,269.69,280,,,,,,,271.14,40,271.15,80,271.17,40,271.18,40,271.19,80,271.2,80,271.21,80,271.22,80,271.23,80,271.24,80
2026-01-16 09:35:16,270.855,270.98,1,270.57,80,271.14,40,271.14,270.57,270.57,80,270.39,80,270.32,80,270.31,40,270.1,160,270.06,320,269.69,280,,,,,,,271.14,40,271.15,80,271.17,40,271.18,40,271.19,80,271.2,80,271.21,80,271.22,80,271.23,80,271.24,80
2026-01-16 09:35:17,270.855,270.98,1,270.57,80,271.14,40,271.14,270.57,270.57,80,270.39,80,270.32,80,270.31,40,270.1,160,270.06,320,269.69,280,,,,,,,271.14,40,271.15,80,271.17,40,271.18,40,271.19,80,271.2,80,271.21,80,271.22,80,271.23,80,271.24,80
2026-01-16 09:35:18,270.855,270.98,1,270.57,80,271.14,40,271.14,270.57,270.57,80,270.39,80,270.32,80,270.31,40,270.1,160,270.06,320,269.69,280,,,,,,,271.14,40,271.15,80,271.17,40,271.18,40,271.19,80,271.2,80,271.21,80,271.22,80,271.23,80,271.24,80
2026-01-16 09:35:19,270.855,270.98,1,270.57,80,271.14,40,271.14,270.57,270.57,80,270.39,80,270.32,80,270.31,40,270.1,160,270.06,320,269.69,280,,,,,,,271.14,40,271.15,80,271.17,40,271.18,40,271.19,80,271.2,80,271.21,80,271.22,80,271.23,80,271.24,80
2026-01-16 09:35:20,270.855,270.98,1,270.57,80,271.14,40,271.14,270.57,270.57,80,270.39,80,270.32,80,270.31,40,270.1,160,270.06,320,269.69,280,,,,,,,271.14,40,271.15,80,271.17,40,271.18,40,271.19,80,271.2,80,271.21,80,271.22,80,271.23,80,271.24,80
2026-01-16 09:35:21,270.855,270.98,1,270.57,80,271.14,40,271.14,270.57,270.57,80,270.39,80,270.32,80,270.31,40,270.1,160,270.06,320,269.69,280,,,,,,,271.14,40,271.15,80,271.17,40,271.18,40,271.19,80,271.2,80,271.21,80,271.22,80,271.23,80,271.24,80
2026-01-16 09:35:22,270.855,270.98,1,270.57,80,271.14,40,271.14,270.57,270.57,80,270.39,80,270.32,80,270.31,40,270.1,160,270.06,320,269.69,280,,,,,,,271.14,40,271.15,80,271.17,40,271.18,40,271.19,80,271.2,80,271.21,80,271.22,80,271.23,80,271.24,80
2026-01-16 09:35:23,270.855,270.61,1,270.57,80,271.14,40,271.14,270.57,270.57,80,270.39,80,270.32,80,270.31,40,270.1,160,270.06,320,269.69,280,,,,,,,271.14,40,271.15,80,271.17,40,271.18,40,271.19,80,271.2,80,271.21,80,271.22,80,271.23,80,271.24,80
2026-01-16 09:35:24,270.855,270.61,1,270.57,80,271.14,40,271.14,270.57,270.57,80,270.39,80,270.32,80,270.31,40,270.1,160,270.06,320,269.69,280,,,,,,,271.14,40,271.15,80,271.17,40,271.18,40,271.19,80,271.2,80,271.21,80,271.22,80,271.23,80,271.24,80
2026-01-16 09:35:25,270.86,270.61,1,270.58,40,271.14,40,271.14,270.58,270.58,40,270.57,80,270.39,80,270.32,80,270.31,40,270.1,160,270.06,320,269.69,280,,,,,271.14,40,271.15,80,271.17,40,271.18,40,271.19,80,271.2,80,271.21,80,271.22,80,271.23,80,271.24,80
2026-01-16 09:35:26,270.86,270.61,1,270.58,40,271.14,40,271.14,270.58,270.58,40,270.57,80,270.39,80,270.32,80,270.31,40,270.1,160,270.06,320,269.69,280,,,,,271.14,40,271.15,80,271.17,40,271.18,40,271.19,80,271.2,80,271.21,80,271.22,80,271.23,80,271.24,80
2026-01-16 09:35:27,270.86,270.61,1,270.58,40,271.14,40,271.14,270.58,270.58,40,270.57,80,270.39,80,270.32,80,270.31,40,270.1,160,270.06,320,269.69,280,,,,,271.14,40,271.15,80,271.17,40,271.18,40,271.19,80,271.2,80,271.21,80,271.22,80,271.23,80,271.24,80
2026-01-16 09:35:28,270.86,270.61,1,270.58,40,271.14,40,271.14,270.58,270.58,40,270.57,80,270.39,80,270.32,80,270.31,40,270.1,160,270.06,320,269.69,280,,,,,271.14,40,271.15,80,271.17,40,271.18,40,271.19,80,271.2,80,271.21,80,271.22,80,271.23,80,271.24,80
2026-01-16 09:35:29,270.86,270.61,1,270.58,40,271.14,40,271.14,270.58,270.58,40,270.57,80,270.39,80,270.32,80,270.31,40,270.1,160,270.06,320,269.69,280,,,,,271.14,40,271.15,80,271.17,40,271.18,40,271.19,80,271.2,80,271.21,80,271.22,80,271.23,80,271.24,80
2026-01-16 09:35:30,270.86,270.61,1,270.58,40,271.14,40,271.14,270.58,270.58,40,270.57,80,270.39,80,270.32,80,270.31,40,270.1,160,270.06,320,269.69,280,,,,,271.14,40,271.15,80,271.17,40,271.18,40,271.19,80,271.2,80,271.21,80,271.22,80,271.23,80,271.24,80
2026-01-16 09:35:31,270.86,270.61,1,270.58,40,271.14,40,271.14,270.58,270.58,40,270.57,80,270.39,80,270.32,80,270.31,40,270.1,160,270.06,320,269.69,280,,,,,271.14,40,271.15,80,271.17,40,271.18,40,271.19,80,271.2,80,271.21,80,271.22,80,271.23,80,271.24,80
2026-01-16 09:35:32,270.86,270.61,1,270.58,40,271.14,40,271.14,270.58,270.58,40,270.57,80,270.39,80,270.32,80,270.31,40,270.1,160,270.06,320,269.69,280,,,,,271.14,40,271.15,80,271.17,40,271.18,40,271.19,80,271.2,80,271.21,80,271.22,80,271.23,80,271.24,80
2026-01-16 09:35:33,270.86,270.61,1,270.58,40,271.14,40,271.14,270.58,270.58,40,270.57,80,270.39,80,270.32,80,270.31,40,270.1,160,270.06,320,269.69,280,,,,,271.14,40,271.15,80,271.17,40,271.18,40,271.19,80,271.2,80,271.21,80,271.22,80,271.23,80,271.24,80
2026-01-16 09:35:34,270.86,270.61,1,270.58,40,271.14,40,271.14,270.58,270.58,40,270.57,80,270.39,80,270.32,80,270.31,40,270.1,160,270.06,320,269.69,280,,,,,271.14,40,271.15,80,271.17,40,271.18,40,271.19,80,271.2,80,271.21,80,271.22,80,271.23,80,271.24,80
2026-01-16 09:35:35,270.86,270.61,1,270.58,40,271.14,40,271.14,270.58,270.58,40,270.57,80,270.39,80,270.32,80,270.31,40,270.1,160,270.06,320,269.69,280,,,,,271.14,40,271.15,80,271.17,40,271.18,40,271.19,80,271.2,80,271.21,80,271.22,80,271.23,80,271.24,80
2026-01-16 09:35:36,270.86,270.61,1,270.58,40,271.14,40,271.14,270.58,270.58,40,270.57,80,270.39,80,270.32,80,270.31,40,270.1,160,270.06,320,269.69,280,,,,,271.14,40,271.15,80,271.17,40,271.18,40,271.19,80,271.2,80,271.21,80,271.22,80,271.23,80,271.24,80
2026-01-16 09:35:37,270.86,270.61,1,270.58,40,271.14,40,271.14,270.58,270.58,40,270.57,80,270.39,80,270.32,80,270.31,40,270.1,160,270.06,320,269.69,280,,,,,271.14,40,271.15,80,271.17,40,271.18,40,271.19,80,271.2,80,271.21,80,271.22,80,271.23,80,271.24,80
2026-01-16 09:35:38,270.86,270.6,1,270.58,40,271.14,40,271.14,270.58,270.58,40,270.57,80,270.39,80,270.32,80,270.31,40,270.1,160,270.06,320,269.69,280,,,,,271.14,40,271.15,80,271.17,40,271.18,40,271.19,80,271.2,80,271.21,80,271.22,80,271.23,80,271.24,80
2026-01-16 09:35:39,270.86,270.6,1,270.58,40,271.14,40,271.14,270.58,270.58,40,270.57,80,270.39,80,270.32,80,270.31,40,270.1,160,270.06,320,269.69,280,,,,,271.14,40,271.15,80,271.17,40,271.18,40,271.19,80,271.2,80,271.21,80,271.22,80,271.23,80,271.24,80
2026-01-16 09:35:40,270.86,270.6,1,270.58,40,271.14,40,271.14,270.58,270.58,40,270.57,80,270.39,80,270.32,80,270.31,40,270.1,160,270.06,320,269.69,280,,,,,271.14,40,271.15,80,271.17,40,271.18,40,271.19,80,271.2,80,271.21,80,271.22,80,271.23,80,271.24,80
2026-01-16 09:35:41,270.86,270.6,1,270.58,40,271.14,40,271.14,270.58,270.58,40,270.57,80,270.39,80,270.32,80,270.31,40,270.1,160,270.06,320,269.69,280,,,,,271.14,40,271.15,80,271.17,40,271.18,40,271.19,80,271.2,80,271.21,80,271.22,80,271.23,80,271.24,80
2026-01-16 09:35:42,270.725,270.6,1,270.58,40,270.87,40,270.87,270.58,270.58,40,270.57,80,270.39,80,270.32,80,270.31,40,270.1,160,270.06,320,269.69,280,,,,,270.87,40,271.17,40,271.22,120,271.23,80,271.24,80,271.25,80,271.26,80,271.28,80,271.3,80,271.32,80
2026-01-16 09:35:43,270.725,270.6,1,270.58,40,270.87,40,270.87,270.58,270.58,40,270.57,80,270.39,80,270.32,80,270.31,40,270.1,160,270.06,320,269.69,280,,,,,270.87,40,271.17,40,271.22,120,271.23,80,271.24,80,271.25,80,271.26,80,271.28,80,271.3,80,271.32,80
2026-01-16 09:35:44,270.725,270.6,1,270.58,40,270.87,40,270.87,270.58,270.58,40,270.57,80,270.39,80,270.32,80,270.31,40,270.1,160,270.06,320,269.69,280,,,,,270.87,40,271.17,40,271.22,120,271.23,80,271.24,80,271.25,80,271.26,80,271.28,80,271.3,80,271.32,80
2026-01-16 09:35:45,270.725,270.6,1,270.58,40,270.87,40,270.87,270.58,270.58,40,270.57,80,270.39,80,270.32,80,270.31,40,270.1,160,270.06,320,269.69,280,,,,,270.87,40,271.17,40,271.22,120,271.23,80,271.24,80,271.25,80,271.26,80,271.28,80,271.3,80,271.32,80
2026-01-16 09:35:46,270.725,270.6,1,270.58,40,270.87,40,270.87,270.58,270.58,40,270.57,80,270.39,80,270.32,80,270.31,40,270.1,160,270.06,320,269.69,280,,,,,270.87,40,271.17,40,271.22,120,271.23,80,271.24,80,271.25,80,271.26,80,271.28,80,271.3,80,271.32,80
2026-01-16 09:35:47,270.725,270.6,1,270.58,40,270.87,40,270.87,270.58,270.58,40,270.57,80,270.39,80,270.32,80,270.31,40,270.1,160,270.06,320,269.69,280,,,,,270.87,40,271.17,40,271.22,120,271.23,80,271.24,80,271.25,80,271.26,80,271.28,80,271.3,80,271.32,80
2026-01-16 09:35:48,270.725,270.6,1,270.58,40,270.87,40,270.87,270.58,270.58,40,270.57,80,270.39,80,270.32,80,270.31,40,270.1,160,270.06,320,269.69,280,,,,,270.87,40,271.17,40,271.22,120,271.23,80,271.24,80,271.25,80,271.26,80,271.28,80,271.3,80,271.32,80
2026-01-16 09:35:49,270.725,270.6,1,270.58,40,270.87,40,270.87,270.58,270.58,40,270.57,80,270.39,80,270.32,80,270.31,40,270.1,160,270.06,320,269.69,280,,,,,270.87,40,271.17,40,271.22,120,271.23,80,271.24,80,271.25,80,271.26,80,271.28,80,271.3,80,271.32,80
2026-01-16 09:35:50,270.725,270.6,1,270.58,40,270.87,40,270.87,270.58,270.58,40,270.57,80,270.39,80,270.32,80,270.31,40,270.1,160,270.06,320,269.69,280,,,,,270.87,40,271.17,40,271.22,120,271.23,80,271.24,80,271.25,80,271.26,80,271.28,80,271.3,80,271.32,80
2026-01-16 09:35:51,270.725,270.6,1,270.58,40,270.87,40,270.87,270.58,270.58,40,270.57,80,270.39,80,270.32,80,270.31,40,270.1,160,270.06,320,269.69,280,,,,,270.87,40,271.17,40,271.22,120,271.23,80,271.24,80,271.25,80,271.26,80,271.28,80,271.3,80,271.32,80
2026-01-16 09:35:52,270.725,270.6,1,270.58,40,270.87,40,270.87,270.58,270.58,40,270.57,80,270.39,80,270.32,80,270.31,40,270.1,160,270.06,320,269.69,280,,,,,270.87,40,271.17,40,271.22,120,271.23,80,271.24,80,271.25,80,271.26,80,271.28,80,271.3,80,271.32,80
2026-01-16 09:35:53,270.725,270.6,1,270.58,40,270.87,40,270.87,270.58,270.58,40,270.57,80,270.39,80,270.32,80,270.31,40,270.1,160,270.06,320,269.69,280,,,,,270.87,40,271.17,40,271.22,120,271.23,80,271.24,80,271.25,80,271.26,80,271.28,80,271.3,80,271.32,80
2026-01-16 09:35:54,270.725,270.6,1,270.58,40,270.87,40,270.87,270.58,270.58,40,270.57,80,270.39,80,270.32,80,270.31,40,270.1,160,270.06,320,269.69,280,,,,,270.87,40,271.17,40,271.22,120,271.23,80,271.24,80,271.25,80,271.26,80,271.28,80,271.3,80,271.32,80
2026-01-16 09:35:55,270.725,270.6,1,270.58,40,270.87,40,270.87,270.58,270.58,40,270.57,80,270.39,80,270.32,80,270.31,40,270.1,160,270.06,320,269.69,280,,,,,270.87,40,271.17,40,271.22,120,271.23,80,271.24,80,271.25,80,271.26,80,271.28,80,271.3,80,271.32,80
2026-01-16 09:35:56,270.725,270.6,1,270.58,40,270.87,40,270.87,270.58,270.58,40,270.57,80,270.39,80,270.32,80,270.31,40,270.1,160,270.06,320,269.69,280,,,,,270.87,40,271.17,40,271.22,120,271.23,80,271.24,80,271.25,80,271.26,80,271.28,80,271.3,80,271.32,80
2026-01-16 09:35:57,270.725,270.6,1,270.58,40,270.87,40,270.87,270.58,270.58,40,270.57,80,270.39,80,270.32,80,270.31,40,270.1,160,270.06,320,269.69,280,,,,,270.87,40,271.17,40,271.22,120,271.23,80,271.24,80,271.25,80,271.26,80,271.28,80,271.3,80,271.32,80
2026-01-16 09:35:58,270.725,270.6,1,270.58,40,270.87,40,270.87,270.58,270.58,40,270.57,80,270.39,80,270.32,80,270.31,40,270.1,160,270.06,320,269.69,280,,,,,270.87,40,271.17,40,271.22,120,271.23,80,271.24,80,271.25,80,271.26,80,271.28,80,271.3,80,271.32,80
2026-01-16 09:35:59,270.725,270.6,1,270.58,40,270.87,40,270.87,270.58,270.58,40,270.57,80,270.39,80,270.32,80,270.31,40,270.1,160,270.06,320,269.69,280,,,,,270.87,40,271.17,40,271.22,120,271.23,80,271.24,80,271.25,80,271.26,80,271.28,80,271.3,80,271.32,80
2026-01-16 09:36:00,270.725,270.6,1,270.58,40,270.87,40,270.87,270.58,270.58,40,270.57,80,270.39,80,270.32,80,270.31,40,270.1,160,270.06,320,269.69,280,,,,,270.87,40,271.17,40,271.22,120,271.23,80,271.24,80,271.25,80,271.26,80,271.28,80,271.3,80,271.32,80
2026-01-16 09:36:01,270.725,270.6,1,270.58,40,270.87,40,270.87,270.58,270.58,40,270.57,80,270.39,80,270.32,80,270.31,40,270.1,160,270.06,320,269.69,280,,,,,270.87,40,271.17,40,271.22,120,271.23,80,271.24,80,271.25,80,271.26,80,271.28,80,271.3,80,271.32,80
2026-01-16 09:36:02,270.725,270.6,1,270.58,40,270.87,40,270.87,270.58,270.58,40,270.57,80,270.39,80,270.32,80,270.31,40,270.1,160,270.06,320,269.69,280,,,,,270.87,40,271.17,40,271.22,120,271.23,80,271.24,80,271.25,80,271.26,80,271.28,80,271.3,80,271.32,80
2026-01-16 09:36:03,270.725,270.6,1,270.58,40,270.87,40,270.87,270.58,270.58,40,270.57,80,270.39,80,270.32,80,270.31,40,270.1,160,270.06,320,269.69,280,,,,,270.87,40,271.17,40,271.22,120,271.23,80,271.24,80,271.25,80,271.26,80,271.28,80,271.3,80,271.32,80
2026-01-16 09:36:04,270.725,270.6,1,270.58,40,270.87,40,270.87,270.58,270.58,40,270.57,80,270.39,80,270.32,80,270.31,40,270.1,160,270.06,320,269.69,280,,,,,270.87,40,271.17,40,271.22,120,271.23,80,271.24,80,271.25,80,271.26,80,271.28,80,271.3,80,271.32,80
2026-01-16 09:36:05,270.725,270.6,1,270.58,40,270.87,40,270.87,270.58,270.58,40,270.57,80,270.39,80,270.32,80,270.31,40,270.1,160,270.06,320,269.69,280,,,,,270.87,40,271.17,40,271.22,120,271.23,80,271.24,80,271.25,80,271.26,80,271.28,80,271.3,80,271.32,80
2026-01-16 09:36:06,270.725,270.6,1,270.58,40,270.87,40,270.87,270.58,270.58,40,270.57,80,270.39,80,270.32,80,270.31,40,270.1,160,270.06,320,269.69,280,,,,,270.87,40,271.17,40,271.22,120,271.23,80,271.24,80,271.25,80,271.26,80,271.28,80,271.3,80,271.32,80
2026-01-16 09:36:07,270.725,270.6,1,270.58,40,270.87,40,270.87,270.58,270.58,40,270.57,80,270.39,80,270.32,80,270.31,40,270.1,160,270.06,320,269.69,280,,,,,270.87,40,271.17,40,271.22,120,271.23,80,271.24,80,271.25,80,271.26,80,271.28,80,271.3,80,271.32,80
2026-01-16 09:36:08,270.725,270.6,1,270.58,40,270.87,40,270.87,270.58,270.58,40,270.57,80,270.39,80,270.32,80,270.31,40,270.1,160,270.06,320,269.69,280,,,,,270.87,40,271.17,40,271.22,120,271.23,80,271.24,80,271.25,80,271.26,80,271.28,80,271.3,80,271.32,80
2026-01-16 09:36:09,270.725,270.6,1,270.58,40,270.87,40,270.87,270.58,270.58,40,270.57,80,270.39,80,270.32,80,270.31,40,270.1,160,270.06,320,269.69,280,,,,,270.87,40,271.17,40,271.22,120,271.23,80,271.24,80,271.25,80,271.26,80,271.28,80,271.3,80,271.32,80
2026-01-16 09:36:10,270.725,270.6,1,270.58,40,270.87,40,270.87,270.58,270.58,40,270.57,80,270.39,80,270.32,80,270.31,40,270.1,160,270.06,320,269.69,280,,,,,270.87,40,271.17,40,271.22,120,271.23,80,271.24,80,271.25,80,271.26,80,271.28,80,271.3,80,271.32,80
2026-01-16 09:36:11,270.725,270.6,1,270.58,40,270.87,40,270.87,270.58,270.58,40,270.57,80,270.39,80,270.32,80,270.31,40,270.1,160,270.06,320,269.69,280,,,,,270.87,40,271.17,40,271.22,120,271.23,80,271.24,80,271.25,80,271.26,80,271.28,80,271.3,80,271.32,80
2026-01-16 09:36:12,270.725,270.6,1,270.58,80,270.87,80,270.87,270.58,270.58,80,270.57,80,270.39,80,270.32,80,270.31,40,270.1,160,270.06,320,269.69,280,,,,,270.87,80,271.17,40,271.22,120,271.23,80,271.24,80,271.25,80,271.26,80,271.28,80,271.3,80,271.32,80
2026-01-16 09:36:13,270.725,270.6,1,270.58,80,270.87,80,270.87,270.58,270.58,80,270.57,80,270.39,80,270.32,80,270.31,40,270.1,160,270.06,320,269.69,280,,,,,270.87,80,271.17,40,271.22,120,271.23,80,271.24,80,271.25,80,271.26,80,271.28,80,271.3,80,271.32,80
2026-01-16 09:36:14,270.725,270.6,1,270.58,80,270.87,80,270.87,270.58,270.58,80,270.57,80,270.39,80,270.32,80,270.31,40,270.1,160,270.06,320,269.69,280,,,,,270.87,80,271.17,40,271.22,120,271.23,80,271.24,80,271.25,80,271.26,80,271.28,80,271.3,80,271.32,80
2026-01-16 09:36:15,270.725,270.6,1,270.58,80,270.87,80,270.87,270.58,270.58,80,270.57,80,270.39,80,270.32,80,270.31,40,270.1,160,270.06,320,269.69,280,,,,,270.87,80,271.17,40,271.22,120,271.23,80,271.24,80,271.25,80,271.26,80,271.28,80,271.3,80,271.32,80
2026-01-16 09:36:16,270.725,270.6,1,270.58,80,270.87,80,270.87,270.58,270.58,80,270.57,80,270.39,80,270.32,80,270.31,40,270.1,160,270.06,320,269.69,280,,,,,270.87,80,271.17,40,271.22,120,271.23,80,271.24,80,271.25,80,271.26,80,271.28,80,271.3,80,271.32,80
2026-01-16 09:36:17,270.725,270.6,1,270.58,80,270.87,80,270.87,270.58,270.58,80,270.57,80,270.39,80,270.32,80,270.31,40,270.1,160,270.06,320,269.69,280,,,,,270.87,80,271.17,40,271.22,120,271.23,80,271.24,80,271.25,80,271.26,80,271.28,80,271.3,80,271.32,80
2026-01-16 09:36:18,270.725,270.6,1,270.58,80,270.87,80,270.87,270.58,270.58,80,270.57,80,270.39,80,270.32,80,270.31,40,270.1,160,270.06,320,269.69,280,,,,,270.87,80,271.17,40,271.22,120,271.23,80,271.24,80,271.25,80,271.26,80,271.28,80,271.3,80,271.32,80
2026-01-16 09:36:19,270.88,270.87,1,270.59,160,271.17,40,271.17,270.59,270.59,160,270.58,80,270.57,80,270.39,80,270.32,80,270.31,40,270.1,160,270.06,320,269.69,280,,,271.17,40,271.21,80,271.22,120,271.23,80,271.24,80,271.25,80,271.26,80,271.28,80,271.3,80,271.32,80
2026-01-16 09:36:20,270.88,270.87,1,270.59,160,271.17,40,271.17,270.59,270.59,160,270.58,80,270.57,80,270.39,80,270.32,80,270.31,40,270.1,160,270.06,320,269.69,280,,,271.17,40,271.21,80,271.22,120,271.23,80,271.24,80,271.25,80,271.26,80,271.28,80,271.3,80,271.32,80
2026-01-16 09:36:21,270.88,270.87,1,270.59,160,271.17,40,271.17,270.59,270.59,160,270.58,80,270.57,80,270.39,80,270.32,80,270.31,40,270.1,160,270.06,320,269.69,280,,,271.17,40,271.21,80,271.22,120,271.23,80,271.24,80,271.25,80,271.26,80,271.28,80,271.3,80,271.32,80
2026-01-16 09:36:22,270.88,270.87,1,270.59,160,271.17,40,271.17,270.59,270.59,160,270.58,80,270.57,80,270.39,80,270.32,80,270.31,40,270.1,160,270.06,320,269.69,280,,,271.17,40,271.21,80,271.22,120,271.23,80,271.24,80,271.25,80,271.26,80,271.28,80,271.3,80,271.32,80
2026-01-16 09:36:23,270.88,270.87,1,270.59,160,271.17,40,271.17,270.59,270.59,160,270.58,80,270.57,80,270.39,80,270.32,80,270.31,40,270.1,160,270.06,320,269.69,280,,,271.17,40,271.21,80,271.22,120,271.23,80,271.24,80,271.25,80,271.26,80,271.28,80,271.3,80,271.32,80
2026-01-16 09:36:25,270.965,270.87,1,270.76,40,271.17,40,271.17,270.76,270.76,40,270.75,40,270.59,160,270.58,80,270.57,80,270.39,80,270.32,80,270.31,40,270.1,160,270.06,320,271.17,40,271.21,80,271.22,120,271.23,80,271.24,80,271.25,80,271.26,80,271.28,80,271.3,80,271.32,80
2026-01-16 09:36:26,270.965,270.87,1,270.76,40,271.17,40,271.17,270.76,270.76,40,270.75,40,270.59,160,270.58,80,270.57,80,270.39,80,270.32,80,270.31,40,270.1,160,270.06,320,271.17,40,271.21,80,271.22,120,271.23,80,271.24,80,271.25,80,271.26,80,271.28,80,271.3,80,271.32,80
2026-01-16 09:36:27,270.965,270.87,1,270.76,40,271.17,40,271.17,270.76,270.76,40,270.75,40,270.59,160,270.58,80,270.57,80,270.39,80,270.32,80,270.31,40,270.1,160,270.06,320,271.17,40,271.21,80,271.22,120,271.23,80,271.24,80,271.25,80,271.26,80,271.28,80,271.3,80,271.32,80
2026-01-16 09:36:28,270.97,270.87,1,270.77,80,271.17,40,271.17,270.77,270.77,80,270.76,40,270.75,40,270.59,160,270.58,80,270.57,80,270.39,80,270.32,80,270.31,40,270.1,160,271.17,40,271.21,80,271.22,120,271.23,80,271.24,80,271.25,80,271.26,80,271.28,80,271.3,80,271.32,80
2026-01-16 09:36:29,270.97,270.87,1,270.77,80,271.17,40,271.17,270.77,270.77,80,270.76,40,270.75,40,270.59,160,270.58,80,270.57,80,270.39,80,270.32,80,270.31,40,270.1,160,271.17,40,271.21,80,271.22,120,271.23,80,271.24,80,271.25,80,271.26,80,271.28,80,271.3,80,271.32,80
2026-01-16 09:36:30,270.97,270.87,1,270.77,80,271.17,40,271.17,270.77,270.77,80,270.76,40,270.75,40,270.59,160,270.58,80,270.57,80,270.39,80,270.32,80,270.31,40,270.1,160,271.17,40,271.21,80,271.22,120,271.23,80,271.24,80,271.25,80,271.26,80,271.28,80,271.3,80,271.32,80
2026-01-16 09:36:31,270.97,270.87,1,270.77,80,271.17,40,271.17,270.77,270.77,80,270.76,40,270.75,40,270.59,160,270.58,80,270.57,80,270.39,80,270.32,80,270.31,40,270.1,160,271.17,40,271.21,80,271.22,120,271.23,80,271.24,80,271.25,80,271.26,80,271.28,80,271.3,80,271.32,80
2026-01-16 09:36:32,270.97,270.87,1,270.77,80,271.17,40,271.17,270.77,270.77,80,270.76,40,270.75,40,270.59,160,270.58,80,270.57,80,270.39,80,270.32,80,270.31,40,270.1,160,271.17,40,271.21,80,271.22,120,271.23,80,271.24,80,271.25,80,271.26,80,271.28,80,271.3,80,271.32,80
2026-01-16 09:36:33,270.975,270.87,1,270.78,80,271.17,40,271.17,270.78,270.78,80,270.77,80,270.76,40,270.75,40,270.59,160,270.58,80,270.57,80,270.39,80,270.32,80,270.31,40,271.17,40,271.21,80,271.22,120,271.23,80,271.24,80,271.25,80,271.26,80,271.28,80,271.3,80,271.32,80
2026-01-16 09:36:34,270.975,270.87,1,270.78,80,271.17,40,271.17,270.78,270.78,80,270.77,80,270.76,40,270.75,40,270.59,160,270.58,80,270.57,80,270.39,80,270.32,80,270.31,40,271.17,40,271.21,80,271.22,120,271.23,80,271.24,80,271.25,80,271.26,80,271.28,80,271.3,80,271.32,80
2026-01-16 09:36:35,270.975,270.87,1,270.78,80,271.17,40,271.17,270.78,270.78,80,270.77,80,270.76,40,270.75,40,270.59,160,270.58,80,270.57,80,270.39,80,270.32,80,270.31,40,271.17,40,271.21,80,271.22,120,271.23,80,271.24,80,271.25,80,271.26,80,271.28,80,271.3,80,271.32,80
2026-01-16 09:36:36,271.0,270.87,1,270.78,80,271.22,200,271.22,270.78,270.78,80,270.77,80,270.76,40,270.75,40,270.59,160,270.58,80,270.57,80,270.39,80,270.32,80,270.31,40,271.22,200,271.23,80,271.24,80,271.25,80,271.26,80,271.28,80,271.3,80,271.32,80,271.33,80,271.34,80
2026-01-16 09:36:37,271.0,270.87,1,270.78,80,271.22,200,271.22,270.78,270.78,80,270.77,80,270.76,40,270.75,40,270.59,160,270.58,80,270.57,80,270.39,80,270.32,80,270.31,40,271.22,200,271.23,80,271.24,80,271.25,80,271.26,80,271.28,80,271.3,80,271.32,80,271.33,80,271.34,80
2026-01-16 09:36:38,270.98,270.87,1,270.78,160,271.18,40,271.18,270.78,270.78,160,270.77,80,270.76,40,270.75,40,270.59,160,270.58,80,270.57,80,270.39,80,270.32,80,270.31,40,271.18,40,271.22,200,271.23,80,271.24,80,271.25,80,271.26,80,271.28,80,271.3,80,271.32,80,271.33,80
2026-01-16 09:36:39,270.98,270.87,1,270.78,160,271.18,40,271.18,270.78,270.78,160,270.77,80,270.76,40,270.75,40,270.59,160,270.58,80,270.57,80,270.39,80,270.32,80,270.31,40,271.18,40,271.22,200,271.23,80,271.24,80,271.25,80,271.26,80,271.28,80,271.3,80,271.32,80,271.33,80
2026-01-16 09:36:40,270.98,270.87,1,270.78,160,271.18,40,271.18,270.78,270.78,160,270.77,80,270.76,40,270.75,40,270.59,160,270.58,80,270.57,80,270.39,80,270.32,80,270.31,40,271.18,40,271.22,200,271.23,80,271.24,80,271.25,80,271.26,80,271.28,80,271.3,80,271.32,80,271.33,80
2026-01-16 09:36:41,270.98,270.87,1,270.78,200,271.18,40,271.18,270.78,270.78,200,270.77,80,270.76,40,270.75,40,270.59,160,270.58,80,270.57,80,270.39,80,270.32,80,270.31,40,271.18,40,271.22,200,271.23,80,271.24,80,271.25,80,271.26,80,271.28,80,271.3,80,271.32,80,271.33,80
2026-01-16 09:36:42,270.98,270.87,1,270.78,200,271.18,40,271.18,270.78,270.78,200,270.77,80,270.76,40,270.75,40,270.59,160,270.58,80,270.57,80,270.39,80,270.32,80,270.31,40,271.18,40,271.22,200,271.23,80,271.24,80,271.25,80,271.26,80,271.28,80,271.3,80,271.32,80,271.33,80
2026-01-16 09:36:43,270.98,270.87,1,270.78,200,271.18,40,271.18,270.78,270.78,200,270.77,80,270.76,40,270.75,40,270.59,160,270.58,80,270.57,80,270.39,80,270.32,80,270.31,40,271.18,40,271.22,200,271.23,80,271.24,80,271.25,80,271.26,80,271.28,80,271.3,80,271.32,80,271.33,80
2026-01-16 09:36:44,270.98,270.87,1,270.78,200,271.18,40,271.18,270.78,270.78,200,270.77,80,270.76,40,270.75,40,270.59,160,270.58,80,270.57,80,270.39,80,270.32,80,270.31,40,271.18,40,271.22,200,271.23,80,271.24,80,271.25,80,271.26,80,271.28,80,271.3,80,271.32,80,271.33,80
2026-01-16 09:36:45,270.98,270.87,1,270.78,200,271.18,40,271.18,270.78,270.78,200,270.77,80,270.76,40,270.75,40,270.59,160,270.58,80,270.57,80,270.39,80,270.32,80,270.31,40,271.18,40,271.22,200,271.23,80,271.24,80,271.25,80,271.26,80,271.28,80,271.3,80,271.32,80,271.33,80
2026-01-16 09:36:46,270.98,270.87,1,270.78,200,271.18,40,271.18,270.78,270.78,200,270.77,80,270.76,40,270.75,40,270.59,160,270.58,80,270.57,80,270.39,80,270.32,80,270.31,40,271.18,40,271.22,200,271.23,80,271.24,80,271.25,80,271.26,80,271.28,80,271.3,80,271.32,80,271.33,80
2026-01-16 09:36:47,270.98,270.87,1,270.78,200,271.18,40,271.18,270.78,270.78,200,270.77,80,270.76,40,270.75,40,270.59,160,270.58,80,270.57,80,270.39,80,270.32,80,270.31,40,271.18,40,271.22,200,271.23,80,271.24,80,271.25,80,271.26,80,271.28,80,271.3,80,271.32,80,271.33,80
2026-01-16 09:36:48,270.98,270.87,1,270.78,200,271.18,40,271.18,270.78,270.78,200,270.77,80,270.76,40,270.75,40,270.59,160,270.58,80,270.57,80,270.39,80,270.32,80,270.31,40,271.18,40,271.22,200,271.23,80,271.24,80,271.25,80,271.26,80,271.28,80,271.3,80,271.32,80,271.33,80
2026-01-16 09:36:49,270.98,270.87,1,270.78,200,271.18,40,271.18,270.78,270.78,200,270.77,80,270.76,40,270.75,40,270.59,160,270.58,80,270.57,80,270.39,80,270.32,80,270.31,40,271.18,40,271.22,200,271.23,80,271.24,80,271.25,80,271.26,80,271.28,80,271.3,80,271.32,80,271.33,80
2026-01-16 09:36:50,270.98,270.87,1,270.78,200,271.18,40,271.18,270.78,270.78,200,270.77,80,270.76,40,270.75,40,270.59,160,270.58,80,270.57,80,270.39,80,270.32,80,270.31,40,271.18,40,271.22,200,271.23,80,271.24,80,271.25,80,271.26,80,271.28,80,271.3,80,271.32,80,271.33,80
2026-01-16 09:36:51,270.98,270.87,1,270.78,200,271.18,40,271.18,270.78,270.78,200,270.77,80,270.76,40,270.75,40,270.59,160,270.58,80,270.57,80,270.39,80,270.32,80,270.31,40,271.18,40,271.22,200,271.23,80,271.24,80,271.25,80,271.26,80,271.28,80,271.3,80,271.32,80,271.33,80
2026-01-16 09:36:52,270.98,270.87,1,270.78,200,271.18,40,271.18,270.78,270.78,200,270.77,80,270.76,40,270.75,40,270.59,160,270.58,80,270.57,80,270.39,80,270.32,80,270.31,40,271.18,40,271.22,200,271.23,80,271.24,80,271.25,80,271.26,80,271.28,80,271.3,80,271.32,80,271.33,80
2026-01-16 09:36:53,270.98,270.87,1,270.78,200,271.18,40,271.18,270.78,270.78,200,270.77,80,270.76,40,270.75,40,270.59,160,270.58,80,270.57,80,270.39,80,270.32,80,270.31,40,271.18,40,271.22,200,271.23,80,271.24,80,271.25,80,271.26,80,271.28,80,271.3,80,271.32,80,271.33,80
2026-01-16 09:36:54,270.98,270.87,1,270.78,200,271.18,40,271.18,270.78,270.78,200,270.77,80,270.76,40,270.75,40,270.59,160,270.58,80,270.57,80,270.39,80,270.32,80,270.31,40,271.18,40,271.22,200,271.23,80,271.24,80,271.25,80,271.26,80,271.28,80,271.3,80,271.32,80,271.33,80
2026-01-16 09:36:55,270.98,270.87,1,270.78,200,271.18,40,271.18,270.78,270.78,200,270.77,80,270.76,40,270.75,40,270.59,160,270.58,80,270.57,80,270.39,80,270.32,80,270.31,40,271.18,40,271.22,200,271.23,80,271.24,80,271.25,80,271.26,80,271.28,80,271.3,80,271.32,80,271.33,80
2026-01-16 09:36:56,270.985,270.87,1,270.79,200,271.18,40,271.18,270.79,270.79,200,270.78,200,270.77,80,270.76,40,270.75,40,270.59,160,270.58,80,270.57,80,270.39,80,270.32,80,271.18,40,271.22,200,271.23,80,271.24,80,271.25,80,271.26,80,271.28,80,271.3,80,271.32,80,271.33,80
2026-01-16 09:36:57,270.985,270.87,1,270.79,200,271.18,40,271.18,270.79,270.79,200,270.78,200,270.77,80,270.76,40,270.75,40,270.59,160,270.58,80,270.57,80,270.39,80,270.32,80,271.18,40,271.22,200,271.23,80,271.24,80,271.25,80,271.26,80,271.28,80,271.3,80,271.32,80,271.33,80
2026-01-16 09:36:58,270.985,270.87,1,270.79,200,271.18,40,271.18,270.79,270.79,200,270.78,200,270.77,80,270.76,40,270.75,40,270.59,160,270.58,80,270.57,80,270.39,80,270.32,80,271.18,40,271.22,200,271.23,80,271.24,80,271.25,80,271.26,80,271.28,80,271.3,80,271.32,80,271.33,80
2026-01-16 09:36:59,270.985,270.87,1,270.79,200,271.18,40,271.18,270.79,270.79,200,270.78,200,270.77,80,270.76,40,270.75,40,270.59,160,270.58,80,270.57,80,270.39,80,270.32,80,271.18,40,271.22,200,271.23,80,271.24,80,271.25,80,271.26,80,271.28,80,271.3,80,271.32,80,271.33,80
2026-01-16 09:37:00,270.985,270.87,1,270.79,200,271.18,40,271.18,270.79,270.79,200,270.78,200,270.77,80,270.76,40,270.75,40,270.59,160,270.58,80,270.57,80,270.39,80,270.32,80,271.18,40,271.22,200,271.23,80,271.24,80,271.25,80,271.26,80,271.28,80,271.3,80,271.32,80,271.33,80
2026-01-16 09:37:01,270.99,270.87,1,270.8,40,271.18,40,271.18,270.8,270.8,40,270.79,200,270.78,200,270.77,80,270.76,40,270.75,40,270.59,160,270.58,80,270.57,80,270.39,80,271.18,40,271.22,200,271.23,80,271.24,80,271.25,80,271.26,80,271.28,80,271.3,80,271.32,80,271.33,80
2026-01-16 09:37:02,270.99,270.87,1,270.8,40,271.18,40,271.18,270.8,270.8,40,270.79,200,270.78,200,270.77,80,270.76,40,270.75,40,270.59,160,270.58,80,270.57,80,270.39,80,271.18,40,271.22,200,271.23,80,271.24,80,271.25,80,271.26,80,271.28,80,271.3,80,271.32,80,271.33,80
2026-01-16 09:37:03,270.99,270.87,1,270.8,40,271.18,40,271.18,270.8,270.8,40,270.79,200,270.78,200,270.77,80,270.76,40,270.75,40,270.59,160,270.58,80,270.57,80,270.39,80,271.18,40,271.22,200,271.23,80,271.24,80,271.25,80,271.26,80,271.28,80,271.3,80,271.32,80,271.33,80
2026-01-16 09:37:04,270.99,270.87,1,270.8,40,271.18,40,271.18,270.8,270.8,40,270.79,200,270.78,200,270.77,80,270.76,40,270.75,40,270.59,160,270.58,80,270.57,80,270.39,80,271.18,40,271.22,200,271.23,80,271.24,80,271.25,80,271.26,80,271.28,80,271.3,80,271.32,80,271.33,80
2026-01-16 09:37:05,270.99,270.87,1,270.8,40,271.18,40,271.18,270.8,270.8,40,270.79,200,270.78,200,270.77,80,270.76,40,270.75,40,270.59,160,270.58,80,270.57,80,270.39,80,271.18,40,271.22,200,271.23,80,271.24,80,271.25,80,271.26,80,271.28,80,271.3,80,271.32,80,271.33,80
2026-01-16 09:37:06,270.99,270.87,1,270.8,40,271.18,40,271.18,270.8,270.8,40,270.79,200,270.78,200,270.77,80,270.76,40,270.75,40,270.59,160,270.58,80,270.57,80,270.39,80,271.18,40,271.22,200,271.23,80,271.24,80,271.25,80,271.26,80,271.28,80,271.3,80,271.32,80,271.33,80
2026-01-16 09:37:07,270.99,270.87,1,270.8,80,271.18,40,271.18,270.8,270.8,80,270.79,200,270.78,200,270.77,80,270.76,40,270.75,40,270.59,160,270.58,80,270.57,80,270.39,80,271.18,40,271.22,200,271.23,80,271.24,80,271.25,80,271.26,80,271.28,80,271.3,80,271.32,80,271.33,80
2026-01-16 09:37:08,270.99,270.87,1,270.8,80,271.18,40,271.18,270.8,270.8,80,270.79,200,270.78,200,270.77,80,270.76,40,270.75,40,270.59,160,270.58,80,270.57,80,270.39,80,271.18,40,271.22,200,271.23,80,271.24,80,271.25,80,271.26,80,271.28,80,271.3,80,271.32,80,271.33,80
2026-01-16 09:37:09,270.99,270.87,1,270.8,80,271.18,40,271.18,270.8,270.8,80,270.79,200,270.78,200,270.77,80,270.76,40,270.75,40,270.59,160,270.58,80,270.57,80,270.39,80,271.18,40,271.22,200,271.23,80,271.24,80,271.25,80,271.26,80,271.28,80,271.3,80,271.32,80,271.33,80
2026-01-16 09:37:10,270.99,270.87,1,270.8,80,271.18,40,271.18,270.8,270.8,80,270.79,200,270.78,200,270.77,80,270.76,40,270.75,40,270.59,160,270.58,80,270.57,80,270.39,80,271.18,40,271.22,200,271.23,80,271.24,80,271.25,80,271.26,80,271.28,80,271.3,80,271.32,80,271.33,80
2026-01-16 09:37:11,270.99,270.87,1,270.8,80,271.18,40,271.18,270.8,270.8,80,270.79,200,270.78,200,270.77,80,270.76,40,270.75,40,270.59,160,270.58,80,270.57,80,270.39,80,271.18,40,271.22,200,271.23,80,271.24,80,271.25,80,271.26,80,271.28,80,271.3,80,271.32,80,271.33,80
2026-01-16 09:37:12,270.99,270.87,1,270.8,80,271.18,40,271.18,270.8,270.8,80,270.79,200,270.78,200,270.77,80,270.76,40,270.75,40,270.59,160,270.58,80,270.57,80,270.39,80,271.18,40,271.22,200,271.23,80,271.24,80,271.25,80,271.26,80,271.28,80,271.3,80,271.32,80,271.33,80
2026-01-16 09:37:13,270.99,270.96,4,270.8,80,271.18,40,271.18,270.8,270.8,80,270.79,200,270.78,200,270.77,80,270.76,40,270.75,40,270.59,160,270.58,80,270.57,80,270.39,80,271.18,40,271.22,200,271.23,80,271.24,80,271.25,80,271.26,80,271.28,80,271.3,80,271.32,80,271.33,80
2026-01-16 09:37:14,271.085,270.96,4,270.99,40,271.18,80,271.18,270.99,270.99,40,270.8,160,270.79,200,270.78,200,270.77,80,270.76,40,270.75,40,270.59,160,270.58,80,270.57,80,271.18,80,271.22,200,271.23,80,271.24,80,271.25,80,271.26,80,271.28,80,271.3,80,271.32,80,271.33,80
2026-01-16 09:37:15,271.085,270.96,4,270.99,40,271.18,80,271.18,270.99,270.99,40,270.8,160,270.79,200,270.78,200,270.77,80,270.76,40,270.75,40,270.59,160,270.58,80,270.57,80,271.18,80,271.22,200,271.23,80,271.24,80,271.25,80,271.26,80,271.28,80,271.3,80,271.32,80,271.33,80
2026-01-16 09:37:16,271.085,270.96,4,270.99,40,271.18,80,271.18,270.99,270.99,40,270.8,160,270.79,200,270.78,200,270.77,80,270.76,40,270.75,40,270.59,160,270.58,80,270.57,80,271.18,80,271.22,200,271.23,80,271.24,80,271.25,80,271.26,80,271.28,80,271.3,80,271.32,80,271.33,80
2026-01-16 09:37:17,271.085,270.96,4,270.99,40,271.18,80,271.18,270.99,270.99,40,270.8,160,270.79,200,270.78,200,270.77,80,270.76,40,270.75,40,270.59,160,270.58,80,270.57,80,271.18,80,271.22,200,271.23,80,271.24,80,271.25,80,271.26,80,271.28,80,271.3,80,271.32,80,271.33,80
2026-01-16 09:37:18,271.085,270.96,4,270.99,120,271.18,80,271.18,270.99,270.99,120,270.8,160,270.79,200,270.78,200,270.77,80,270.76,40,270.75,40,270.59,160,270.58,80,270.57,80,271.18,80,271.22,200,271.23,80,271.24,80,271.25,80,271.26,80,271.28,80,271.3,80,271.32,80,271.33,80
2026-01-16 09:37:19,271.085,270.96,4,270.99,120,271.18,80,271.18,270.99,270.99,120,270.8,160,270.79,200,270.78,200,270.77,80,270.76,40,270.75,40,270.59,160,270.58,80,270.57,80,271.18,80,271.22,200,271.23,80,271.24,80,271.25,80,271.26,80,271.28,80,271.3,80,271.32,80,271.33,80
2026-01-16 09:37:20,270.99,270.96,4,270.8,160,271.18,80,271.18,270.8,270.8,160,270.79,200,270.78,200,270.77,80,270.76,40,270.75,40,270.59,160,270.58,80,270.57,80,270.39,80,271.18,80,271.22,200,271.23,80,271.24,80,271.25,80,271.26,80,271.28,80,271.3,80,271.32,80,271.33,80
2026-01-16 09:37:21,270.99,270.96,4,270.8,160,271.18,80,271.18,270.8,270.8,160,270.79,200,270.78,200,270.77,80,270.76,40,270.75,40,270.59,160,270.58,80,270.57,80,270.39,80,271.18,80,271.22,200,271.23,80,271.24,80,271.25,80,271.26,80,271.28,80,271.3,80,271.32,80,271.33,80
2026-01-16 09:37:22,270.99,270.96,4,270.8,160,271.18,80,271.18,270.8,270.8,160,270.79,200,270.78,200,270.77,80,270.76,40,270.75,40,270.59,160,270.58,80,270.57,80,270.39,80,271.18,80,271.22,200,271.23,80,271.24,80,271.25,80,271.26,80,271.28,80,271.3,80,271.32,80,271.33,80
2026-01-16 09:37:23,270.99,270.96,4,270.8,160,271.18,80,271.18,270.8,270.8,160,270.79,200,270.78,200,270.77,80,270.76,40,270.75,40,270.59,160,270.58,80,270.57,80,270.39,80,271.18,80,271.22,200,271.23,80,271.24,80,271.25,80,271.26,80,271.28,80,271.3,80,271.32,80,271.33,80
2026-01-16 09:37:24,270.99,270.96,4,270.8,160,271.18,80,271.18,270.8,270.8,160,270.79,200,270.78,200,270.77,80,270.76,40,270.75,40,270.59,160,270.58,80,270.57,80,270.39,80,271.18,80,271.22,200,271.23,80,271.24,80,271.25,80,271.26,80,271.28,80,271.3,80,271.32,80,271.33,80
2026-01-16 09:37:25,270.995,270.96,4,270.81,80,271.18,80,271.18,270.81,270.81,80,270.8,160,270.79,200,270.78,200,270.77,80,270.76,40,270.75,40,270.59,160,270.58,80,270.57,80,271.18,80,271.22,200,271.23,80,271.24,80,271.25,80,271.26,80,271.28,80,271.3,80,271.32,80,271.33,80
2026-01-16 09:37:26,270.995,270.96,4,270.81,80,271.18,80,271.18,270.81,270.81,80,270.8,160,270.79,200,270.78,200,270.77,80,270.76,40,270.75,40,270.59,160,270.58,80,270.57,80,271.18,80,271.22,200,271.23,80,271.24,80,271.25,80,271.26,80,271.28,80,271.3,80,271.32,80,271.33,80
2026-01-16 09:37:27,270.995,270.96,4,270.81,80,271.18,80,271.18,270.81,270.81,80,270.8,160,270.79,200,270.78,200,270.77,80,270.76,40,270.75,40,270.59,160,270.58,80,270.57,80,271.18,80,271.22,200,271.23,80,271.24,80,271.25,80,271.26,80,271.28,80,271.3,80,271.32,80,271.33,80
2026-01-16 09:37:28,270.995,270.96,4,270.81,80,271.18,80,271.18,270.81,270.81,80,270.8,160,270.79,200,270.78,200,270.77,80,270.76,40,270.75,40,270.59,160,270.58,80,270.57,80,271.18,80,271.22,200,271.23,80,271.24,80,271.25,80,271.26,80,271.28,80,271.3,80,271.32,80,271.33,80
2026-01-16 09:37:29,270.995,270.96,4,270.81,80,271.18,80,271.18,270.81,270.81,80,270.8,160,270.79,200,270.78,200,270.77,80,270.76,40,270.75,40,270.59,160,270.58,80,270.57,80,271.18,80,271.22,200,271.23,80,271.24,80,271.25,80,271.26,80,271.28,80,271.3,80,271.32,80,271.33,80
2026-01-16 09:37:30,270.995,270.96,4,270.81,80,271.18,80,271.18,270.81,270.81,80,270.8,160,270.79,200,270.78,200,270.77,80,270.76,40,270.75,40,270.59,160,270.58,80,270.57,80,271.18,80,271.22,200,271.23,80,271.24,80,271.25,80,271.26,80,271.28,80,271.3,80,271.32,80,271.33,80
2026-01-16 09:37:31,270.995,270.96,4,270.81,80,271.18,80,271.18,270.81,270.81,80,270.8,160,270.79,200,270.78,200,270.77,80,270.76,40,270.75,40,270.59,160,270.58,80,270.57,80,271.18,80,271.22,200,271.23,80,271.24,80,271.25,80,271.26,80,271.28,80,271.3,80,271.32,80,271.33,80
2026-01-16 09:37:32,270.995,270.96,4,270.81,80,271.18,80,271.18,270.81,270.81,80,270.8,160,270.79,200,270.78,200,270.77,80,270.76,40,270.75,40,270.59,160,270.58,80,270.57,80,271.18,80,271.22,200,271.23,80,271.24,80,271.25,80,271.26,80,271.28,80,271.3,80,271.32,80,271.33,80
2026-01-16 09:37:33,270.995,270.96,4,270.81,80,271.18,80,271.18,270.81,270.81,80,270.8,160,270.79,200,270.78,200,270.77,80,270.76,40,270.75,40,270.59,160,270.58,80,270.57,80,271.18,80,271.22,200,271.23,80,271.24,80,271.25,80,271.26,80,271.28,80,271.3,80,271.32,80,271.33,80
2026-01-16 09:37:34,270.995,270.96,4,270.81,80,271.18,80,271.18,270.81,270.81,80,270.8,160,270.79,200,270.78,200,270.77,80,270.76,40,270.75,40,270.59,160,270.58,80,270.57,80,271.18,80,271.22,200,271.23,80,271.24,80,271.25,80,271.26,80,271.28,80,271.3,80,271.32,80,271.33,80
2026-01-16 09:37:35,270.995,270.96,4,270.81,80,271.18,80,271.18,270.81,270.81,80,270.8,160,270.79,200,270.78,200,270.77,80,270.76,40,270.75,40,270.59,160,270.58,80,270.57,80,271.18,80,271.22,200,271.23,80,271.24,80,271.25,80,271.26,80,271.28,80,271.3,80,271.32,80,271.33,80
2026-01-16 09:37:36,270.995,270.96,4,270.81,80,271.18,80,271.18,270.81,270.81,80,270.8,160,270.79,200,270.78,200,270.77,80,270.76,40,270.75,40,270.59,160,270.58,80,270.57,80,271.18,80,271.22,200,271.23,80,271.24,80,271.25,80,271.26,80,271.28,80,271.3,80,271.32,80,271.33,80
2026-01-16 09:37:37,271.04,270.96,4,270.9,80,271.18,80,271.18,270.9,270.9,80,270.81,80,270.8,160,270.79,200,270.78,200,270.77,80,270.76,40,270.75,40,270.59,160,270.58,80,271.18,80,271.22,200,271.23,80,271.24,80,271.25,80,271.26,80,271.28,80,271.3,80,271.32,80,271.33,80
2026-01-16 09:37:38,271.04,270.96,4,270.9,80,271.18,80,271.18,270.9,270.9,80,270.81,80,270.8,160,270.79,200,270.78,200,270.77,80,270.76,40,270.75,40,270.59,160,270.58,80,271.18,80,271.22,200,271.23,80,271.24,80,271.25,80,271.26,80,271.28,80,271.3,80,271.32,80,271.33,80
2026-01-16 09:37:39,271.04,270.96,4,270.9,80,271.18,80,271.18,270.9,270.9,80,270.81,80,270.8,160,270.79,200,270.78,200,270.77,80,270.76,40,270.75,40,270.59,160,270.58,80,271.18,80,271.22,200,271.23,80,271.24,80,271.25,80,271.26,80,271.28,80,271.3,80,271.32,80,271.33,80
2026-01-16 09:37:40,271.04,270.96,4,270.9,80,271.18,80,271.18,270.9,270.9,80,270.81,80,270.8,160,270.79,200,270.78,200,270.77,80,270.76,40,270.75,40,270.59,160,270.58,80,271.18,80,271.22,200,271.23,80,271.24,80,271.25,80,271.26,80,271.28,80,271.3,80,271.32,80,271.33,80
2026-01-16 09:37:41,271.04,270.96,4,270.9,120,271.18,80,271.18,270.9,270.9,120,270.81,80,270.8,160,270.79,200,270.78,200,270.77,80,270.76,40,270.75,40,270.59,160,270.58,80,271.18,80,271.22,200,271.23,80,271.24,80,271.25,80,271.26,80,271.28,80,271.3,80,271.32,80,271.33,80
2026-01-16 09:37:42,271.04,270.96,4,270.9,120,271.18,80,271.18,270.9,270.9,120,270.81,80,270.8,160,270.79,200,270.78,200,270.77,80,270.76,40,270.75,40,270.59,160,270.58,80,271.18,80,271.22,200,271.23,80,271.24,80,271.25,80,271.26,80,271.28,80,271.3,80,271.32,80,271.33,80
2026-01-16 09:37:43,271.04,270.96,4,270.9,120,271.18,80,271.18,270.9,270.9,120,270.81,80,270.8,160,270.79,200,270.78,200,270.77,80,270.76,40,270.75,40,270.59,160,270.58,80,271.18,80,271.22,200,271.23,80,271.24,80,271.25,80,271.26,80,271.28,80,271.3,80,271.32,80,271.33,80
2026-01-16 09:37:44,271.04,270.96,4,270.9,120,271.18,80,271.18,270.9,270.9,120,270.81,80,270.8,160,270.79,200,270.78,200,270.77,80,270.76,40,270.75,40,270.59,160,270.58,80,271.18,80,271.22,200,271.23,80,271.24,80,271.25,80,271.26,80,271.28,80,271.3,80,271.32,80,271.33,80
2026-01-16 09:37:45,271.04,270.96,4,270.9,160,271.18,80,271.18,270.9,270.9,160,270.81,80,270.8,160,270.79,200,270.78,200,270.77,80,270.76,40,270.75,40,270.59,160,270.58,80,271.18,80,271.22,200,271.23,80,271.24,80,271.25,80,271.26,80,271.28,80,271.3,80,271.32,80,271.33,80
2026-01-16 09:37:46,271.04,270.96,4,270.9,120,271.18,80,271.18,270.9,270.9,120,270.81,80,270.8,160,270.79,200,270.78,200,270.77,80,270.76,40,270.75,40,270.59,160,270.58,80,271.18,80,271.22,200,271.23,80,271.24,80,271.25,80,271.26,80,271.28,80,271.3,80,271.32,80,271.33,80
2026-01-16 09:37:47,271.04,270.96,4,270.9,160,271.18,80,271.18,270.9,270.9,160,270.81,80,270.8,160,270.79,200,270.78,200,270.77,80,270.76,40,270.75,40,270.59,160,270.58,80,271.18,80,271.22,200,271.23,80,271.24,80,271.25,80,271.26,80,271.28,80,271.3,80,271.32,80,271.33,80
2026-01-16 09:37:48,271.04,270.96,4,270.9,160,271.18,80,271.18,270.9,270.9,160,270.81,80,270.8,160,270.79,200,270.78,200,270.77,80,270.76,40,270.75,40,270.59,160,270.58,80,271.18,80,271.22,200,271.23,80,271.24,80,271.25,80,271.26,80,271.28,80,271.3,80,271.32,80,271.33,80
2026-01-16 09:37:49,271.04,270.96,4,270.9,160,271.18,80,271.18,270.9,270.9,160,270.81,80,270.8,160,270.79,200,270.78,200,270.77,80,270.76,40,270.75,40,270.59,160,270.58,80,271.18,80,271.22,200,271.23,80,271.24,80,271.25,80,271.26,80,271.28,80,271.3,80,271.32,80,271.33,80
2026-01-16 09:37:50,271.04,270.96,4,270.9,120,271.18,80,271.18,270.9,270.9,120,270.81,80,270.8,160,270.79,200,270.78,200,270.77,80,270.76,40,270.75,40,270.59,160,270.58,80,271.18,80,271.22,200,271.23,80,271.24,80,271.25,80,271.26,80,271.28,80,271.3,80,271.32,80,271.33,80
2026-01-16 09:37:51,271.04,270.96,4,270.9,120,271.18,80,271.18,270.9,270.9,120,270.81,80,270.8,160,270.79,200,270.78,200,270.77,80,270.76,40,270.75,40,270.59,160,270.58,80,271.18,80,271.22,200,271.23,80,271.24,80,271.25,80,271.26,80,271.28,80,271.3,80,271.32,80,271.33,80
