sim_time,mid_price,last_price,last_size,best_bid_price,best_bid_size,best_ask_price,best_ask_size,close_price_buy,close_price_sell,bid1_price,bid1_size,bid2_price,bid2_size,bid3_price,bid3_size,bid4_price,bid4_size,bid5_price,bid5_size,bid6_price,bid6_size,bid7_price,bid7_size,bid8_price,bid8_size,bid9_price,bid9_size,bid10_price,bid10_size,ask1_price,ask1_size,ask2_price,ask2_size,ask3_price,ask3_size,ask4_price,ask4_size,ask5_price,ask5_size,ask6_price,ask6_size,ask7_price,ask7_size,ask8_price,ask8_size,ask9_price,ask9_size,ask10_price,ask10_size
2026-01-16 09:30:36,,0.0,0,,,,,,,,,,,,,,,,,,,,,,,,,,,,,,,,,,,,,,,,,,,,,,
2026-01-16 09:30:37,,0.0,0,,,,,,,,,,,,,,,,,,,,,,,,,,,,,,,,,,,,,,,,,,,,,,
2026-01-16 09:30:38,,0.0,0,,,,,,,,,,,,,,,,,,,,,,,,,,,,,,,,,,,,,,,,,,,,,,
2026-01-16 09:30:38,,0.0,0,,,,,,,,,,,,,,,,,,,,,,,,,,,,,,,,,,,,,,,,,,,,,,
2026-01-16 09:30:39,,0.0,0,,,,,,,,,,,,,,,,,,,,,,,,,,,,,,,,,,,,,,,,,,,,,,
2026-01-16 09:30:39,,0.0,0,,,,,,,,,,,,,,,,,,,,,,,,,,,,,,,,,,,,,,,,,,,,,,
2026-01-16 09:30:41,,0.0,0,,,,,,,,,,,,,,,,,,,,,,,,,,,,,,,,,,,,,,,,,,,,,,
2026-01-16 09:30:43,334.855,335.19,1,334.5,120,335.21,200,335.21,334.5,334.5,120,334.3,280,334.06,40,334.0,400,,,,,,,,,,,,,335.21,200,335.64,40,335.88,80,335.91,360,335.92,80,335.93,80,335.94,80,335.95,80,335.96,40,335.97,80
2026-01-16 09:30:44,334.855,335.19,1,334.5,120,335.21,200,335.21,334.5,334.5,120,334.3,280,334.06,40,334.0,400,,,,,,,,,,,,,335.21,200,335.64,40,335.88,80,335.91,360,335.92,80,335.93,80,335.94,80,335.95,80,335.96,40,335.97,80
2026-01-16 09:30:45,334.855,335.21,1,334.5,80,335.21,160,335.21,334.5,334.5,80,334.3,280,334.06,40,334.0,400,,,,,,,,,,,,,335.21,160,335.64,40,335.88,80,335.91,360,335.92,80,335.93,80,335.94,80,335.95,80,335.96,40,335.97,80
2026-01-16 09:30:46,334.855,335.21,1,334.5,80,335.21,160,335.21,334.5,334.5,80,334.3,280,334.06,40,334.0,400,,,,,,,,,,,,,335.21,160,335.64,40,335.88,80,335.91,360,335.92,80,335.93,80,335.94,80,335.95,80,335.96,40,335.97,80
2026-01-16 09:30:47,334.855,335.21,1,334.5,80,335.21,160,335.21,334.5,334.5,80,334.3,280,334.06,40,334.0,400,,,,,,,,,,,,,335.21,160,335.64,40,335.88,80,335.91,360,335.92,80,335.93,80,335.94,80,335.95,80,335.96,40,335.97,80
2026-01-16 09:30:48,334.855,334.5,2,334.5,80,335.21,160,335.21,334.5,334.5,80,334.3,280,334.06,40,334.0,400,,,,,,,,,,,,,335.21,160,335.64,40,335.88,80,335.91,360,335.92,80,335.93,80,335.94,80,335.95,80,335.96,40,335.97,80
2026-01-16 09:30:49,335.01,334.5,2,334.81,80,335.21,240,335.21,334.81,334.81,80,334.5,160,334.3,280,334.06,40,334.0,400,,,,,,,,,,,335.21,240,335.64,40,335.88,80,335.91,360,335.92,80,335.93,80,335.94,80,335.95,80,335.96,40,335.97,80
2026-01-16 09:30:50,334.8,334.82,1,334.5,120,335.1,120,335.1,334.5,334.5,120,334.3,280,334.06,40,334.0,400,,,,,,,,,,,,,335.1,120,335.21,240,335.64,40,335.88,80,335.91,360,335.92,80,335.93,80,335.94,80,335.95,80,335.96,40
2026-01-16 09:30:51,334.795,334.8,1,334.49,40,335.1,120,335.1,334.49,334.49,40,334.3,280,334.06,40,334.0,400,,,,,,,,,,,,,335.1,120,335.21,240,335.64,40,335.88,80,335.91,360,335.92,80,335.93,80,335.94,80,335.95,80,335.96,40
2026-01-16 09:30:52,334.795,334.8,2,334.49,40,335.1,120,335.1,334.49,334.49,40,334.3,280,334.06,40,334.0,400,,,,,,,,,,,,,335.1,120,335.21,240,335.64,40,335.88,80,335.91,360,335.92,80,335.93,80,335.94,80,335.95,80,335.96,40
2026-01-16 09:30:53,334.95,334.8,2,334.8,40,335.1,200,335.1,334.8,334.8,40,334.49,40,334.3,280,334.06,40,334.0,400,,,,,,,,,,,335.1,200,335.21,240,335.64,40,335.88,80,335.91,360,335.92,80,335.93,80,335.94,80,335.95,80,335.96,40
2026-01-16 09:30:54,334.95,334.8,2,334.8,40,335.1,200,335.1,334.8,334.8,40,334.49,40,334.3,280,334.06,40,334.0,400,,,,,,,,,,,335.1,200,335.21,240,335.64,40,335.88,80,335.91,360,335.92,80,335.93,80,335.94,80,335.95,80,335.96,40
2026-01-16 09:30:55,334.95,334.95,1,334.8,40,335.1,200,335.1,334.8,334.8,40,334.49,40,334.3,280,334.06,40,334.0,400,,,,,,,,,,,335.1,200,335.21,240,335.64,40,335.88,80,335.91,360,335.92,80,335.93,80,335.94,80,335.95,80,335.96,40
2026-01-16 09:30:56,334.95,335.0,1,334.8,120,335.1,200,335.1,334.8,334.8,120,334.49,40,334.3,280,334.06,40,334.0,400,,,,,,,,,,,335.1,200,335.21,240,335.64,40,335.88,80,335.91,360,335.92,80,335.93,80,335.94,80,335.95,80,335.96,40
2026-01-16 09:30:57,334.69,334.94,4,334.44,40,334.94,120,334.94,334.44,334.44,40,334.3,280,334.06,40,334.0,400,,,,,,,,,,,,,334.94,120,334.95,80,335.1,320,335.21,240,335.64,40,335.88,80,335.91,360,335.92,80,335.93,80,335.94,80
2026-01-16 09:30:58,334.69,334.69,1,334.44,40,334.94,120,334.94,334.44,334.44,40,334.3,280,334.06,40,334.0,400,,,,,,,,,,,,,334.94,120,334.95,80,335.1,320,335.21,240,335.64,40,335.88,80,335.91,360,335.92,80,335.93,80,335.94,80
2026-01-16 09:30:59,334.72,334.69,1,334.5,40,334.94,120,334.94,334.5,334.5,40,334.44,40,334.3,280,334.06,40,334.0,400,,,,,,,,,,,334.94,120,334.95,80,335.1,320,335.21,240,335.64,40,335.88,80,335.91,360,335.92,80,335.93,80,335.94,80
2026-01-16 09:31:00,334.72,334.69,1,334.5,120,334.94,120,334.94,334.5,334.5,120,334.44,40,334.3,280,334.06,40,334.0,400,,,,,,,,,,,334.94,120,334.95,80,335.1,320,335.21,240,335.64,40,335.88,80,335.91,360,335.92,80,335.93,80,335.94,80
2026-01-16 09:31:01,334.9,335.11,1,334.59,80,335.21,240,335.21,334.59,334.59,80,334.5,120,334.44,40,334.3,280,334.06,40,334.0,400,,,,,,,,,335.21,240,335.64,40,335.88,80,335.91,360,335.92,80,335.93,80,335.94,80,335.95,80,335.96,40,335.97,80
2026-01-16 09:31:02,335.075,335.08,10,334.94,440,335.21,320,335.21,334.94,334.94,440,334.59,80,334.5,120,334.44,40,334.3,280,334.06,40,334.0,400,,,,,,,335.21,320,335.64,40,335.88,80,335.91,360,335.92,80,335.93,80,335.94,80,335.95,80,335.96,40,335.97,80
2026-01-16 09:31:03,334.45,334.85,1,334.25,40,334.65,120,334.65,334.25,334.25,40,334.06,40,334.0,400,,,,,,,,,,,,,,,334.65,120,334.84,40,335.2,120,335.21,320,335.64,40,335.88,80,335.91,360,335.92,80,335.93,80,335.94,80
2026-01-16 09:31:04,334.445,334.45,1,334.25,40,334.64,40,334.64,334.25,334.25,40,334.06,40,334.0,400,,,,,,,,,,,,,,,334.64,40,334.65,160,334.84,40,335.2,120,335.21,320,335.64,40,335.88,80,335.91,360,335.92,80,335.93,80
2026-01-16 09:31:05,334.45,334.62,1,334.25,40,334.65,200,334.65,334.25,334.25,40,334.06,40,334.0,400,,,,,,,,,,,,,,,334.65,200,334.84,40,335.2,120,335.21,320,335.64,40,335.88,80,335.91,360,335.92,80,335.93,80,335.94,80
2026-01-16 09:31:06,334.45,334.58,1,334.25,40,334.65,200,334.65,334.25,334.25,40,334.06,40,334.0,400,,,,,,,,,,,,,,,334.65,200,334.84,40,335.2,120,335.21,320,335.64,40,335.88,80,335.91,360,335.92,80,335.93,80,335.94,80
2026-01-16 09:31:07,335.005,334.8,4,334.81,80,335.2,120,335.2,334.81,334.81,80,334.65,80,334.51,40,334.47,40,334.37,40,334.25,120,334.06,40,334.0,400,,,,,335.2,120,335.21,320,335.64,40,335.88,80,335.91,360,335.92,80,335.93,80,335.94,80,335.95,80,335.96,40
2026-01-16 09:31:08,335.16,335.36,1,334.95,120,335.37,160,335.37,334.95,334.95,120,334.85,40,334.81,80,334.65,80,334.51,40,334.47,40,334.37,40,334.25,120,334.06,40,334.0,400,335.37,160,335.64,40,335.88,80,335.91,360,335.92,80,335.93,80,335.94,80,335.95,80,335.96,40,335.97,80
2026-01-16 09:31:09,335.16,335.16,1,334.95,120,335.37,160,335.37,334.95,334.95,120,334.85,40,334.81,80,334.65,80,334.51,40,334.47,40,334.37,40,334.25,120,334.06,40,334.0,400,335.37,160,335.64,40,335.88,80,335.91,360,335.92,80,335.93,80,335.94,80,335.95,80,335.96,40,335.97,80
2026-01-16 09:31:10,335.28,335.31,1,335.03,80,335.53,120,335.53,335.03,335.03,80,334.95,160,334.85,40,334.81,80,334.65,80,334.51,40,334.47,40,334.37,40,334.25,120,334.06,40,335.53,120,335.64,40,335.88,80,335.91,360,335.92,80,335.93,80,335.94,80,335.95,80,335.96,40,335.97,80
2026-01-16 09:31:11,335.28,335.31,1,335.03,120,335.53,120,335.53,335.03,335.03,120,334.95,160,334.85,40,334.81,80,334.65,80,334.51,40,334.47,40,334.37,40,334.25,120,334.06,40,335.53,120,335.64,40,335.88,80,335.91,360,335.92,80,335.93,80,335.94,80,335.95,80,335.96,40,335.97,80
2026-01-16 09:31:12,335.28,335.31,1,335.03,120,335.53,120,335.53,335.03,335.03,120,334.95,160,334.85,40,334.81,80,334.65,80,334.51,40,334.47,40,334.37,40,334.25,120,334.06,40,335.53,120,335.64,40,335.88,80,335.91,360,335.92,80,335.93,80,335.94,80,335.95,80,335.96,40,335.97,80
2026-01-16 09:31:13,335.28,335.28,1,335.03,120,335.53,120,335.53,335.03,335.03,120,334.95,160,334.85,40,334.81,80,334.65,80,334.51,40,334.47,40,334.37,40,334.25,120,334.06,40,335.53,120,335.64,40,335.88,80,335.91,360,335.92,80,335.93,80,335.94,80,335.95,80,335.96,40,335.97,80
2026-01-16 09:31:14,335.28,335.28,1,335.03,120,335.53,120,335.53,335.03,335.03,120,334.95,160,334.85,40,334.81,80,334.65,80,334.51,40,334.47,40,334.37,40,334.25,120,334.06,40,335.53,120,335.64,40,335.88,80,335.91,360,335.92,80,335.93,80,335.94,80,335.95,80,335.96,40,335.97,80
2026-01-16 09:31:15,335.37,335.28,2,335.21,80,335.53,120,335.53,335.21,335.21,80,335.03,160,334.95,160,334.85,40,334.81,80,334.65,80,334.51,40,334.47,40,334.37,40,334.25,120,335.53,120,335.64,40,335.88,80,335.91,360,335.92,80,335.93,80,335.94,80,335.95,80,335.96,40,335.97,80
2026-01-16 09:31:16,335.26,335.21,1,335.03,40,335.49,120,335.49,335.03,335.03,40,334.95,160,334.85,40,334.81,80,334.65,80,334.51,40,334.47,40,334.37,40,334.25,120,334.06,40,335.49,120,335.5,120,335.51,40,335.53,160,335.64,40,335.88,80,335.91,360,335.92,80,335.93,80,335.94,80
2026-01-16 09:31:17,335.26,335.21,1,335.03,40,335.49,120,335.49,335.03,335.03,40,334.95,160,334.85,40,334.81,80,334.65,80,334.51,40,334.47,40,334.37,40,334.25,120,334.06,40,335.49,120,335.5,120,335.51,40,335.53,160,335.64,40,335.88,80,335.91,360,335.92,80,335.93,80,335.94,80
2026-01-16 09:31:18,335.26,335.21,1,335.03,40,335.49,120,335.49,335.03,335.03,40,334.95,160,334.85,40,334.81,80,334.65,80,334.51,40,334.47,40,334.37,40,334.25,120,334.06,40,335.49,120,335.5,120,335.51,40,335.53,160,335.64,40,335.88,80,335.91,360,335.92,80,335.93,80,335.94,80
2026-01-16 09:31:19,334.995,335.0,2,334.7,40,335.29,160,335.29,334.7,334.7,40,334.65,80,334.51,40,334.47,40,334.37,40,334.25,120,334.06,40,334.0,400,,,,,335.29,160,335.49,200,335.5,120,335.51,40,335.53,160,335.64,40,335.88,80,335.91,360,335.92,80,335.93,80
2026-01-16 09:31:20,334.9,334.71,1,334.58,80,335.22,320,335.22,334.58,334.58,80,334.37,40,334.3,40,334.25,120,334.06,40,334.0,400,,,,,,,,,335.22,320,335.29,160,335.49,200,335.5,120,335.51,40,335.53,160,335.64,40,335.88,80,335.91,360,335.92,80
2026-01-16 09:31:21,334.9,334.71,1,334.58,80,335.22,320,335.22,334.58,334.58,80,334.37,40,334.3,40,334.25,120,334.06,40,334.0,400,,,,,,,,,335.22,320,335.29,160,335.49,200,335.5,120,335.51,40,335.53,160,335.64,40,335.88,80,335.91,360,335.92,80
2026-01-16 09:31:22,334.805,334.71,1,334.39,40,335.22,320,335.22,334.39,334.39,40,334.36,40,334.27,160,334.25,120,334.06,40,334.0,400,,,,,,,,,335.22,320,335.29,160,335.49,200,335.5,120,335.51,40,335.53,160,335.64,40,335.88,80,335.91,360,335.92,80
2026-01-16 09:31:23,334.805,334.71,1,334.39,40,335.22,320,335.22,334.39,334.39,40,334.36,40,334.27,160,334.25,120,334.06,40,334.0,400,,,,,,,,,335.22,320,335.29,160,335.49,200,335.5,120,335.51,40,335.53,160,335.64,40,335.88,80,335.91,360,335.92,80
2026-01-16 09:31:24,334.775,334.71,1,334.33,40,335.22,320,335.22,334.33,334.33,40,334.27,200,334.25,120,334.06,40,334.0,400,,,,,,,,,,,335.22,320,335.29,160,335.49,200,335.5,120,335.51,40,335.53,160,335.64,40,335.88,80,335.91,360,335.92,80
2026-01-16 09:31:25,335.015,334.71,1,334.81,40,335.22,320,335.22,334.81,334.81,40,334.33,80,334.27,200,334.25,120,334.06,40,334.0,400,,,,,,,,,335.22,320,335.29,160,335.49,200,335.5,120,335.51,40,335.53,160,335.64,40,335.88,80,335.91,360,335.92,80
2026-01-16 09:31:26,335.14,335.21,1,334.85,40,335.43,160,335.43,334.85,334.85,40,334.81,40,334.33,80,334.27,200,334.25,120,334.06,40,334.0,400,,,,,,,335.43,160,335.49,200,335.5,120,335.51,40,335.53,160,335.64,40,335.88,80,335.91,360,335.92,80,335.93,80
2026-01-16 09:31:27,335.165,335.21,1,334.9,40,335.43,160,335.43,334.9,334.9,40,334.88,40,334.85,40,334.81,40,334.33,80,334.27,200,334.25,120,334.06,40,334.0,400,,,335.43,160,335.49,200,335.5,120,335.51,40,335.53,160,335.64,40,335.88,80,335.91,360,335.92,80,335.93,80
2026-01-16 09:31:28,335.4,335.43,1,335.22,40,335.58,520,335.58,335.22,335.22,40,334.9,40,334.88,40,334.85,40,334.81,40,334.33,80,334.27,200,334.25,120,334.06,40,334.0,400,335.58,520,335.64,40,335.88,80,335.91,360,335.92,80,335.93,80,335.94,80,335.95,80,335.96,40,335.97,80
2026-01-16 09:31:29,335.4,335.4,1,335.22,40,335.58,520,335.58,335.22,335.22,40,334.9,40,334.88,40,334.85,40,334.81,40,334.33,80,334.27,200,334.25,120,334.06,40,334.0,400,335.58,520,335.64,40,335.88,80,335.91,360,335.92,80,335.93,80,335.94,80,335.95,80,335.96,40,335.97,80
2026-01-16 09:31:30,335.4,335.4,1,335.22,40,335.58,320,335.58,335.22,335.22,40,334.9,40,334.88,40,334.85,40,334.81,40,334.33,80,334.27,200,334.25,120,334.06,40,334.0,400,335.58,320,335.64,40,335.88,80,335.91,360,335.92,80,335.93,80,335.94,80,335.95,80,335.96,40,335.97,80
2026-01-16 09:31:31,335.4,335.4,1,335.22,40,335.58,400,335.58,335.22,335.22,40,334.9,40,334.88,40,334.85,40,334.81,40,334.33,80,334.27,200,334.25,120,334.06,40,334.0,400,335.58,400,335.64,40,335.88,80,335.91,360,335.92,80,335.93,80,335.94,80,335.95,80,335.96,40,335.97,80
2026-01-16 09:31:32,335.4,335.4,1,335.22,40,335.58,400,335.58,335.22,335.22,40,334.9,40,334.88,40,334.85,40,334.81,40,334.33,80,334.27,200,334.25,120,334.06,40,334.0,400,335.58,400,335.64,40,335.88,80,335.91,360,335.92,80,335.93,80,335.94,80,335.95,80,335.96,40,335.97,80
2026-01-16 09:31:33,335.125,335.15,5,334.85,80,335.4,40,335.4,334.85,334.85,80,334.81,40,334.33,80,334.27,200,334.25,120,334.06,40,334.0,400,,,,,,,335.4,40,335.58,600,335.64,40,335.88,80,335.91,360,335.92,80,335.93,80,335.94,80,335.95,80,335.96,40
2026-01-16 09:31:34,335.665,335.57,1,335.42,40,335.91,400,335.91,335.42,335.42,40,335.17,40,335.15,40,335.0,40,334.92,40,334.9,40,334.85,80,334.81,40,334.33,80,334.27,200,335.91,400,335.92,80,335.93,80,335.94,80,335.95,80,335.96,40,335.97,80,335.98,80,335.99,40,336.0,80
2026-01-16 09:31:35,335.665,335.57,1,335.42,40,335.91,400,335.91,335.42,335.42,40,335.17,40,335.15,40,335.0,40,334.92,40,334.9,40,334.85,80,334.81,40,334.33,80,334.27,200,335.91,400,335.92,80,335.93,80,335.94,80,335.95,80,335.96,40,335.97,80,335.98,80,335.99,40,336.0,80
2026-01-16 09:31:36,335.665,335.67,1,335.42,80,335.91,400,335.91,335.42,335.42,80,335.17,40,335.15,40,335.0,40,334.92,40,334.9,40,334.85,80,334.81,40,334.33,80,334.27,200,335.91,400,335.92,80,335.93,80,335.94,80,335.95,80,335.96,40,335.97,80,335.98,80,335.99,40,336.0,80
2026-01-16 09:31:37,335.665,335.67,1,335.42,80,335.91,400,335.91,335.42,335.42,80,335.17,40,335.15,40,335.0,40,334.92,40,334.9,40,334.85,80,334.81,40,334.33,80,334.27,200,335.91,400,335.92,80,335.93,80,335.94,80,335.95,80,335.96,40,335.97,80,335.98,80,335.99,40,336.0,80
2026-01-16 09:31:38,335.665,335.67,1,335.42,80,335.91,200,335.91,335.42,335.42,80,335.17,40,335.15,40,335.0,40,334.92,40,334.9,40,334.85,80,334.81,40,334.33,80,334.27,200,335.91,200,335.92,80,335.93,80,335.94,80,335.95,80,335.96,40,335.97,80,335.98,80,335.99,40,336.0,80
2026-01-16 09:31:39,336.17,335.9,1,335.85,80,336.49,40,336.49,335.85,335.85,80,335.8,40,335.79,40,335.78,120,335.66,40,335.42,80,335.17,40,335.15,40,335.0,40,334.92,40,336.49,40,336.64,40,,,,,,,,,,,,,,,,
2026-01-16 09:31:40,336.17,335.9,1,335.85,80,336.49,40,336.49,335.85,335.85,80,335.8,40,335.79,40,335.78,120,335.66,40,335.42,80,335.17,40,335.15,40,335.0,40,334.92,40,336.49,40,336.64,40,,,,,,,,,,,,,,,,
2026-01-16 09:31:41,336.2,335.9,1,335.91,80,336.49,80,336.49,335.91,335.91,80,335.85,80,335.8,40,335.79,40,335.78,120,335.66,40,335.42,80,335.17,40,335.15,40,335.0,40,336.49,80,336.64,40,,,,,,,,,,,,,,,,
2026-01-16 09:31:42,336.2,335.9,1,335.91,80,336.49,80,336.49,335.91,335.91,80,335.85,80,335.8,40,335.79,40,335.78,120,335.66,40,335.42,80,335.17,40,335.15,40,335.0,40,336.49,80,336.64,40,,,,,,,,,,,,,,,,
2026-01-16 09:31:43,336.2,335.9,1,335.91,80,336.49,80,336.49,335.91,335.91,80,335.85,80,335.8,40,335.79,40,335.78,120,335.66,40,335.42,80,335.17,40,335.15,40,335.0,40,336.49,80,336.64,40,,,,,,,,,,,,,,,,
2026-01-16 09:31:44,336.2,335.9,1,335.91,80,336.49,80,336.49,335.91,335.91,80,335.85,80,335.8,40,335.79,40,335.78,120,335.66,40,335.42,80,335.17,40,335.15,40,335.0,40,336.49,80,336.64,40,,,,,,,,,,,,,,,,
2026-01-16 09:31:45,336.21,336.0,2,335.93,120,336.49,80,336.49,335.93,335.93,120,335.92,40,335.86,40,335.85,40,335.8,40,335.79,40,335.78,120,335.66,40,335.42,80,335.17,40,336.49,80,336.64,40,,,,,,,,,,,,,,,,
2026-01-16 09:31:46,336.21,336.0,2,335.93,160,336.49,40,336.49,335.93,335.93,160,335.92,40,335.86,40,335.85,40,335.8,40,335.79,40,335.78,120,335.66,40,335.42,80,335.17,40,336.49,40,336.65,40,,,,,,,,,,,,,,,,
2026-01-16 09:31:47,335.875,335.66,1,335.38,40,336.37,40,336.37,335.38,335.38,40,335.16,40,335.15,40,335.0,40,334.92,40,334.9,40,334.85,80,334.81,40,334.33,80,334.27,200,336.37,40,336.49,80,336.65,40,,,,,,,,,,,,,,
2026-01-16 09:31:48,335.755,335.58,1,335.16,40,336.35,120,336.35,335.16,335.16,40,335.15,40,335.0,40,334.92,40,334.9,40,334.85,80,334.81,40,334.33,80,334.27,200,334.25,120,336.35,120,336.37,40,336.49,80,336.65,40,,,,,,,,,,,,
2026-01-16 09:31:49,335.865,335.87,7,335.38,40,336.35,120,336.35,335.38,335.38,40,335.16,40,335.15,40,335.0,40,334.92,40,334.9,40,334.85,80,334.81,40,334.33,80,334.27,200,336.35,120,336.37,40,336.49,80,336.65,40,,,,,,,,,,,,
2026-01-16 09:31:50,335.865,335.87,7,335.38,40,336.35,120,336.35,335.38,335.38,40,335.16,40,335.15,40,335.0,40,334.92,40,334.9,40,334.85,80,334.81,40,334.33,80,334.27,200,336.35,120,336.37,40,336.49,80,336.65,40,,,,,,,,,,,,
2026-01-16 09:31:51,335.865,335.87,7,335.38,40,336.35,120,336.35,335.38,335.38,40,335.16,40,335.15,40,335.0,40,334.92,40,334.9,40,334.85,80,334.81,40,334.33,80,334.27,200,336.35,120,336.37,40,336.49,80,336.65,40,,,,,,,,,,,,
2026-01-16 09:31:52,335.865,335.87,7,335.38,80,336.35,120,336.35,335.38,335.38,80,335.16,40,335.15,40,335.0,40,334.92,40,334.9,40,334.85,80,334.81,40,334.33,80,334.27,200,336.35,120,336.37,40,336.49,80,336.65,40,,,,,,,,,,,,
2026-01-16 09:31:53,335.865,335.87,5,335.38,40,336.35,120,336.35,335.38,335.38,40,335.16,40,335.15,40,335.0,40,334.92,40,334.9,40,334.85,80,334.81,40,334.33,80,334.27,200,336.35,120,336.37,40,336.49,80,336.65,40,,,,,,,,,,,,
2026-01-16 09:31:54,335.865,335.87,5,335.38,40,336.35,120,336.35,335.38,335.38,40,335.16,40,335.15,40,335.0,40,334.92,40,334.9,40,334.85,80,334.81,40,334.33,80,334.27,200,336.35,120,336.37,40,336.49,80,336.65,40,,,,,,,,,,,,
2026-01-16 09:31:55,335.865,335.87,5,335.38,40,336.35,120,336.35,335.38,335.38,40,335.16,40,335.15,40,335.0,40,334.92,40,334.9,40,334.85,80,334.81,40,334.33,80,334.27,200,336.35,120,336.37,40,336.49,80,336.65,40,,,,,,,,,,,,
2026-01-16 09:31:56,335.865,335.87,5,335.38,40,336.35,120,336.35,335.38,335.38,40,335.16,40,335.15,40,335.0,40,334.92,40,334.9,40,334.85,80,334.81,40,334.33,80,334.27,200,336.35,120,336.37,40,336.49,80,336.65,40,,,,,,,,,,,,
2026-01-16 09:31:57,335.865,335.87,5,335.38,40,336.35,120,336.35,335.38,335.38,40,335.16,40,335.15,40,335.0,40,334.92,40,334.9,40,334.85,80,334.81,40,334.33,80,334.27,200,336.35,120,336.37,40,336.49,80,336.65,40,,,,,,,,,,,,
2026-01-16 09:31:58,335.69,335.87,5,335.38,40,336.0,520,336.0,335.38,335.38,40,335.16,40,335.15,40,335.0,40,334.92,40,334.9,40,334.85,80,334.81,40,334.33,80,334.27,200,336.0,520,336.34,160,336.35,120,336.37,40,336.49,80,336.65,40,,,,,,,,
2026-01-16 09:31:59,335.69,335.87,5,335.38,40,336.0,560,336.0,335.38,335.38,40,335.16,40,335.15,40,335.0,40,334.92,40,334.9,40,334.85,80,334.81,40,334.33,80,334.27,200,336.0,560,336.34,160,336.35,120,336.37,40,336.49,80,336.65,40,,,,,,,,
2026-01-16 09:32:00,335.535,335.5,5,335.38,80,335.69,80,335.69,335.38,335.38,80,335.16,40,335.15,40,335.0,40,334.92,40,334.9,40,334.85,80,334.81,40,334.33,80,334.27,200,335.69,80,335.88,80,336.0,560,336.34,160,336.35,120,336.37,40,336.49,80,336.65,40,,,,
2026-01-16 09:32:01,335.49,335.5,5,335.29,40,335.69,80,335.69,335.29,335.29,40,335.0,320,334.92,40,334.9,40,334.85,80,334.81,40,334.33,80,334.27,200,334.25,120,334.06,40,335.69,80,335.88,80,336.0,560,336.34,160,336.35,120,336.37,40,336.49,80,336.65,40,,,,
2026-01-16 09:32:02,335.435,335.5,5,335.29,40,335.58,1320,335.58,335.29,335.29,40,335.0,320,334.92,40,334.9,40,334.85,80,334.81,40,334.33,80,334.27,200,334.25,120,334.06,40,335.58,1320,335.69,80,335.88,80,336.0,560,336.34,160,336.35,120,336.37,40,336.49,80,336.65,40,,
2026-01-16 09:32:03,335.435,335.5,5,335.29,80,335.58,1320,335.58,335.29,335.29,80,335.0,320,334.92,40,334.9,40,334.85,80,334.81,40,334.33,80,334.27,200,334.25,120,334.06,40,335.58,1320,335.69,80,335.88,80,336.0,560,336.34,160,336.35,120,336.37,40,336.49,80,336.65,40,,
2026-01-16 09:32:04,335.645,335.57,1,335.48,40,335.81,40,335.81,335.48,335.48,40,335.43,40,335.29,120,335.0,320,334.92,40,334.9,40,334.85,80,334.81,40,334.33,80,334.27,200,335.81,40,335.88,80,336.0,560,336.34,160,336.35,120,336.37,40,336.49,80,336.65,40,,,,
2026-01-16 09:32:05,335.645,335.57,1,335.48,40,335.81,40,335.81,335.48,335.48,40,335.43,40,335.29,120,335.0,320,334.92,40,334.9,40,334.85,80,334.81,40,334.33,80,334.27,200,335.81,40,335.88,80,336.0,560,336.34,160,336.35,120,336.37,40,336.49,80,336.65,40,,,,
2026-01-16 09:32:06,335.645,335.57,1,335.48,40,335.81,40,335.81,335.48,335.48,40,335.43,40,335.29,120,335.0,320,334.92,40,334.9,40,334.85,80,334.81,40,334.33,80,334.27,200,335.81,40,335.88,80,336.0,560,336.34,160,336.35,120,336.37,40,336.49,80,336.65,40,,,,
2026-01-16 09:32:07,335.89,335.9,1,335.82,80,335.96,40,335.96,335.82,335.82,80,335.69,40,335.62,40,335.48,40,335.43,40,335.29,120,335.0,320,334.92,40,334.9,40,334.85,80,335.96,40,336.0,560,336.34,160,336.35,120,336.37,40,336.49,80,336.65,40,,,,,,
2026-01-16 09:32:08,335.755,335.9,1,335.55,80,335.96,80,335.96,335.55,335.55,80,335.48,40,335.43,40,335.29,120,335.0,320,334.92,40,334.9,40,334.85,80,334.81,40,334.33,80,335.96,80,336.0,560,336.34,160,336.35,120,336.37,40,336.49,80,336.65,40,,,,,,
2026-01-16 09:32:09,335.755,335.85,1,335.55,80,335.96,80,335.96,335.55,335.55,80,335.48,40,335.43,40,335.29,120,335.0,320,334.92,40,334.9,40,334.85,80,334.81,40,334.33,80,335.96,80,336.0,560,336.34,160,336.35,120,336.37,40,336.49,80,336.65,40,,,,,,
2026-01-16 09:32:10,335.755,335.86,2,335.55,80,335.96,80,335.96,335.55,335.55,80,335.48,40,335.43,40,335.29,120,335.0,320,334.92,40,334.9,40,334.85,80,334.81,40,334.33,80,335.96,80,336.0,560,336.34,160,336.35,120,336.37,40,336.49,80,336.65,40,,,,,,
2026-01-16 09:32:11,335.755,335.86,2,335.55,80,335.96,80,335.96,335.55,335.55,80,335.48,40,335.43,40,335.29,120,335.0,320,334.92,40,334.9,40,334.85,80,334.81,40,334.33,80,335.96,80,336.0,560,336.34,160,336.35,120,336.37,40,336.49,80,336.65,40,,,,,,
2026-01-16 09:32:12,335.755,335.86,2,335.55,80,335.96,80,335.96,335.55,335.55,80,335.48,40,335.43,40,335.29,120,335.0,320,334.92,40,334.9,40,334.85,80,334.81,40,334.33,80,335.96,80,336.0,560,336.34,160,336.35,120,336.37,40,336.49,80,336.65,40,,,,,,
2026-01-16 09:32:13,335.71,335.55,4,335.46,400,335.96,120,335.96,335.46,335.46,400,335.43,40,335.29,120,335.0,320,334.92,40,334.9,40,334.85,80,334.81,40,334.33,80,334.27,200,335.96,120,336.0,560,336.34,160,336.35,120,336.37,40,336.49,80,336.65,40,,,,,,
2026-01-16 09:32:14,335.71,335.55,4,335.46,400,335.96,120,335.96,335.46,335.46,400,335.43,40,335.29,120,335.0,320,334.92,40,334.9,40,334.85,80,334.81,40,334.33,80,334.27,200,335.96,120,336.0,560,336.34,160,336.35,120,336.37,40,336.49,80,336.65,40,,,,,,
2026-01-16 09:32:15,335.71,335.78,1,335.46,400,335.96,160,335.96,335.46,335.46,400,335.43,40,335.29,120,335.0,320,334.92,40,334.9,40,334.85,80,334.81,40,334.33,80,334.27,200,335.96,160,336.0,560,336.34,160,336.35,120,336.37,40,336.49,80,336.65,40,,,,,,
2026-01-16 09:32:16,335.63,335.78,1,335.46,400,335.8,760,335.8,335.46,335.46,400,335.43,40,335.29,120,335.0,320,334.92,40,334.9,40,334.85,80,334.81,40,334.33,80,334.27,200,335.8,760,335.96,160,336.0,560,336.34,160,336.35,120,336.37,40,336.49,80,336.65,40,,,,
2026-01-16 09:32:17,335.72,335.79,1,335.48,40,335.96,160,335.96,335.48,335.48,40,335.46,400,335.43,40,335.29,120,335.0,320,334.92,40,334.9,40,334.85,80,334.81,40,334.33,80,335.96,160,336.0,560,336.34,160,336.35,120,336.37,40,336.49,80,336.65,40,,,,,,
2026-01-16 09:32:18,335.78,335.76,1,335.6,480,335.96,160,335.96,335.6,335.6,480,335.46,400,335.43,40,335.29,120,335.0,320,334.92,40,334.9,40,334.85,80,334.81,40,334.33,80,335.96,160,336.0,560,336.34,160,336.35,120,336.37,40,336.49,80,336.65,40,,,,,,
2026-01-16 09:32:19,335.78,335.96,3,335.6,480,335.96,160,335.96,335.6,335.6,480,335.46,400,335.43,40,335.29,120,335.0,320,334.92,40,334.9,40,334.85,80,334.81,40,334.33,80,335.96,160,336.0,560,336.34,160,336.35,120,336.37,40,336.49,80,336.65,40,,,,,,
2026-01-16 09:32:20,335.78,335.94,10,335.6,480,335.96,160,335.96,335.6,335.6,480,335.46,400,335.43,40,335.29,120,335.0,320,334.92,40,334.9,40,334.85,80,334.81,40,334.33,80,335.96,160,336.0,560,336.34,160,336.35,120,336.37,40,336.49,80,336.65,40,,,,,,
2026-01-16 09:32:21,335.78,335.94,10,335.6,480,335.96,160,335.96,335.6,335.6,480,335.46,400,335.43,40,335.29,120,335.0,320,334.92,40,334.9,40,334.85,80,334.81,40,334.33,80,335.96,160,336.0,560,336.34,160,336.35,120,336.37,40,336.49,80,336.65,40,,,,,,
2026-01-16 09:32:22,335.78,335.94,10,335.6,480,335.96,160,335.96,335.6,335.6,480,335.46,400,335.43,40,335.29,120,335.0,320,334.92,40,334.9,40,334.85,80,334.81,40,334.33,80,335.96,160,336.0,560,336.34,160,336.35,120,336.37,40,336.49,80,336.65,40,,,,,,
2026-01-16 09:32:24,335.78,335.94,10,335.6,480,335.96,160,335.96,335.6,335.6,480,335.46,400,335.43,40,335.29,120,335.0,320,334.92,40,334.9,40,334.85,80,334.81,40,334.33,80,335.96,160,336.0,560,336.34,160,336.35,120,336.37,40,336.49,80,336.65,40,,,,,,
2026-01-16 09:32:25,335.78,335.94,10,335.6,480,335.96,160,335.96,335.6,335.6,480,335.46,400,335.43,40,335.29,120,335.0,320,334.92,40,334.9,40,334.85,80,334.81,40,334.33,80,335.96,160,336.0,560,336.34,160,336.35,120,336.37,40,336.49,80,336.65,40,,,,,,
2026-01-16 09:32:26,335.78,335.73,1,335.6,480,335.96,160,335.96,335.6,335.6,480,335.46,400,335.43,40,335.29,120,335.0,320,334.92,40,334.9,40,334.85,80,334.81,40,334.33,80,335.96,160,336.0,560,336.34,160,336.35,120,336.37,40,336.49,80,336.65,40,,,,,,
2026-01-16 09:32:26,335.78,335.73,1,335.6,480,335.96,160,335.96,335.6,335.6,480,335.46,400,335.43,40,335.29,120,335.0,320,334.92,40,334.9,40,334.85,80,334.81,40,334.33,80,335.96,160,336.0,560,336.34,160,336.35,120,336.37,40,336.49,80,336.65,40,,,,,,
2026-01-16 09:32:28,335.78,335.73,1,335.6,480,335.96,160,335.96,335.6,335.6,480,335.46,400,335.43,40,335.29,120,335.0,320,334.92,40,334.9,40,334.85,80,334.81,40,334.33,80,335.96,160,336.0,560,336.34,160,336.35,120,336.37,40,336.49,80,336.65,40,,,,,,
2026-01-16 09:32:29,335.46,335.46,4,335.2,1480,335.72,120,335.72,335.2,335.2,1480,335.0,320,334.92,40,334.9,40,334.85,80,334.81,40,334.33,80,334.27,200,334.25,120,334.06,40,335.72,120,335.78,80,335.94,40,335.95,40,335.96,160,336.0,560,336.34,160,336.35,120,336.37,40,336.49,80
2026-01-16 09:32:30,335.46,335.46,4,335.2,1480,335.72,40,335.72,335.2,335.2,1480,335.0,320,334.92,40,334.9,40,334.85,80,334.81,40,334.33,80,334.27,200,334.25,120,334.06,40,335.72,40,335.78,120,335.94,40,335.95,40,335.96,160,336.0,560,336.34,160,336.35,120,336.37,40,336.49,80
2026-01-16 09:32:31,335.18,335.21,1,335.06,600,335.3,80,335.3,335.06,335.06,600,335.0,920,334.92,40,334.9,40,334.85,80,334.81,40,334.33,80,334.27,200,334.25,120,334.06,40,335.3,80,335.72,80,335.78,120,335.94,40,335.95,40,335.96,160,336.0,560,336.34,160,336.35,120,336.37,40
2026-01-16 09:32:31,335.18,335.21,1,335.06,600,335.3,80,335.3,335.06,335.06,600,335.0,920,334.92,40,334.9,40,334.85,80,334.81,40,334.33,80,334.27,200,334.25,120,334.06,40,335.3,80,335.72,80,335.78,120,335.94,40,335.95,40,335.96,160,336.0,560,336.34,160,336.35,120,336.37,40
2026-01-16 09:32:33,335.15,335.3,1,335.0,920,335.3,80,335.3,335.0,335.0,920,334.92,40,334.9,40,334.85,80,334.81,40,334.33,80,334.27,200,334.25,120,334.06,40,334.0,400,335.3,80,335.72,80,335.78,120,335.94,40,335.95,40,335.96,160,336.0,560,336.34,160,336.35,120,336.37,40
2026-01-16 09:32:33,335.31,335.28,10,335.02,40,335.6,120,335.6,335.02,335.02,40,335.0,1520,334.92,40,334.9,40,334.85,80,334.81,40,334.33,80,334.27,200,334.25,120,334.06,40,335.6,120,335.64,200,335.72,80,335.78,120,335.94,40,335.95,40,335.96,160,336.0,560,336.34,160,336.35,120
2026-01-16 09:32:35,335.23,335.0,1,335.0,1240,335.46,120,335.46,335.0,335.0,1240,334.92,40,334.9,40,334.85,80,334.81,40,334.33,80,334.27,200,334.25,120,334.06,40,334.0,400,335.46,120,335.6,160,335.64,200,335.72,80,335.78,120,335.94,40,335.95,40,335.96,160,336.0,560,336.34,160
2026-01-16 09:32:36,335.23,335.23,1,335.0,1240,335.46,200,335.46,335.0,335.0,1240,334.92,40,334.9,40,334.85,80,334.81,40,334.33,80,334.27,200,334.25,120,334.06,40,334.0,400,335.46,200,335.6,160,335.64,200,335.72,80,335.78,120,335.94,40,335.95,40,335.96,160,336.0,560,336.34,160
2026-01-16 09:32:36,335.23,335.23,1,335.0,1240,335.46,200,335.46,335.0,335.0,1240,334.92,40,334.9,40,334.85,80,334.81,40,334.33,80,334.27,200,334.25,120,334.06,40,334.0,400,335.46,200,335.6,160,335.64,200,335.72,80,335.78,120,335.94,40,335.95,40,335.96,160,336.0,560,336.34,160
2026-01-16 09:32:37,335.23,335.23,1,335.0,1240,335.46,200,335.46,335.0,335.0,1240,334.92,40,334.9,40,334.85,80,334.81,40,334.33,80,334.27,200,334.25,120,334.06,40,334.0,400,335.46,200,335.6,160,335.64,200,335.72,80,335.78,120,335.94,40,335.95,40,335.96,160,336.0,560,336.34,160
2026-01-16 09:32:39,335.23,335.46,9,335.0,1240,335.46,200,335.46,335.0,335.0,1240,334.92,40,334.9,40,334.85,80,334.81,40,334.33,80,334.27,200,334.25,120,334.06,40,334.0,400,335.46,200,335.6,160,335.64,200,335.72,80,335.78,120,335.94,40,335.95,40,335.96,160,336.0,560,336.34,160
2026-01-16 09:32:40,335.23,335.46,9,335.0,1240,335.46,200,335.46,335.0,335.0,1240,334.92,40,334.9,40,334.85,80,334.81,40,334.33,80,334.27,200,334.25,120,334.06,40,334.0,400,335.46,200,335.6,160,335.64,200,335.72,80,335.78,120,335.94,40,335.95,40,335.96,160,336.0,560,336.34,160
2026-01-16 09:32:41,335.23,335.46,9,335.0,1320,335.46,200,335.46,335.0,335.0,1320,334.92,40,334.9,40,334.85,80,334.81,40,334.33,80,334.27,200,334.25,120,334.06,40,334.0,400,335.46,200,335.6,160,335.64,200,335.72,80,335.78,120,335.94,40,335.95,40,335.96,160,336.0,560,336.34,160
2026-01-16 09:32:42,335.23,335.46,9,335.0,1320,335.46,200,335.46,335.0,335.0,1320,334.92,40,334.9,40,334.85,80,334.81,40,334.33,80,334.27,200,334.25,120,334.06,40,334.0,400,335.46,200,335.6,160,335.64,200,335.72,80,335.78,120,335.94,40,335.95,40,335.96,160,336.0,560,336.34,160
2026-01-16 09:32:43,335.23,335.31,1,335.0,1320,335.46,200,335.46,335.0,335.0,1320,334.92,40,334.9,40,334.85,80,334.81,40,334.33,80,334.27,200,334.25,120,334.06,40,334.0,400,335.46,200,335.6,160,335.64,200,335.72,80,335.78,120,335.94,40,335.95,40,335.96,160,336.0,560,336.34,160
2026-01-16 09:32:44,335.23,335.23,1,335.0,1320,335.46,200,335.46,335.0,335.0,1320,334.92,40,334.9,40,334.85,80,334.81,40,334.33,80,334.27,200,334.25,120,334.06,40,334.0,400,335.46,200,335.6,160,335.64,200,335.72,80,335.78,120,335.94,40,335.95,40,335.96,160,336.0,560,336.34,160
2026-01-16 09:32:45,335.23,335.14,1,335.06,200,335.4,40,335.4,335.06,335.06,200,335.04,200,335.0,1320,334.92,40,334.9,40,334.85,80,334.81,40,334.33,80,334.27,200,334.25,120,335.4,40,335.46,200,335.6,160,335.64,200,335.72,80,335.78,120,335.94,40,335.95,40,335.96,160,336.0,560
2026-01-16 09:32:46,335.2,335.04,1,335.0,1320,335.4,200,335.4,335.0,335.0,1320,334.92,40,334.9,40,334.85,80,334.81,40,334.33,80,334.27,200,334.25,120,334.06,40,334.0,400,335.4,200,335.46,200,335.6,160,335.64,200,335.72,80,335.78,120,335.94,40,335.95,40,335.96,160,336.0,560
2026-01-16 09:32:47,335.34,335.2,4,335.18,600,335.5,80,335.5,335.18,335.18,600,335.01,40,335.0,1360,334.92,40,334.9,40,334.85,80,334.81,40,334.33,80,334.27,200,334.25,120,335.5,80,335.6,160,335.64,200,335.72,80,335.78,120,335.94,40,335.95,40,335.96,160,336.0,560,336.34,160
2026-01-16 09:32:48,335.345,335.2,1,335.19,600,335.5,80,335.5,335.19,335.19,600,335.18,640,335.01,40,335.0,1360,334.92,40,334.9,40,334.85,80,334.81,40,334.33,80,334.27,200,335.5,80,335.6,160,335.64,200,335.72,80,335.78,120,335.94,40,335.95,40,335.96,160,336.0,560,336.34,160
2026-01-16 09:32:48,335.505,335.2,1,335.41,40,335.6,120,335.6,335.41,335.41,40,335.34,40,335.32,40,335.19,600,335.18,640,335.01,40,335.0,1360,334.92,40,334.9,40,334.85,80,335.6,120,335.64,200,335.72,80,335.78,120,335.94,40,335.95,40,335.96,160,336.0,560,336.34,160,336.35,120
2026-01-16 09:32:50,335.475,335.2,1,335.41,40,335.54,40,335.54,335.41,335.41,40,335.34,40,335.32,40,335.19,600,335.18,640,335.01,40,335.0,1360,334.92,40,334.9,40,334.85,80,335.54,40,335.55,40,335.6,160,335.64,200,335.72,80,335.78,120,335.94,40,335.95,40,335.96,160,336.0,560
2026-01-16 09:32:51,335.305,335.2,1,335.13,40,335.48,80,335.48,335.13,335.13,40,335.01,40,335.0,1360,334.92,40,334.9,40,334.85,80,334.81,40,334.33,80,334.27,200,334.25,120,335.48,80,335.54,80,335.55,40,335.6,160,335.64,200,335.72,80,335.78,120,335.94,40,335.95,40,335.96,160
2026-01-16 09:32:52,335.1,335.2,1,335.0,1360,335.2,240,335.2,335.0,335.0,1360,334.92,40,334.9,40,334.85,80,334.81,40,334.33,80,334.27,200,334.25,120,334.06,40,334.0,400,335.2,240,335.43,80,335.48,80,335.54,80,335.55,40,335.6,160,335.64,200,335.72,80,335.78,120,335.94,40
2026-01-16 09:32:52,335.1,335.2,1,335.0,1360,335.2,240,335.2,335.0,335.0,1360,334.92,40,334.9,40,334.85,80,334.81,40,334.33,80,334.27,200,334.25,120,334.06,40,334.0,400,335.2,240,335.43,80,335.48,80,335.54,80,335.55,40,335.6,160,335.64,200,335.72,80,335.78,120,335.94,40
2026-01-16 09:32:54,335.065,335.13,1,335.0,1280,335.13,160,335.13,335.0,335.0,1280,334.92,40,334.9,40,334.85,80,334.81,40,334.33,80,334.27,200,334.25,120,334.06,40,334.0,400,335.13,160,335.2,320,335.43,80,335.48,80,335.54,80,335.55,40,335.6,160,335.64,200,335.72,80,335.78,120
2026-01-16 09:32:55,335.275,335.34,10,335.21,80,335.34,40,335.34,335.21,335.21,80,335.16,120,335.15,80,335.0,1440,334.92,40,334.9,40,334.85,80,334.81,40,334.33,80,334.27,200,335.34,40,335.43,80,335.48,80,335.54,80,335.55,40,335.6,160,335.64,200,335.72,80,335.78,120,335.94,40
2026-01-16 09:32:56,335.345,335.34,10,335.21,200,335.48,40,335.48,335.21,335.21,200,335.16,120,335.15,80,335.0,1440,334.92,40,334.9,40,334.85,80,334.81,40,334.33,80,334.27,200,335.48,40,335.5,80,335.54,80,335.55,40,335.6,160,335.64,200,335.72,80,335.78,120,335.94,40,335.95,40
2026-01-16 09:32:57,335.345,335.29,2,335.21,200,335.48,40,335.48,335.21,335.21,200,335.16,120,335.15,80,335.0,1440,334.92,40,334.9,40,334.85,80,334.81,40,334.33,80,334.27,200,335.48,40,335.5,80,335.54,80,335.55,40,335.6,160,335.64,200,335.72,80,335.78,120,335.94,40,335.95,40
2026-01-16 09:32:58,335.345,335.35,1,335.21,200,335.48,40,335.48,335.21,335.21,200,335.16,120,335.15,80,335.0,1440,334.92,40,334.9,40,334.85,80,334.81,40,334.33,80,334.27,200,335.48,40,335.5,80,335.54,80,335.55,40,335.6,160,335.64,200,335.72,80,335.78,120,335.94,40,335.95,40
2026-01-16 09:32:59,335.345,335.33,1,335.21,200,335.48,40,335.48,335.21,335.21,200,335.16,120,335.15,80,335.0,1440,334.92,40,334.9,40,334.85,80,334.81,40,334.33,80,334.27,200,335.48,40,335.5,80,335.54,80,335.55,40,335.6,160,335.64,200,335.72,80,335.78,120,335.94,40,335.95,40
2026-01-16 09:33:00,335.24,335.22,1,335.0,1480,335.48,120,335.48,335.0,335.0,1480,334.92,40,334.9,40,334.85,80,334.81,40,334.33,80,334.27,200,334.25,120,334.06,40,334.0,400,335.48,120,335.5,80,335.54,80,335.55,40,335.6,160,335.64,200,335.72,80,335.78,120,335.94,40,335.95,40
2026-01-16 09:33:01,335.24,335.22,1,335.0,1600,335.48,120,335.48,335.0,335.0,1600,334.92,40,334.9,40,334.85,80,334.81,40,334.33,80,334.27,200,334.25,120,334.06,40,334.0,400,335.48,120,335.5,80,335.54,80,335.55,40,335.6,160,335.64,200,335.72,80,335.78,120,335.94,40,335.95,40
2026-01-16 09:33:02,335.24,335.24,4,335.0,1600,335.48,120,335.48,335.0,335.0,1600,334.92,40,334.9,40,334.85,80,334.81,40,334.33,80,334.27,200,334.25,120,334.06,40,334.0,400,335.48,120,335.5,80,335.54,80,335.55,40,335.6,160,335.64,200,335.72,80,335.78,120,335.94,40,335.95,40
2026-01-16 09:33:03,335.24,335.0,1,335.0,1560,335.48,160,335.48,335.0,335.0,1560,334.92,40,334.9,40,334.85,80,334.81,40,334.33,80,334.27,200,334.25,120,334.06,40,334.0,400,335.48,160,335.5,80,335.54,80,335.55,40,335.6,160,335.64,200,335.72,80,335.78,120,335.94,40,335.95,40
2026-01-16 09:33:04,335.24,335.24,1,335.0,1560,335.48,160,335.48,335.0,335.0,1560,334.92,40,334.9,40,334.85,80,334.81,40,334.33,80,334.27,200,334.25,120,334.06,40,334.0,400,335.48,160,335.5,80,335.54,80,335.55,40,335.6,160,335.64,200,335.72,80,335.78,120,335.94,40,335.95,40
2026-01-16 09:33:05,335.24,335.24,1,335.0,1560,335.48,160,335.48,335.0,335.0,1560,334.92,40,334.9,40,334.85,80,334.81,40,334.33,80,334.27,200,334.25,120,334.06,40,334.0,400,335.48,160,335.5,80,335.54,80,335.55,40,335.6,160,335.64,200,335.72,80,335.78,120,335.94,40,335.95,40
2026-01-16 09:33:06,335.24,335.24,10,335.0,1560,335.48,240,335.48,335.0,335.0,1560,334.92,40,334.9,40,334.85,80,334.81,40,334.33,80,334.27,200,334.25,120,334.06,40,334.0,400,335.48,240,335.5,80,335.54,80,335.55,40,335.6,160,335.64,200,335.72,80,335.78,120,335.94,40,335.95,40
2026-01-16 09:33:07,335.24,335.24,10,335.0,1560,335.48,240,335.48,335.0,335.0,1560,334.92,40,334.9,40,334.85,80,334.81,40,334.33,80,334.27,200,334.25,120,334.06,40,334.0,400,335.48,240,335.5,80,335.54,80,335.55,40,335.6,160,335.64,200,335.72,80,335.78,120,335.94,40,335.95,40
2026-01-16 09:33:08,335.265,335.11,1,335.05,200,335.48,280,335.48,335.05,335.05,200,335.0,1560,334.92,40,334.9,40,334.85,80,334.81,40,334.33,80,334.27,200,334.25,120,334.06,40,335.48,280,335.5,80,335.54,80,335.55,40,335.6,160,335.64,200,335.72,80,335.78,120,335.94,40,335.95,40
2026-01-16 09:33:09,335.265,335.11,1,335.05,200,335.48,320,335.48,335.05,335.05,200,335.0,1560,334.92,40,334.9,40,334.85,80,334.81,40,334.33,80,334.27,200,334.25,120,334.06,40,335.48,320,335.5,80,335.54,80,335.55,40,335.6,160,335.64,200,335.72,80,335.78,120,335.94,40,335.95,40
2026-01-16 09:33:10,335.095,335.0,1,334.92,40,335.27,240,335.27,334.92,334.92,40,334.86,480,334.85,160,334.81,40,334.33,80,334.27,200,334.25,120,334.06,40,334.0,400,,,335.27,240,335.38,200,335.48,320,335.5,80,335.54,80,335.55,40,335.6,160,335.64,200,335.72,80,335.78,120
2026-01-16 09:33:11,335.095,335.0,1,334.92,40,335.27,240,335.27,334.92,334.92,40,334.86,480,334.85,160,334.81,40,334.33,80,334.27,200,334.25,120,334.06,40,334.0,400,,,335.27,240,335.38,200,335.48,320,335.5,80,335.54,80,335.55,40,335.6,160,335.64,200,335.72,80,335.78,120
2026-01-16 09:33:12,335.095,335.0,1,334.92,80,335.27,320,335.27,334.92,334.92,80,334.86,480,334.85,160,334.81,40,334.33,80,334.27,200,334.25,120,334.06,40,334.0,400,,,335.27,320,335.38,200,335.48,320,335.5,80,335.54,80,335.55,40,335.6,160,335.64,200,335.72,80,335.78,120
2026-01-16 09:33:13,335.18,334.96,1,335.1,200,335.26,40,335.26,335.1,335.1,200,335.09,200,334.94,40,334.92,40,334.85,160,334.81,40,334.33,80,334.27,200,334.25,120,334.06,40,335.26,40,335.27,400,335.38,200,335.48,320,335.5,80,335.54,80,335.55,40,335.6,160,335.64,200,335.72,80
2026-01-16 09:33:14,335.185,334.93,1,335.1,240,335.27,360,335.27,335.1,335.1,240,335.09,200,334.94,40,334.92,40,334.85,160,334.81,40,334.33,80,334.27,200,334.25,120,334.06,40,335.27,360,335.38,200,335.48,320,335.5,80,335.54,80,335.55,40,335.6,160,335.64,200,335.72,80,335.78,120
2026-01-16 09:33:15,335.185,334.93,1,335.1,240,335.27,360,335.27,335.1,335.1,240,335.09,200,334.94,40,334.92,40,334.85,160,334.81,40,334.33,80,334.27,200,334.25,120,334.06,40,335.27,360,335.38,200,335.48,320,335.5,80,335.54,80,335.55,40,335.6,160,335.64,200,335.72,80,335.78,120
2026-01-16 09:33:16,335.135,335.1,1,335.0,80,335.27,360,335.27,335.0,335.0,80,334.85,160,334.81,40,334.33,80,334.27,200,334.25,120,334.06,40,334.0,400,,,,,335.27,360,335.38,200,335.48,320,335.5,80,335.54,80,335.55,40,335.6,160,335.64,200,335.72,80,335.78,120
2026-01-16 09:33:17,335.135,335.1,1,335.0,80,335.27,360,335.27,335.0,335.0,80,334.85,160,334.81,40,334.33,80,334.27,200,334.25,120,334.06,40,334.0,400,,,,,335.27,360,335.38,200,335.48,320,335.5,80,335.54,80,335.55,40,335.6,160,335.64,200,335.72,80,335.78,120
2026-01-16 09:33:18,335.135,335.14,1,335.0,80,335.27,360,335.27,335.0,335.0,80,334.85,160,334.81,40,334.33,80,334.27,200,334.25,120,334.06,40,334.0,400,,,,,335.27,360,335.38,200,335.48,320,335.5,80,335.54,80,335.55,40,335.6,160,335.64,200,335.72,80,335.78,120
2026-01-16 09:33:19,335.135,335.14,1,335.0,80,335.27,360,335.27,335.0,335.0,80,334.85,160,334.81,40,334.33,80,334.27,200,334.25,120,334.06,40,334.0,400,,,,,335.27,360,335.38,200,335.48,320,335.5,80,335.54,80,335.55,40,335.6,160,335.64,200,335.72,80,335.78,120
2026-01-16 09:33:20,335.135,335.14,1,335.0,80,335.27,360,335.27,335.0,335.0,80,334.85,160,334.81,40,334.33,80,334.27,200,334.25,120,334.06,40,334.0,400,,,,,335.27,360,335.38,200,335.48,320,335.5,80,335.54,80,335.55,40,335.6,160,335.64,200,335.72,80,335.78,120
2026-01-16 09:33:21,335.135,335.27,1,335.0,80,335.27,360,335.27,335.0,335.0,80,334.85,160,334.81,40,334.33,80,334.27,200,334.25,120,334.06,40,334.0,400,,,,,335.27,360,335.38,200,335.48,320,335.5,80,335.54,80,335.55,40,335.6,160,335.64,200,335.72,80,335.78,120
2026-01-16 09:33:22,335.135,335.02,1,335.0,80,335.27,360,335.27,335.0,335.0,80,334.85,160,334.81,40,334.33,80,334.27,200,334.25,120,334.06,40,334.0,400,,,,,335.27,360,335.38,200,335.48,320,335.5,80,335.54,80,335.55,40,335.6,160,335.64,200,335.72,80,335.78,120
2026-01-16 09:33:23,335.135,335.02,1,335.0,80,335.27,360,335.27,335.0,335.0,80,334.85,160,334.81,40,334.33,80,334.27,200,334.25,120,334.06,40,334.0,400,,,,,335.27,360,335.38,200,335.48,320,335.5,80,335.54,80,335.55,40,335.6,160,335.64,200,335.72,80,335.78,120
2026-01-16 09:33:24,335.135,335.02,1,335.0,80,335.27,360,335.27,335.0,335.0,80,334.85,160,334.81,40,334.33,80,334.27,200,334.25,120,334.06,40,334.0,400,,,,,335.27,360,335.38,200,335.48,320,335.5,80,335.54,80,335.55,40,335.6,160,335.64,200,335.72,80,335.78,120
2026-01-16 09:33:25,335.135,335.02,1,335.0,80,335.27,360,335.27,335.0,335.0,80,334.85,160,334.81,40,334.33,80,334.27,200,334.25,120,334.06,40,334.0,400,,,,,335.27,360,335.38,200,335.48,320,335.5,80,335.54,80,335.55,40,335.6,160,335.64,200,335.72,80,335.78,120
2026-01-16 09:33:26,335.06,335.12,1,335.0,80,335.12,120,335.12,335.0,335.0,80,334.85,160,334.81,40,334.33,80,334.27,200,334.25,120,334.06,40,334.0,400,,,,,335.12,120,335.27,360,335.38,200,335.48,320,335.5,80,335.54,80,335.55,40,335.6,160,335.64,200,335.72,80
2026-01-16 09:33:27,335.16,335.12,1,335.0,80,335.32,80,335.32,335.0,335.0,80,334.85,160,334.81,40,334.33,80,334.27,200,334.25,120,334.06,40,334.0,400,,,,,335.32,80,335.38,200,335.48,320,335.5,80,335.54,80,335.55,40,335.6,160,335.64,200,335.72,80,335.78,120
2026-01-16 09:33:28,335.16,335.12,1,335.0,120,335.32,80,335.32,335.0,335.0,120,334.85,160,334.81,40,334.33,80,334.27,200,334.25,120,334.06,40,334.0,400,,,,,335.32,80,335.38,200,335.48,320,335.5,80,335.54,80,335.55,40,335.6,160,335.64,200,335.72,80,335.78,120
2026-01-16 09:33:29,335.1,335.12,1,335.0,160,335.2,40,335.2,335.0,335.0,160,334.85,160,334.81,40,334.33,80,334.27,200,334.25,120,334.06,40,334.0,400,,,,,335.2,40,335.32,80,335.38,200,335.48,320,335.5,80,335.54,80,335.55,40,335.6,160,335.64,200,335.72,80
2026-01-16 09:33:30,335.1,335.12,1,335.0,160,335.2,40,335.2,335.0,335.0,160,334.85,160,334.81,40,334.33,80,334.27,200,334.25,120,334.06,40,334.0,400,,,,,335.2,40,335.32,80,335.38,200,335.48,320,335.5,80,335.54,80,335.55,40,335.6,160,335.64,200,335.72,80
2026-01-16 09:33:31,335.005,335.01,1,334.91,40,335.1,160,335.1,334.91,334.91,40,334.85,160,334.81,40,334.33,80,334.27,200,334.25,120,334.06,40,334.0,400,,,,,335.1,160,335.2,40,335.32,80,335.38,200,335.48,320,335.5,80,335.54,80,335.55,40,335.6,160,335.64,200
2026-01-16 09:33:32,334.975,334.97,1,334.85,160,335.1,160,335.1,334.85,334.85,160,334.81,40,334.33,80,334.27,200,334.25,120,334.06,40,334.0,400,,,,,,,335.1,160,335.2,40,335.32,80,335.38,200,335.48,320,335.5,80,335.54,80,335.55,40,335.6,160,335.64,200
2026-01-16 09:33:33,334.975,334.98,10,334.85,160,335.1,160,335.1,334.85,334.85,160,334.81,40,334.33,80,334.27,200,334.25,120,334.06,40,334.0,400,,,,,,,335.1,160,335.2,40,335.32,80,335.38,200,335.48,320,335.5,80,335.54,80,335.55,40,335.6,160,335.64,200
2026-01-16 09:33:34,334.975,334.98,10,334.85,160,335.1,160,335.1,334.85,334.85,160,334.81,40,334.33,80,334.27,200,334.25,120,334.06,40,334.0,400,,,,,,,335.1,160,335.2,40,335.32,80,335.38,200,335.48,320,335.5,80,335.54,80,335.55,40,335.6,160,335.64,200
2026-01-16 09:33:35,334.845,335.0,5,334.69,40,335.0,240,335.0,334.69,334.69,40,334.65,40,334.33,80,334.27,200,334.25,120,334.06,40,334.0,400,,,,,,,335.0,240,335.1,160,335.2,40,335.32,80,335.38,200,335.48,320,335.5,80,335.54,80,335.55,40,335.6,160
2026-01-16 09:33:36,334.48,334.48,1,334.44,80,334.52,40,334.52,334.44,334.44,80,334.33,80,334.27,200,334.25,120,334.06,40,334.0,400,,,,,,,,,334.52,40,334.53,40,334.54,40,334.61,200,334.7,40,334.82,40,334.84,160,335.0,280,335.1,160,335.2,40
2026-01-16 09:33:37,334.16,334.06,7,334.03,480,334.29,40,334.29,334.03,334.03,480,334.0,400,,,,,,,,,,,,,,,,,334.29,40,334.3,40,334.31,160,334.36,120,334.52,40,334.53,40,334.54,40,334.61,200,334.7,40,334.82,40
2026-01-16 09:33:38,334.16,334.06,7,334.03,480,334.29,40,334.29,334.03,334.03,480,334.0,400,,,,,,,,,,,,,,,,,334.29,40,334.3,40,334.31,160,334.36,120,334.52,40,334.53,40,334.54,40,334.61,200,334.7,40,334.82,40
2026-01-16 09:33:39,334.16,334.06,7,334.03,480,334.29,40,334.29,334.03,334.03,480,334.0,400,,,,,,,,,,,,,,,,,334.29,40,334.3,40,334.31,160,334.36,120,334.52,40,334.53,40,334.54,40,334.61,200,334.7,40,334.82,40
2026-01-16 09:33:40,334.16,334.06,7,334.03,480,334.29,200,334.29,334.03,334.03,480,334.0,400,,,,,,,,,,,,,,,,,334.29,200,334.3,40,334.31,160,334.36,120,334.52,40,334.53,40,334.54,40,334.61,200,334.7,40,334.82,40
2026-01-16 09:33:41,334.16,334.05,1,334.03,480,334.29,160,334.29,334.03,334.03,480,334.0,400,,,,,,,,,,,,,,,,,334.29,160,334.3,40,334.31,160,334.36,120,334.52,40,334.53,40,334.54,40,334.61,200,334.7,40,334.82,40
2026-01-16 09:33:42,333.92,333.92,1,333.8,80,334.04,160,334.04,333.8,333.8,80,,,,,,,,,,,,,,,,,,,334.04,160,334.08,80,334.16,240,334.17,120,334.29,160,334.3,40,334.31,160,334.36,120,334.52,40,334.53,40
2026-01-16 09:33:43,333.92,333.92,1,333.8,80,334.04,120,334.04,333.8,333.8,80,,,,,,,,,,,,,,,,,,,334.04,120,334.08,80,334.16,240,334.17,120,334.29,160,334.3,40,334.31,160,334.36,120,334.52,40,334.53,40
2026-01-16 09:33:44,333.92,333.92,1,333.8,80,334.04,80,334.04,333.8,333.8,80,,,,,,,,,,,,,,,,,,,334.04,80,334.08,80,334.16,240,334.17,120,334.29,160,334.3,40,334.31,160,334.36,120,334.52,40,334.53,40
2026-01-16 09:33:45,333.92,333.92,1,333.8,80,334.04,200,334.04,333.8,333.8,80,,,,,,,,,,,,,,,,,,,334.04,200,334.08,80,334.16,240,334.17,120,334.29,160,334.3,40,334.31,160,334.36,120,334.52,40,334.53,40
2026-01-16 09:33:46,333.9,333.92,4,333.8,80,334.0,160,334.0,333.8,333.8,80,,,,,,,,,,,,,,,,,,,334.0,160,334.04,200,334.08,80,334.16,240,334.17,120,334.29,160,334.3,40,334.31,160,334.36,120,334.52,40
2026-01-16 09:33:47,333.9,333.92,4,333.8,80,334.0,160,334.0,333.8,333.8,80,,,,,,,,,,,,,,,,,,,334.0,160,334.04,200,334.08,80,334.16,240,334.17,120,334.29,160,334.3,40,334.31,160,334.36,120,334.52,40
2026-01-16 09:33:48,333.9,333.8,9,333.8,80,334.0,200,334.0,333.8,333.8,80,,,,,,,,,,,,,,,,,,,334.0,200,334.04,200,334.08,80,334.16,240,334.17,120,334.29,160,334.3,40,334.31,160,334.36,120,334.52,40
2026-01-16 09:33:49,333.49,333.4,8,333.33,40,333.65,520,333.65,333.33,333.33,40,333.24,40,333.21,40,333.2,120,,,,,,,,,,,,,333.65,520,333.72,80,333.79,200,333.8,720,334.0,200,334.04,200,334.08,80,334.16,240,334.17,120,334.29,160
2026-01-16 09:33:50,333.425,333.62,1,333.2,120,333.65,520,333.65,333.2,333.2,120,,,,,,,,,,,,,,,,,,,333.65,520,333.72,80,333.79,200,333.8,720,334.0,200,334.04,200,334.08,80,334.16,240,334.17,120,334.29,160
2026-01-16 09:33:51,333.395,333.26,1,333.14,40,333.65,520,333.65,333.14,333.14,40,333.1,40,333.03,40,,,,,,,,,,,,,,,333.65,520,333.72,80,333.79,200,333.8,720,334.0,200,334.04,200,334.08,80,334.16,240,334.17,120,334.29,160
2026-01-16 09:33:52,333.4,333.2,2,333.15,40,333.65,520,333.65,333.15,333.15,40,333.14,40,333.1,40,333.03,40,,,,,,,,,,,,,333.65,520,333.72,80,333.79,200,333.8,720,334.0,200,334.04,200,334.08,80,334.16,240,334.17,120,334.29,160
2026-01-16 09:33:53,333.4,333.2,2,333.15,80,333.65,560,333.65,333.15,333.15,80,333.14,40,333.1,40,333.03,40,,,,,,,,,,,,,333.65,560,333.72,80,333.79,200,333.8,720,334.0,200,334.04,200,334.08,80,334.16,240,334.17,120,334.29,160
2026-01-16 09:33:54,333.4,333.2,2,333.15,80,333.65,560,333.65,333.15,333.15,80,333.14,40,333.1,40,333.03,40,,,,,,,,,,,,,333.65,560,333.72,80,333.79,200,333.8,720,334.0,200,334.04,200,334.08,80,334.16,240,334.17,120,334.29,160
2026-01-16 09:33:55,333.425,333.46,9,333.2,40,333.65,520,333.65,333.2,333.2,40,333.15,80,333.14,40,333.1,40,333.03,40,,,,,,,,,,,333.65,520,333.72,80,333.79,200,333.8,720,334.0,200,334.04,200,334.08,80,334.16,240,334.17,120,334.29,160
2026-01-16 09:33:56,333.425,333.46,9,333.2,40,333.65,520,333.65,333.2,333.2,40,333.15,80,333.14,40,333.1,40,333.03,40,,,,,,,,,,,333.65,520,333.72,80,333.79,200,333.8,720,334.0,200,334.04,200,334.08,80,334.16,240,334.17,120,334.29,160
2026-01-16 09:33:57,333.425,333.27,1,333.2,80,333.65,520,333.65,333.2,333.2,80,333.15,80,333.14,40,333.1,40,333.03,40,,,,,,,,,,,333.65,520,333.72,80,333.79,200,333.8,720,334.0,200,334.04,200,334.08,80,334.16,240,334.17,120,334.29,160
2026-01-16 09:33:58,333.515,333.27,1,333.38,160,333.65,520,333.65,333.38,333.38,160,333.21,320,333.2,360,333.15,80,333.14,40,333.1,40,333.03,40,,,,,,,333.65,520,333.72,80,333.79,200,333.8,720,334.0,200,334.04,200,334.08,80,334.16,240,334.17,120,334.29,160
2026-01-16 09:33:59,333.515,333.54,3,333.38,160,333.65,520,333.65,333.38,333.38,160,333.21,320,333.2,360,333.15,80,333.14,40,333.1,40,333.03,40,,,,,,,333.65,520,333.72,80,333.79,200,333.8,720,334.0,200,334.04,200,334.08,80,334.16,240,334.17,120,334.29,160
2026-01-16 09:34:00,333.715,333.66,1,333.63,120,333.8,560,333.8,333.63,333.63,120,333.57,200,333.53,80,333.38,160,333.21,320,333.2,360,333.15,80,333.14,40,333.1,40,333.03,40,333.8,560,334.0,200,334.04,200,334.08,80,334.16,240,334.17,120,334.29,160,334.3,40,334.31,160,334.36,120
2026-01-16 09:34:01,333.715,333.66,1,333.63,120,333.8,560,333.8,333.63,333.63,120,333.57,200,333.53,80,333.38,160,333.21,320,333.2,360,333.15,80,333.14,40,333.1,40,333.03,40,333.8,560,334.0,200,334.04,200,334.08,80,334.16,240,334.17,120,334.29,160,334.3,40,334.31,160,334.36,120
2026-01-16 09:34:02,333.865,333.87,1,333.79,320,333.94,160,333.94,333.79,333.79,320,333.63,120,333.57,200,333.53,80,333.38,160,333.21,320,333.2,360,333.15,80,333.14,40,333.1,40,333.94,160,333.95,40,334.0,120,334.04,200,334.08,80,334.16,240,334.17,120,334.29,160,334.3,40,334.31,160
2026-01-16 09:34:03,333.61,333.65,1,333.35,40,333.87,200,333.87,333.35,333.35,40,333.21,320,333.2,360,333.15,80,333.14,40,333.1,40,333.03,40,,,,,,,333.87,200,333.94,160,333.95,40,334.0,120,334.04,200,334.08,80,334.16,240,334.17,120,334.29,160,334.3,40
2026-01-16 09:34:04,333.625,333.65,1,333.38,40,333.87,200,333.87,333.38,333.38,40,333.35,40,333.21,320,333.2,360,333.15,80,333.14,40,333.1,40,333.03,40,,,,,333.87,200,333.94,160,333.95,40,334.0,120,334.04,200,334.08,80,334.16,240,334.17,120,334.29,160,334.3,40
2026-01-16 09:34:05,333.625,333.63,1,333.38,40,333.87,200,333.87,333.38,333.38,40,333.35,40,333.21,320,333.2,360,333.15,80,333.14,40,333.1,40,333.03,40,,,,,333.87,200,333.94,160,333.95,40,334.0,120,334.04,200,334.08,80,334.16,240,334.17,120,334.29,160,334.3,40
2026-01-16 09:34:06,333.825,333.73,10,333.73,80,333.92,40,333.92,333.73,333.73,80,333.61,280,333.38,40,333.35,40,333.21,320,333.2,360,333.15,80,333.14,40,333.1,40,333.03,40,333.92,40,333.94,160,333.95,40,334.0,120,334.04,200,334.08,80,334.16,240,334.17,120,334.29,160,334.3,40
2026-01-16 09:34:07,333.665,333.62,2,333.5,120,333.83,80,333.83,333.5,333.5,120,333.38,40,333.35,40,333.21,320,333.2,360,333.15,80,333.14,40,333.1,40,333.03,40,,,333.83,80,333.92,80,333.94,160,333.95,40,334.0,120,334.04,200,334.08,80,334.16,240,334.17,120,334.29,160
2026-01-16 09:34:08,333.565,333.51,1,333.3,40,333.83,80,333.83,333.3,333.3,40,333.21,320,333.2,360,333.15,80,333.14,40,333.1,40,333.03,40,,,,,,,333.83,80,333.92,80,333.94,160,333.95,40,334.0,120,334.04,200,334.08,80,334.16,240,334.17,120,334.29,160
2026-01-16 09:34:09,333.515,333.51,1,333.3,40,333.73,120,333.73,333.3,333.3,40,333.21,320,333.2,360,333.15,80,333.14,40,333.1,40,333.03,40,,,,,,,333.73,120,333.79,200,333.83,80,333.92,80,333.94,160,333.95,40,334.0,120,334.04,200,334.08,80,334.16,240
2026-01-16 09:34:10,333.43,333.45,3,333.3,40,333.56,120,333.56,333.3,333.3,40,333.21,320,333.2,360,333.15,80,333.14,40,333.1,40,333.03,40,,,,,,,333.56,120,333.73,120,333.79,200,333.83,80,333.92,80,333.94,160,333.95,40,334.0,120,334.04,200,334.08,80
2026-01-16 09:34:11,333.43,333.45,3,333.3,40,333.56,120,333.56,333.3,333.3,40,333.21,320,333.2,360,333.15,80,333.14,40,333.1,40,333.03,40,,,,,,,333.56,120,333.73,120,333.79,200,333.83,80,333.92,80,333.94,160,333.95,40,334.0,120,334.04,200,334.08,80
2026-01-16 09:34:12,333.43,333.45,3,333.3,40,333.56,120,333.56,333.3,333.3,40,333.21,320,333.2,360,333.15,80,333.14,40,333.1,40,333.03,40,,,,,,,333.56,120,333.73,120,333.79,200,333.83,80,333.92,80,333.94,160,333.95,40,334.0,120,334.04,200,334.08,80
2026-01-16 09:34:13,333.29,333.28,1,333.15,240,333.43,80,333.43,333.15,333.15,240,333.14,40,333.1,40,333.03,40,,,,,,,,,,,,,333.43,80,333.56,120,333.73,120,333.79,200,333.83,80,333.92,80,333.94,160,333.95,40,334.0,120,334.04,200
2026-01-16 09:34:14,333.29,333.28,5,333.15,240,333.43,40,333.43,333.15,333.15,240,333.14,40,333.1,40,333.03,40,,,,,,,,,,,,,333.43,40,333.56,120,333.73,120,333.79,200,333.83,80,333.92,80,333.94,160,333.95,40,334.0,120,334.04,200
2026-01-16 09:34:15,333.05,333.0,3,333.02,40,333.08,80,333.08,333.02,333.02,40,333.0,640,332.95,40,332.94,40,332.9,40,332.86,40,332.85,40,,,,,,,333.08,80,333.09,80,333.11,40,333.19,200,333.23,80,333.26,40,333.3,120,333.43,40,333.56,120,333.73,120
2026-01-16 09:34:16,333.05,333.04,2,332.91,320,333.19,320,333.19,332.91,332.91,320,332.83,200,332.8,40,,,,,,,,,,,,,,,333.19,320,333.2,120,333.23,80,333.26,40,333.3,120,333.43,40,333.56,120,333.73,120,333.79,200,333.83,80
2026-01-16 09:34:17,332.955,332.99,1,332.91,80,333.0,120,333.0,332.91,332.91,80,332.8,40,,,,,,,,,,,,,,,,,333.0,120,333.05,80,333.19,120,333.2,120,333.23,80,333.26,40,333.3,120,333.43,40,333.56,120,333.73,120
2026-01-16 09:34:18,332.88,332.94,7,332.82,120,332.94,80,332.94,332.82,332.82,120,332.8,40,,,,,,,,,,,,,,,,,332.94,80,332.97,120,333.0,120,333.05,80,333.19,120,333.2,120,333.23,80,333.26,40,333.3,120,333.43,40
2026-01-16 09:34:19,332.91,332.94,7,332.82,200,333.0,120,333.0,332.82,332.82,200,332.8,40,,,,,,,,,,,,,,,,,333.0,120,333.05,80,333.19,120,333.2,120,333.23,80,333.26,40,333.3,120,333.43,40,333.56,120,333.73,120
2026-01-16 09:34:20,332.91,332.85,10,332.82,200,333.0,120,333.0,332.82,332.82,200,332.8,40,,,,,,,,,,,,,,,,,333.0,120,333.05,80,333.19,120,333.2,120,333.23,80,333.26,40,333.3,120,333.43,40,333.56,120,333.73,120
2026-01-16 09:34:21,332.91,332.85,10,332.82,200,333.0,120,333.0,332.82,332.82,200,332.8,40,,,,,,,,,,,,,,,,,333.0,120,333.05,80,333.19,120,333.2,120,333.23,80,333.26,40,333.3,120,333.43,40,333.56,120,333.73,120
2026-01-16 09:34:22,332.83,332.75,1,332.66,280,333.0,160,333.0,332.66,332.66,280,,,,,,,,,,,,,,,,,,,333.0,160,333.05,80,333.19,120,333.2,120,333.23,80,333.26,40,333.3,120,333.43,40,333.56,120,333.73,120
2026-01-16 09:34:23,332.735,332.65,1,332.64,120,332.83,160,332.83,332.64,332.64,120,,,,,,,,,,,,,,,,,,,332.83,160,332.84,80,333.0,200,333.05,80,333.19,120,333.2,120,333.23,80,333.26,40,333.3,120,333.43,40
2026-01-16 09:34:24,332.665,332.69,3,332.5,240,332.83,120,332.83,332.5,332.5,240,,,,,,,,,,,,,,,,,,,332.83,120,332.84,80,333.0,200,333.05,80,333.19,120,333.2,120,333.23,80,333.26,40,333.3,120,333.43,40
2026-01-16 09:34:25,332.665,332.52,1,332.5,240,332.83,120,332.83,332.5,332.5,240,,,,,,,,,,,,,,,,,,,332.83,120,332.84,80,333.0,200,333.05,80,333.19,120,333.2,120,333.23,80,333.26,40,333.3,120,333.43,40
2026-01-16 09:34:26,332.665,332.52,1,332.5,240,332.83,120,332.83,332.5,332.5,240,,,,,,,,,,,,,,,,,,,332.83,120,332.84,80,333.0,200,333.05,80,333.19,120,333.2,120,333.23,80,333.26,40,333.3,120,333.43,40
2026-01-16 09:34:27,332.665,332.52,1,332.5,200,332.83,120,332.83,332.5,332.5,200,,,,,,,,,,,,,,,,,,,332.83,120,332.84,80,333.0,200,333.05,80,333.19,120,333.2,120,333.23,80,333.26,40,333.3,120,333.43,40
2026-01-16 09:34:28,332.665,332.52,1,332.5,200,332.83,160,332.83,332.5,332.5,200,,,,,,,,,,,,,,,,,,,332.83,160,332.84,80,333.0,200,333.05,80,333.19,120,333.2,120,333.23,80,333.26,40,333.3,120,333.43,40
2026-01-16 09:34:29,332.665,332.53,2,332.5,40,332.83,320,332.83,332.5,332.5,40,332.42,200,,,,,,,,,,,,,,,,,332.83,320,332.84,80,333.0,200,333.05,80,333.19,120,333.2,120,333.23,80,333.26,40,333.3,120,333.43,40
2026-01-16 09:34:30,332.665,332.5,8,332.5,40,332.83,280,332.83,332.5,332.5,40,332.42,200,,,,,,,,,,,,,,,,,332.83,280,332.84,80,333.0,200,333.05,80,333.19,120,333.2,120,333.23,80,333.26,40,333.3,120,333.43,40
2026-01-16 09:34:31,332.665,332.67,1,332.5,120,332.83,320,332.83,332.5,332.5,120,332.42,200,,,,,,,,,,,,,,,,,332.83,320,332.84,80,333.0,200,333.05,80,333.19,120,333.2,120,333.23,80,333.26,40,333.3,120,333.43,40
2026-01-16 09:34:32,332.665,332.67,1,332.5,120,332.83,360,332.83,332.5,332.5,120,332.42,200,,,,,,,,,,,,,,,,,332.83,360,332.84,80,333.0,200,333.05,80,333.19,120,333.2,120,333.23,80,333.26,40,333.3,120,333.43,40
2026-01-16 09:34:33,332.71,332.71,1,332.59,80,332.83,320,332.83,332.59,332.59,80,332.55,200,332.5,120,332.42,200,,,,,,,,,,,,,332.83,320,332.84,80,333.0,200,333.05,80,333.19,120,333.2,120,333.23,80,333.26,40,333.3,120,333.43,40
2026-01-16 09:34:34,332.705,332.71,1,332.59,80,332.82,80,332.82,332.59,332.59,80,332.55,200,332.5,120,332.42,200,,,,,,,,,,,,,332.82,80,332.83,200,332.84,80,333.0,200,333.05,80,333.19,120,333.2,120,333.23,80,333.26,40,333.3,120
2026-01-16 09:34:35,332.69,332.55,1,332.55,80,332.83,240,332.83,332.55,332.55,80,332.5,600,332.42,200,,,,,,,,,,,,,,,332.83,240,332.84,80,333.0,200,333.05,80,333.19,120,333.2,120,333.23,80,333.26,40,333.3,120,333.43,40
2026-01-16 09:34:36,332.61,332.6,4,332.5,600,332.72,40,332.72,332.5,332.5,600,332.42,200,,,,,,,,,,,,,,,,,332.72,40,332.83,200,332.84,80,333.0,200,333.05,80,333.19,120,333.2,120,333.23,80,333.26,40,333.3,120
2026-01-16 09:34:37,332.66,332.61,1,332.5,600,332.82,40,332.82,332.5,332.5,600,332.42,200,,,,,,,,,,,,,,,,,332.82,40,332.83,200,332.84,80,333.0,200,333.05,80,333.19,120,333.2,120,333.23,80,333.26,40,333.3,120
2026-01-16 09:34:38,332.66,332.61,1,332.5,600,332.82,40,332.82,332.5,332.5,600,332.42,200,,,,,,,,,,,,,,,,,332.82,40,332.83,200,332.84,80,333.0,200,333.05,80,333.19,120,333.2,120,333.23,80,333.26,40,333.3,120
2026-01-16 09:34:39,332.7,332.7,1,332.58,80,332.82,40,332.82,332.58,332.58,80,332.5,520,332.42,200,,,,,,,,,,,,,,,332.82,40,332.83,200,332.84,80,333.0,200,333.05,80,333.19,120,333.2,120,333.23,80,333.26,40,333.3,120
2026-01-16 09:34:40,332.675,332.7,1,332.58,80,332.77,80,332.77,332.58,332.58,80,332.5,520,332.42,200,,,,,,,,,,,,,,,332.77,80,332.82,160,332.83,200,332.84,80,333.0,200,333.05,80,333.19,120,333.2,120,333.23,80,333.26,40
2026-01-16 09:34:41,332.675,332.7,1,332.58,80,332.77,80,332.77,332.58,332.58,80,332.5,520,332.42,200,,,,,,,,,,,,,,,332.77,80,332.82,160,332.83,200,332.84,80,333.0,200,333.05,80,333.19,120,333.2,120,333.23,80,333.26,40
2026-01-16 09:34:42,332.685,332.7,1,332.58,80,332.79,80,332.79,332.58,332.58,80,332.5,520,332.42,200,,,,,,,,,,,,,,,332.79,80,332.82,160,332.83,200,332.84,80,333.0,200,333.05,80,333.19,120,333.2,120,333.23,80,333.26,40
2026-01-16 09:34:43,332.665,332.7,1,332.51,80,332.82,160,332.82,332.51,332.51,80,332.5,520,332.42,200,,,,,,,,,,,,,,,332.82,160,332.83,200,332.84,80,333.0,200,333.05,80,333.19,120,333.2,120,333.23,80,333.26,40,333.3,120
2026-01-16 09:34:44,332.605,332.67,1,332.51,120,332.7,480,332.7,332.51,332.51,120,332.5,520,332.42,200,,,,,,,,,,,,,,,332.7,480,332.82,160,332.83,200,332.84,80,333.0,200,333.05,80,333.19,120,333.2,120,333.23,80,333.26,40
2026-01-16 09:34:45,332.605,332.64,1,332.51,120,332.7,480,332.7,332.51,332.51,120,332.5,520,332.42,200,,,,,,,,,,,,,,,332.7,480,332.82,160,332.83,200,332.84,80,333.0,200,333.05,80,333.19,120,333.2,120,333.23,80,333.26,40
2026-01-16 09:34:46,332.89,332.88,1,332.78,80,333.0,120,333.0,332.78,332.78,80,332.69,80,332.6,80,332.51,120,332.5,520,332.42,200,,,,,,,,,333.0,120,333.05,80,333.19,120,333.2,120,333.23,80,333.26,40,333.3,120,333.43,40,333.56,120,333.73,120
2026-01-16 09:34:47,332.89,332.84,1,332.78,80,333.0,120,333.0,332.78,332.78,80,332.69,80,332.6,80,332.51,120,332.5,520,332.42,200,,,,,,,,,333.0,120,333.05,80,333.19,120,333.2,120,333.23,80,333.26,40,333.3,120,333.43,40,333.56,120,333.73,120
2026-01-16 09:34:48,332.89,332.84,1,332.78,80,333.0,120,333.0,332.78,332.78,80,332.69,80,332.6,80,332.51,120,332.5,520,332.42,200,,,,,,,,,333.0,120,333.05,80,333.19,120,333.2,120,333.23,80,333.26,40,333.3,120,333.43,40,333.56,120,333.73,120
2026-01-16 09:34:49,332.9,332.9,1,332.8,40,333.0,120,333.0,332.8,332.8,40,332.78,80,332.69,80,332.6,80,332.51,120,332.5,520,332.42,200,,,,,,,333.0,120,333.05,80,333.19,120,333.2,120,333.23,80,333.26,40,333.3,120,333.43,40,333.56,120,333.73,120
2026-01-16 09:34:50,332.755,332.51,34,332.51,160,333.0,160,333.0,332.51,332.51,160,332.5,520,332.42,200,,,,,,,,,,,,,,,333.0,160,333.05,80,333.19,120,333.2,120,333.23,80,333.26,40,333.3,120,333.43,40,333.56,120,333.73,120
2026-01-16 09:34:51,332.855,332.76,3,332.71,400,333.0,160,333.0,332.71,332.71,400,332.51,160,332.5,520,332.42,200,,,,,,,,,,,,,333.0,160,333.05,80,333.19,120,333.2,120,333.23,80,333.26,40,333.3,120,333.43,40,333.56,120,333.73,120
2026-01-16 09:34:52,332.8,332.8,1,332.71,400,332.89,240,332.89,332.71,332.71,400,332.51,160,332.5,520,332.42,200,,,,,,,,,,,,,332.89,240,333.0,160,333.05,80,333.19,120,333.2,120,333.23,80,333.26,40,333.3,120,333.43,40,333.56,120
2026-01-16 09:34:53,332.8,332.8,1,332.71,400,332.89,240,332.89,332.71,332.71,400,332.51,160,332.5,520,332.42,200,,,,,,,,,,,,,332.89,240,333.0,160,333.05,80,333.19,120,333.2,120,333.23,80,333.26,40,333.3,120,333.43,40,333.56,120
2026-01-16 09:34:54,332.97,333.05,2,332.89,80,333.05,200,333.05,332.89,332.89,80,332.74,4000,332.71,400,332.51,160,332.5,520,332.42,200,,,,,,,,,333.05,200,333.19,120,333.2,120,333.23,80,333.26,40,333.3,120,333.43,40,333.56,120,333.73,120,333.79,200
2026-01-16 09:34:55,332.895,332.97,3,332.74,4000,333.05,200,333.05,332.74,332.74,4000,332.71,400,332.51,160,332.5,520,332.42,200,,,,,,,,,,,333.05,200,333.19,120,333.2,120,333.23,80,333.26,40,333.3,120,333.43,40,333.56,120,333.73,120,333.79,200
2026-01-16 09:34:56,332.895,332.97,3,332.74,4000,333.05,200,333.05,332.74,332.74,4000,332.71,400,332.51,160,332.5,520,332.42,200,,,,,,,,,,,333.05,200,333.19,120,333.2,120,333.23,80,333.26,40,333.3,120,333.43,40,333.56,120,333.73,120,333.79,200
2026-01-16 09:34:57,332.895,332.97,3,332.74,4000,333.05,240,333.05,332.74,332.74,4000,332.71,400,332.51,160,332.5,520,332.42,200,,,,,,,,,,,333.05,240,333.19,120,333.2,120,333.23,80,333.26,40,333.3,120,333.43,40,333.56,120,333.73,120,333.79,200
2026-01-16 09:34:58,332.895,332.74,2,332.74,2040,333.05,320,333.05,332.74,332.74,2040,332.71,400,332.51,160,332.5,520,332.42,200,,,,,,,,,,,333.05,320,333.19,120,333.2,120,333.23,80,333.26,40,333.3,120,333.43,40,333.56,120,333.73,120,333.79,200
2026-01-16 09:34:59,332.895,332.74,2,332.74,2040,333.05,320,333.05,332.74,332.74,2040,332.71,400,332.51,160,332.5,520,332.42,200,,,,,,,,,,,333.05,320,333.19,120,333.2,120,333.23,80,333.26,40,333.3,120,333.43,40,333.56,120,333.73,120,333.79,200
2026-01-16 09:35:00,332.905,333.05,6,332.76,40,333.05,320,333.05,332.76,332.76,40,332.74,2040,332.71,400,332.51,160,332.5,520,332.42,200,,,,,,,,,333.05,320,333.19,120,333.2,120,333.23,80,333.26,40,333.3,120,333.43,40,333.56,120,333.73,120,333.79,200
2026-01-16 09:35:01,332.755,332.74,30,332.6,200,332.91,240,332.91,332.6,332.6,200,332.51,160,332.5,520,332.42,200,,,,,,,,,,,,,332.91,240,333.0,40,333.05,320,333.19,120,333.2,120,333.23,80,333.26,40,333.3,120,333.43,40,333.56,120
2026-01-16 09:35:02,332.75,332.74,30,332.6,200,332.9,160,332.9,332.6,332.6,200,332.51,160,332.5,520,332.42,200,,,,,,,,,,,,,332.9,160,332.91,240,333.0,40,333.05,320,333.19,120,333.2,120,333.23,80,333.26,40,333.3,120,333.43,40
2026-01-16 09:35:03,332.75,332.75,3,332.6,200,332.9,160,332.9,332.6,332.6,200,332.51,160,332.5,520,332.42,200,,,,,,,,,,,,,332.9,160,332.91,240,333.0,40,333.05,320,333.19,120,333.2,120,333.23,80,333.26,40,333.3,120,333.43,40
2026-01-16 09:35:04,332.75,332.75,3,332.6,200,332.9,160,332.9,332.6,332.6,200,332.51,160,332.5,520,332.42,200,,,,,,,,,,,,,332.9,160,332.91,240,333.0,40,333.05,320,333.19,120,333.2,120,333.23,80,333.26,40,333.3,120,333.43,40
2026-01-16 09:35:05,332.835,332.75,3,332.77,80,332.9,160,332.9,332.77,332.77,80,332.6,200,332.51,160,332.5,520,332.42,200,,,,,,,,,,,332.9,160,332.91,240,333.0,40,333.05,320,333.19,120,333.2,120,333.23,80,333.26,40,333.3,120,333.43,40
2026-01-16 09:35:06,332.835,332.84,1,332.77,80,332.9,160,332.9,332.77,332.77,80,332.6,200,332.51,160,332.5,520,332.42,200,,,,,,,,,,,332.9,160,332.91,240,333.0,40,333.05,320,333.19,120,333.2,120,333.23,80,333.26,40,333.3,120,333.43,40
2026-01-16 09:35:07,332.72,332.77,1,332.6,200,332.84,80,332.84,332.6,332.6,200,332.51,160,332.5,520,332.42,200,,,,,,,,,,,,,332.84,80,332.9,80,332.91,240,333.0,40,333.05,320,333.19,120,333.2,120,333.23,80,333.26,40,333.3,120
2026-01-16 09:35:08,332.72,332.77,1,332.6,200,332.84,40,332.84,332.6,332.6,200,332.51,160,332.5,520,332.42,200,,,,,,,,,,,,,332.84,40,332.9,80,332.91,240,333.0,40,333.05,320,333.19,120,333.2,120,333.23,80,333.26,40,333.3,120
2026-01-16 09:35:09,332.72,332.72,4,332.6,240,332.84,40,332.84,332.6,332.6,240,332.51,160,332.5,520,332.42,200,,,,,,,,,,,,,332.84,40,332.9,80,332.91,240,333.0,40,333.05,320,333.19,120,333.2,120,333.23,80,333.26,40,333.3,120
2026-01-16 09:35:10,332.76,332.75,4,332.61,40,332.91,80,332.91,332.61,332.61,40,332.6,240,332.51,160,332.5,520,332.42,200,,,,,,,,,,,332.91,80,332.92,40,333.0,40,333.05,320,333.19,120,333.2,120,333.23,80,333.26,40,333.3,120,333.43,40
2026-01-16 09:35:11,332.755,332.75,4,332.61,120,332.9,200,332.9,332.61,332.61,120,332.6,240,332.51,160,332.5,520,332.42,200,,,,,,,,,,,332.9,200,332.91,120,332.92,40,333.0,40,333.05,320,333.19,120,333.2,120,333.23,80,333.26,40,333.3,120
2026-01-16 09:35:12,332.755,332.75,4,332.61,120,332.9,240,332.9,332.61,332.61,120,332.6,240,332.51,160,332.5,520,332.42,200,,,,,,,,,,,332.9,240,332.91,120,332.92,40,333.0,40,333.05,320,333.19,120,333.2,120,333.23,80,333.26,40,333.3,120
2026-01-16 09:35:13,332.755,332.64,1,332.61,120,332.9,280,332.9,332.61,332.61,120,332.6,240,332.51,160,332.5,520,332.42,200,,,,,,,,,,,332.9,280,332.91,120,332.92,40,333.0,40,333.05,320,333.19,120,333.2,120,333.23,80,333.26,40,333.3,120
2026-01-16 09:35:14,332.61,332.61,1,332.51,160,332.71,200,332.71,332.51,332.51,160,332.5,520,332.42,200,,,,,,,,,,,,,,,332.71,200,332.9,280,332.91,120,332.92,40,333.0,40,333.05,320,333.19,120,333.2,120,333.23,80,333.26,40
2026-01-16 09:35:15,332.61,332.61,1,332.51,160,332.71,200,332.71,332.51,332.51,160,332.5,520,332.42,200,,,,,,,,,,,,,,,332.71,200,332.9,280,332.91,120,332.92,40,333.0,40,333.05,320,333.19,120,333.2,120,333.23,80,333.26,40
2026-01-16 09:35:16,332.62,332.61,1,332.53,40,332.71,200,332.71,332.53,332.53,40,332.51,160,332.5,520,332.42,200,,,,,,,,,,,,,332.71,200,332.9,280,332.91,120,332.92,40,333.0,40,333.05,320,333.19,120,333.2,120,333.23,80,333.26,40
2026-01-16 09:35:17,332.62,332.53,1,332.53,40,332.71,200,332.71,332.53,332.53,40,332.51,160,332.5,520,332.42,200,,,,,,,,,,,,,332.71,200,332.9,280,332.91,120,332.92,40,333.0,40,333.05,320,333.19,120,333.2,120,333.23,80,333.26,40
2026-01-16 09:35:18,332.8,332.53,1,332.7,40,332.9,240,332.9,332.7,332.7,40,332.66,80,332.62,40,332.61,40,332.53,40,332.51,160,332.5,520,332.42,200,,,,,332.9,240,332.91,120,332.92,40,333.0,40,333.05,320,333.19,120,333.2,120,333.23,80,333.26,40,333.3,120
2026-01-16 09:35:19,332.8,332.9,1,332.7,40,332.9,240,332.9,332.7,332.7,40,332.66,80,332.62,40,332.61,40,332.53,40,332.51,160,332.5,520,332.42,200,,,,,332.9,240,332.91,120,332.92,40,333.0,40,333.05,320,333.19,120,333.2,120,333.23,80,333.26,40,333.3,120
2026-01-16 09:35:20,332.8,332.9,1,332.7,40,332.9,240,332.9,332.7,332.7,40,332.66,80,332.62,40,332.61,40,332.53,40,332.51,160,332.5,520,332.42,200,,,,,332.9,240,332.91,120,332.92,40,333.0,40,333.05,320,333.19,120,333.2,120,333.23,80,333.26,40,333.3,120
2026-01-16 09:35:21,332.69,332.69,1,332.61,80,332.77,120,332.77,332.61,332.61,80,332.53,40,332.51,160,332.5,520,332.42,200,,,,,,,,,,,332.77,120,332.8,80,332.81,40,332.9,240,332.91,120,332.92,40,333.0,40,333.05,320,333.19,120,333.2,120
2026-01-16 09:35:22,332.69,332.69,1,332.61,80,332.77,120,332.77,332.61,332.61,80,332.53,40,332.51,160,332.5,520,332.42,200,,,,,,,,,,,332.77,120,332.8,80,332.81,40,332.9,240,332.91,120,332.92,40,333.0,40,333.05,320,333.19,120,333.2,120
2026-01-16 09:35:23,332.69,332.69,1,332.61,80,332.77,120,332.77,332.61,332.61,80,332.53,40,332.51,160,332.5,520,332.42,200,,,,,,,,,,,332.77,120,332.8,80,332.81,40,332.9,240,332.91,120,332.92,40,333.0,40,333.05,320,333.19,120,333.2,120
2026-01-16 09:35:24,332.825,332.69,1,332.69,80,332.96,120,332.96,332.69,332.69,80,332.61,200,332.53,40,332.51,160,332.5,520,332.42,200,,,,,,,,,332.96,120,333.0,40,333.05,320,333.19,120,333.2,120,333.23,80,333.26,40,333.3,120,333.43,40,333.56,120
2026-01-16 09:35:25,332.825,332.83,1,332.69,80,332.96,80,332.96,332.69,332.69,80,332.61,200,332.53,40,332.51,160,332.5,520,332.42,200,,,,,,,,,332.96,80,333.0,40,333.05,320,333.19,120,333.2,120,333.23,80,333.26,40,333.3,120,333.43,40,333.56,120
2026-01-16 09:35:26,332.825,332.83,1,332.69,80,332.96,240,332.96,332.69,332.69,80,332.61,200,332.53,40,332.51,160,332.5,520,332.42,200,,,,,,,,,332.96,240,333.0,40,333.05,320,333.19,120,333.2,120,333.23,80,333.26,40,333.3,120,333.43,40,333.56,120
2026-01-16 09:35:27,332.825,332.83,1,332.69,80,332.96,240,332.96,332.69,332.69,80,332.61,200,332.53,40,332.51,160,332.5,520,332.42,200,,,,,,,,,332.96,240,333.0,40,333.05,320,333.19,120,333.2,120,333.23,80,333.26,40,333.3,120,333.43,40,333.56,120
2026-01-16 09:35:28,332.825,332.83,1,332.69,80,332.96,240,332.96,332.69,332.69,80,332.61,200,332.53,40,332.51,160,332.5,520,332.42,200,,,,,,,,,332.96,240,333.0,40,333.05,320,333.19,120,333.2,120,333.23,80,333.26,40,333.3,120,333.43,40,333.56,120
2026-01-16 09:35:29,332.825,332.83,1,332.69,80,332.96,240,332.96,332.69,332.69,80,332.61,200,332.53,40,332.51,160,332.5,520,332.42,200,,,,,,,,,332.96,240,333.0,40,333.05,320,333.19,120,333.2,120,333.23,80,333.26,40,333.3,120,333.43,40,333.56,120
2026-01-16 09:35:30,332.825,332.96,6,332.69,120,332.96,240,332.96,332.69,332.69,120,332.61,200,332.53,40,332.51,160,332.5,520,332.42,200,,,,,,,,,332.96,240,333.0,40,333.05,320,333.19,120,333.2,120,333.23,80,333.26,40,333.3,120,333.43,40,333.56,120
2026-01-16 09:35:31,332.39,332.43,1,332.3,40,332.48,120,332.48,332.3,332.3,40,332.23,40,,,,,,,,,,,,,,,,,332.48,120,332.54,80,332.59,280,332.76,200,332.92,40,332.96,240,333.0,40,333.05,320,333.19,120,333.2,120
2026-01-16 09:35:32,332.39,332.44,1,332.3,40,332.48,40,332.48,332.3,332.3,40,332.23,40,,,,,,,,,,,,,,,,,332.48,40,332.59,280,332.76,200,332.92,40,332.96,240,333.0,40,333.05,320,333.19,120,333.2,120,333.23,80
2026-01-16 09:35:33,332.39,332.44,1,332.3,40,332.48,40,332.48,332.3,332.3,40,332.23,40,,,,,,,,,,,,,,,,,332.48,40,332.59,280,332.76,200,332.92,40,332.96,240,333.0,40,333.05,320,333.19,120,333.2,120,333.23,80
2026-01-16 09:35:34,332.39,332.48,18,332.3,40,332.48,40,332.48,332.3,332.3,40,332.23,40,,,,,,,,,,,,,,,,,332.48,40,332.59,280,332.76,200,332.92,40,332.96,240,333.0,40,333.05,320,333.19,120,333.2,120,333.23,80
2026-01-16 09:35:35,332.39,332.38,1,332.3,40,332.48,120,332.48,332.3,332.3,40,332.23,40,,,,,,,,,,,,,,,,,332.48,120,332.59,280,332.76,200,332.92,40,332.96,240,333.0,40,333.05,320,333.19,120,333.2,120,333.23,80
2026-01-16 09:35:36,332.39,332.38,1,332.3,40,332.48,160,332.48,332.3,332.3,40,332.23,40,,,,,,,,,,,,,,,,,332.48,160,332.59,280,332.76,200,332.92,40,332.96,240,333.0,40,333.05,320,333.19,120,333.2,120,333.23,80
2026-01-16 09:35:37,332.39,332.48,1,332.3,40,332.48,160,332.48,332.3,332.3,40,332.23,40,,,,,,,,,,,,,,,,,332.48,160,332.59,280,332.76,200,332.92,40,332.96,240,333.0,40,333.05,320,333.19,120,333.2,120,333.23,80
2026-01-16 09:35:38,332.355,332.48,1,332.23,40,332.48,160,332.48,332.23,332.23,40,,,,,,,,,,,,,,,,,,,332.48,160,332.59,280,332.76,200,332.92,40,332.96,240,333.0,40,333.05,320,333.19,120,333.2,120,333.23,80
2026-01-16 09:35:39,332.39,332.48,1,332.3,40,332.48,160,332.48,332.3,332.3,40,332.23,40,,,,,,,,,,,,,,,,,332.48,160,332.59,280,332.76,200,332.92,40,332.96,240,333.0,40,333.05,320,333.19,120,333.2,120,333.23,80
2026-01-16 09:35:40,332.39,332.3,5,332.3,40,332.48,160,332.48,332.3,332.3,40,332.23,40,,,,,,,,,,,,,,,,,332.48,160,332.59,280,332.76,200,332.92,40,332.96,240,333.0,40,333.05,320,333.19,120,333.2,120,333.23,80
2026-01-16 09:35:41,332.415,332.42,1,332.3,80,332.53,80,332.53,332.3,332.3,80,332.23,40,,,,,,,,,,,,,,,,,332.53,80,332.59,280,332.76,200,332.92,40,332.96,240,333.0,40,333.05,320,333.19,120,333.2,120,333.23,80
2026-01-16 09:35:42,332.415,332.41,1,332.3,160,332.53,80,332.53,332.3,332.3,160,332.23,40,,,,,,,,,,,,,,,,,332.53,80,332.59,280,332.76,200,332.92,40,332.96,240,333.0,40,333.05,320,333.19,120,333.2,120,333.23,80
2026-01-16 09:35:43,332.415,332.42,2,332.3,320,332.53,80,332.53,332.3,332.3,320,332.23,40,,,,,,,,,,,,,,,,,332.53,80,332.59,280,332.76,200,332.92,40,332.96,240,333.0,40,333.05,320,333.19,120,333.2,120,333.23,80
2026-01-16 09:35:44,332.415,332.42,2,332.3,320,332.53,80,332.53,332.3,332.3,320,332.23,40,,,,,,,,,,,,,,,,,332.53,80,332.59,280,332.76,200,332.92,40,332.96,240,333.0,40,333.05,320,333.19,120,333.2,120,333.23,80
2026-01-16 09:35:45,332.49,332.42,2,332.39,200,332.59,120,332.59,332.39,332.39,200,332.35,40,332.31,160,332.3,320,332.23,40,,,,,,,,,,,332.59,120,332.6,80,332.76,200,332.92,40,332.96,240,333.0,40,333.05,320,333.19,120,333.2,120,333.23,80
2026-01-16 09:35:46,332.49,332.49,1,332.39,200,332.59,120,332.59,332.39,332.39,200,332.35,40,332.31,160,332.3,320,332.23,40,,,,,,,,,,,332.59,120,332.6,80,332.76,200,332.92,40,332.96,240,333.0,40,333.05,320,333.19,120,333.2,120,333.23,80
2026-01-16 09:35:47,332.49,332.49,1,332.39,200,332.59,120,332.59,332.39,332.39,200,332.35,40,332.31,160,332.3,320,332.23,40,,,,,,,,,,,332.59,120,332.6,80,332.76,200,332.92,40,332.96,240,333.0,40,333.05,320,333.19,120,333.2,120,333.23,80
2026-01-16 09:35:48,332.49,332.49,1,332.39,200,332.59,120,332.59,332.39,332.39,200,332.35,40,332.31,160,332.3,320,332.23,40,,,,,,,,,,,332.59,120,332.6,80,332.76,200,332.92,40,332.96,240,333.0,40,333.05,320,333.19,120,333.2,120,333.23,80
2026-01-16 09:35:49,332.5,332.49,1,332.43,160,332.57,80,332.57,332.43,332.43,160,332.39,200,332.35,40,332.31,160,332.3,320,332.23,40,,,,,,,,,332.57,80,332.61,120,332.64,80,332.76,200,332.92,40,332.96,240,333.0,40,333.05,320,333.19,120,333.2,120
2026-01-16 09:35:50,332.525,332.49,1,332.48,200,332.57,120,332.57,332.48,332.48,200,332.43,280,332.39,200,332.35,40,332.31,160,332.3,320,332.23,40,,,,,,,332.57,120,332.61,120,332.64,80,332.76,200,332.92,40,332.96,240,333.0,40,333.05,320,333.19,120,333.2,120
2026-01-16 09:35:51,332.56,332.5,1,332.48,200,332.64,80,332.64,332.48,332.48,200,332.43,280,332.39,200,332.35,40,332.31,160,332.3,320,332.23,40,,,,,,,332.64,80,332.76,200,332.92,40,332.96,240,333.0,40,333.05,320,333.19,120,333.2,120,333.23,80,333.26,40
2026-01-16 09:35:52,332.56,332.5,1,332.48,160,332.64,80,332.64,332.48,332.48,160,332.43,240,332.39,200,332.35,40,332.31,160,332.3,320,332.23,40,,,,,,,332.64,80,332.76,200,332.92,40,332.96,240,333.0,40,333.05,320,333.19,120,333.2,120,333.23,80,333.26,40
2026-01-16 09:35:53,332.56,332.57,4,332.48,160,332.64,80,332.64,332.48,332.48,160,332.43,240,332.39,200,332.35,40,332.31,160,332.3,320,332.23,40,,,,,,,332.64,80,332.76,200,332.92,40,332.96,240,333.0,40,333.05,320,333.19,120,333.2,120,333.23,80,333.26,40
2026-01-16 09:35:54,332.56,332.57,4,332.48,160,332.64,80,332.64,332.48,332.48,160,332.43,240,332.39,200,332.35,40,332.31,160,332.3,320,332.23,40,,,,,,,332.64,80,332.76,200,332.92,40,332.96,240,333.0,40,333.05,320,333.19,120,333.2,120,333.23,80,333.26,40
2026-01-16 09:35:55,332.56,332.57,4,332.48,160,332.64,80,332.64,332.48,332.48,160,332.43,240,332.39,200,332.35,40,332.31,160,332.3,320,332.23,40,,,,,,,332.64,80,332.76,200,332.92,40,332.96,240,333.0,40,333.05,320,333.19,120,333.2,120,333.23,80,333.26,40
2026-01-16 09:35:56,332.56,332.57,4,332.48,160,332.64,80,332.64,332.48,332.48,160,332.43,240,332.39,200,332.35,40,332.31,160,332.3,320,332.23,40,,,,,,,332.64,80,332.76,200,332.92,40,332.96,240,333.0,40,333.05,320,333.19,120,333.2,120,333.23,80,333.26,40
2026-01-16 09:35:57,332.56,332.57,4,332.48,160,332.64,80,332.64,332.48,332.48,160,332.43,240,332.39,200,332.35,40,332.31,160,332.3,320,332.23,40,,,,,,,332.64,80,332.76,200,332.92,40,332.96,240,333.0,40,333.05,320,333.19,120,333.2,120,333.23,80,333.26,40
2026-01-16 09:35:58,332.355,332.41,2,332.3,480,332.41,40,332.41,332.3,332.3,480,332.23,40,,,,,,,,,,,,,,,,,332.41,40,332.63,40,332.64,80,332.76,200,332.92,40,332.96,240,333.0,40,333.05,320,333.19,120,333.2,120
2026-01-16 09:35:59,332.465,332.41,10,332.3,480,332.63,80,332.63,332.3,332.3,480,332.23,40,,,,,,,,,,,,,,,,,332.63,80,332.64,80,332.76,200,332.92,40,332.96,240,333.0,40,333.05,320,333.19,120,333.2,120,333.23,80
2026-01-16 09:36:00,332.41,332.41,10,332.3,480,332.52,40,332.52,332.3,332.3,480,332.23,40,,,,,,,,,,,,,,,,,332.52,40,332.63,40,332.64,80,332.76,200,332.92,40,332.96,240,333.0,40,333.05,320,333.19,120,333.2,120
2026-01-16 09:36:01,332.41,332.41,10,332.3,480,332.52,40,332.52,332.3,332.3,480,332.23,40,,,,,,,,,,,,,,,,,332.52,40,332.63,40,332.64,80,332.76,200,332.92,40,332.96,240,333.0,40,333.05,320,333.19,120,333.2,120
2026-01-16 09:36:02,332.42,332.41,10,332.32,200,332.52,120,332.52,332.32,332.32,200,332.3,480,332.23,40,,,,,,,,,,,,,,,332.52,120,332.63,40,332.64,80,332.76,200,332.92,40,332.96,240,333.0,40,333.05,320,333.19,120,333.2,120
2026-01-16 09:36:03,332.42,332.46,9,332.32,200,332.52,160,332.52,332.32,332.32,200,332.3,480,332.23,40,,,,,,,,,,,,,,,332.52,160,332.63,40,332.64,80,332.76,200,332.92,40,332.96,240,333.0,40,333.05,320,333.19,120,333.2,120
2026-01-16 09:36:04,332.295,332.28,1,332.18,80,332.41,120,332.41,332.18,332.18,80,,,,,,,,,,,,,,,,,,,332.41,120,332.52,240,332.56,320,332.57,120,332.63,40,332.64,80,332.76,200,332.92,40,332.96,240,333.0,40
2026-01-16 09:36:05,332.295,332.28,1,332.18,80,332.41,120,332.41,332.18,332.18,80,,,,,,,,,,,,,,,,,,,332.41,120,332.52,240,332.56,320,332.57,120,332.63,40,332.64,80,332.76,200,332.92,40,332.96,240,333.0,40
2026-01-16 09:36:06,332.295,332.3,1,332.18,80,332.41,40,332.41,332.18,332.18,80,,,,,,,,,,,,,,,,,,,332.41,40,332.5,80,332.52,240,332.56,320,332.57,120,332.63,40,332.64,80,332.76,200,332.92,40,332.96,240
2026-01-16 09:36:07,332.295,332.28,2,332.18,80,332.41,40,332.41,332.18,332.18,80,,,,,,,,,,,,,,,,,,,332.41,40,332.5,80,332.52,240,332.56,320,332.57,120,332.63,40,332.64,80,332.76,200,332.92,40,332.96,240
2026-01-16 09:36:08,332.295,332.28,2,332.18,80,332.41,40,332.41,332.18,332.18,80,,,,,,,,,,,,,,,,,,,332.41,40,332.5,80,332.52,240,332.56,320,332.57,120,332.63,40,332.64,80,332.76,200,332.92,40,332.96,240
2026-01-16 09:36:09,332.29,332.3,1,332.18,80,332.4,480,332.4,332.18,332.18,80,,,,,,,,,,,,,,,,,,,332.4,480,332.41,40,332.5,80,332.52,240,332.56,320,332.57,120,332.63,40,332.64,80,332.76,200,332.92,40
2026-01-16 09:36:10,332.29,332.2,2,332.18,80,332.4,480,332.4,332.18,332.18,80,,,,,,,,,,,,,,,,,,,332.4,480,332.41,40,332.5,80,332.52,240,332.56,320,332.57,120,332.63,40,332.64,80,332.76,200,332.92,40
2026-01-16 09:36:11,332.29,332.3,2,332.18,80,332.4,520,332.4,332.18,332.18,80,,,,,,,,,,,,,,,,,,,332.4,520,332.41,40,332.5,80,332.52,240,332.56,320,332.57,120,332.63,40,332.64,80,332.76,200,332.92,40
2026-01-16 09:36:12,332.29,332.3,2,332.18,80,332.4,520,332.4,332.18,332.18,80,,,,,,,,,,,,,,,,,,,332.4,520,332.41,40,332.5,80,332.52,240,332.56,320,332.57,120,332.63,40,332.64,80,332.76,200,332.92,40
2026-01-16 09:36:13,332.29,332.3,2,332.18,80,332.4,640,332.4,332.18,332.18,80,,,,,,,,,,,,,,,,,,,332.4,640,332.41,40,332.5,80,332.52,240,332.56,320,332.57,120,332.63,40,332.64,80,332.76,200,332.92,40
2026-01-16 09:36:14,332.145,332.3,2,332.1,200,332.19,160,332.19,332.1,332.1,200,,,,,,,,,,,,,,,,,,,332.19,160,332.3,80,332.4,640,332.41,40,332.5,80,332.52,240,332.56,320,332.57,120,332.63,40,332.64,80
2026-01-16 09:36:15,332.17,332.17,1,332.1,80,332.24,200,332.24,332.1,332.1,80,,,,,,,,,,,,,,,,,,,332.24,200,332.3,80,332.4,640,332.41,40,332.5,80,332.52,240,332.56,320,332.57,120,332.63,40,332.64,80
2026-01-16 09:36:16,332.17,332.18,1,332.1,120,332.24,200,332.24,332.1,332.1,120,,,,,,,,,,,,,,,,,,,332.24,200,332.3,80,332.4,640,332.41,40,332.5,80,332.52,240,332.56,320,332.57,120,332.63,40,332.64,80
2026-01-16 09:36:17,332.25,332.17,1,332.1,120,332.4,520,332.4,332.1,332.1,120,,,,,,,,,,,,,,,,,,,332.4,520,332.41,40,332.5,80,332.52,240,332.56,320,332.57,120,332.63,40,332.64,80,332.76,200,332.92,40
2026-01-16 09:36:18,332.095,332.08,1,332.04,40,332.15,200,332.15,332.04,332.04,40,332.01,40,,,,,,,,,,,,,,,,,332.15,200,332.29,200,332.4,600,332.41,40,332.5,80,332.52,240,332.56,320,332.57,120,332.63,40,332.64,80
2026-01-16 09:36:19,332.11,332.11,1,332.07,280,332.15,240,332.15,332.07,332.07,280,332.04,40,332.01,40,,,,,,,,,,,,,,,332.15,240,332.29,200,332.4,600,332.41,40,332.5,80,332.52,240,332.56,320,332.57,120,332.63,40,332.64,80
2026-01-16 09:36:20,332.16,332.15,1,332.11,40,332.21,80,332.21,332.11,332.11,40,332.07,320,332.04,40,332.01,40,,,,,,,,,,,,,332.21,80,332.29,200,332.4,600,332.41,40,332.5,80,332.52,240,332.56,320,332.57,120,332.63,40,332.64,80
2026-01-16 09:36:21,332.11,332.06,8,332.06,200,332.16,200,332.16,332.06,332.06,200,332.04,200,332.01,40,,,,,,,,,,,,,,,332.16,200,332.2,40,332.21,200,332.29,200,332.4,600,332.41,40,332.5,80,332.52,240,332.56,320,332.57,120
2026-01-16 09:36:22,332.11,332.11,1,332.06,200,332.16,240,332.16,332.06,332.06,200,332.04,200,332.01,40,,,,,,,,,,,,,,,332.16,240,332.2,40,332.21,200,332.29,200,332.4,600,332.41,40,332.5,80,332.52,240,332.56,320,332.57,120
2026-01-16 09:36:23,332.135,332.11,1,332.06,200,332.21,200,332.21,332.06,332.06,200,332.04,200,332.01,40,,,,,,,,,,,,,,,332.21,200,332.29,200,332.4,600,332.41,40,332.5,80,332.52,240,332.56,320,332.57,120,332.63,40,332.64,80
2026-01-16 09:36:25,332.135,332.07,5,332.06,200,332.21,160,332.21,332.06,332.06,200,332.04,200,332.01,40,,,,,,,,,,,,,,,332.21,160,332.29,200,332.4,600,332.41,40,332.5,80,332.52,240,332.56,320,332.57,120,332.63,40,332.64,80
2026-01-16 09:36:26,332.095,332.07,5,332.05,200,332.14,80,332.14,332.05,332.05,200,332.01,80,,,,,,,,,,,,,,,,,332.14,80,332.21,160,332.29,200,332.4,600,332.41,40,332.5,80,332.52,240,332.56,320,332.57,120,332.63,40
2026-01-16 09:36:27,331.96,331.96,1,331.89,80,332.03,920,332.03,331.89,331.89,80,,,,,,,,,,,,,,,,,,,332.03,920,332.11,200,332.14,160,332.21,160,332.29,200,332.4,600,332.41,40,332.5,80,332.52,240,332.56,320
2026-01-16 09:36:28,331.96,332.0,14,331.89,80,332.03,880,332.03,331.89,331.89,80,,,,,,,,,,,,,,,,,,,332.03,880,332.11,200,332.14,160,332.21,160,332.29,200,332.4,600,332.41,40,332.5,80,332.52,240,332.56,320
2026-01-16 09:36:29,331.96,332.0,14,331.89,280,332.03,880,332.03,331.89,331.89,280,,,,,,,,,,,,,,,,,,,332.03,880,332.11,200,332.14,160,332.21,160,332.29,200,332.4,600,332.41,40,332.5,80,332.52,240,332.56,320
2026-01-16 09:36:30,331.835,331.87,1,331.72,40,331.95,80,331.95,331.72,331.72,40,331.67,360,,,,,,,,,,,,,,,,,331.95,80,331.96,40,332.03,880,332.11,200,332.14,160,332.21,160,332.29,200,332.4,600,332.41,40,332.5,80
2026-01-16 09:36:31,331.835,331.83,1,331.72,80,331.95,80,331.95,331.72,331.72,80,331.67,360,,,,,,,,,,,,,,,,,331.95,80,331.96,40,332.03,880,332.11,200,332.14,160,332.21,160,332.29,200,332.4,600,332.41,40,332.5,80
2026-01-16 09:36:32,331.835,331.83,1,331.72,80,331.95,80,331.95,331.72,331.72,80,331.67,360,,,,,,,,,,,,,,,,,331.95,80,331.96,40,332.03,880,332.11,200,332.14,160,332.21,160,332.29,200,332.4,600,332.41,40,332.5,80
2026-01-16 09:36:33,331.835,331.83,1,331.72,80,331.95,80,331.95,331.72,331.72,80,331.67,360,,,,,,,,,,,,,,,,,331.95,80,331.96,40,332.03,880,332.11,200,332.14,160,332.21,160,332.29,200,332.4,600,332.41,40,332.5,80
2026-01-16 09:36:34,331.835,331.83,1,331.72,80,331.95,80,331.95,331.72,331.72,80,331.67,360,,,,,,,,,,,,,,,,,331.95,80,331.96,40,332.03,880,332.11,200,332.14,160,332.21,160,332.29,200,332.4,600,332.41,40,332.5,80
2026-01-16 09:36:35,331.835,331.83,1,331.72,120,331.95,80,331.95,331.72,331.72,120,331.67,360,,,,,,,,,,,,,,,,,331.95,80,331.96,40,332.03,880,332.11,200,332.14,160,332.21,160,332.29,200,332.4,600,332.41,40,332.5,80
2026-01-16 09:36:36,331.835,331.83,1,331.72,120,331.95,80,331.95,331.72,331.72,120,331.67,360,,,,,,,,,,,,,,,,,331.95,80,331.96,40,332.03,880,332.11,200,332.14,160,332.21,160,332.29,200,332.4,600,332.41,40,332.5,80
2026-01-16 09:36:37,331.9,331.83,1,331.8,40,332.0,80,332.0,331.8,331.8,40,331.72,120,331.67,360,,,,,,,,,,,,,,,332.0,80,332.03,880,332.11,200,332.14,160,332.21,160,332.29,200,332.4,600,332.41,40,332.5,80,332.52,240
2026-01-16 09:36:38,331.9,331.83,1,331.8,40,332.0,80,332.0,331.8,331.8,40,331.72,120,331.67,360,,,,,,,,,,,,,,,332.0,80,332.03,880,332.11,200,332.14,160,332.21,160,332.29,200,332.4,600,332.41,40,332.5,80,332.52,240
2026-01-16 09:36:39,331.9,331.96,4,331.8,40,332.0,80,332.0,331.8,331.8,40,331.72,120,331.67,360,,,,,,,,,,,,,,,332.0,80,332.03,880,332.11,200,332.14,160,332.21,160,332.29,200,332.4,600,332.41,40,332.5,80,332.52,240
2026-01-16 09:36:40,331.86,331.96,4,331.72,120,332.0,80,332.0,331.72,331.72,120,331.67,360,,,,,,,,,,,,,,,,,332.0,80,332.03,880,332.11,200,332.14,160,332.21,160,332.29,200,332.4,600,332.41,40,332.5,80,332.52,240
2026-01-16 09:36:41,331.86,331.87,1,331.72,120,332.0,80,332.0,331.72,331.72,120,331.67,360,,,,,,,,,,,,,,,,,332.0,80,332.03,880,332.11,200,332.14,160,332.21,160,332.29,200,332.4,600,332.41,40,332.5,80,332.52,240
2026-01-16 09:36:42,331.8,331.8,1,331.72,120,331.88,120,331.88,331.72,331.72,120,331.67,360,,,,,,,,,,,,,,,,,331.88,120,332.0,80,332.03,880,332.11,200,332.14,160,332.21,160,332.29,200,332.4,600,332.41,40,332.5,80
2026-01-16 09:36:43,331.8,331.76,1,331.72,120,331.88,120,331.88,331.72,331.72,120,331.67,360,,,,,,,,,,,,,,,,,331.88,120,332.0,80,332.03,880,332.11,200,332.14,160,332.21,160,332.29,200,332.4,600,332.41,40,332.5,80
2026-01-16 09:36:44,331.8,331.8,1,331.72,120,331.88,120,331.88,331.72,331.72,120,331.67,360,,,,,,,,,,,,,,,,,331.88,120,332.0,80,332.03,880,332.11,200,332.14,160,332.21,160,332.29,200,332.4,600,332.41,40,332.5,80
2026-01-16 09:36:45,331.84,331.8,1,331.8,40,331.88,120,331.88,331.8,331.8,40,331.72,120,331.67,360,,,,,,,,,,,,,,,331.88,120,332.0,80,332.03,880,332.11,200,332.14,160,332.21,160,332.29,200,332.4,600,332.41,40,332.5,80
2026-01-16 09:36:46,331.84,331.8,1,331.8,40,331.88,40,331.88,331.8,331.8,40,331.72,120,331.67,360,,,,,,,,,,,,,,,331.88,40,332.0,80,332.03,880,332.11,200,332.14,160,332.21,160,332.29,200,332.4,600,332.41,40,332.5,80
2026-01-16 09:36:47,331.865,331.88,1,331.8,280,331.93,160,331.93,331.8,331.8,280,331.72,120,331.67,360,,,,,,,,,,,,,,,331.93,160,332.0,80,332.03,880,332.11,200,332.14,160,332.21,160,332.29,200,332.4,600,332.41,40,332.5,80
2026-01-16 09:36:48,331.91,331.93,3,331.81,40,332.01,40,332.01,331.81,331.81,40,331.8,280,331.72,120,331.67,360,,,,,,,,,,,,,332.01,40,332.03,880,332.11,200,332.14,160,332.21,160,332.29,200,332.4,600,332.41,40,332.5,80,332.52,240
2026-01-16 09:36:49,331.91,331.91,1,331.81,40,332.01,160,332.01,331.81,331.81,40,331.8,280,331.72,120,331.67,360,,,,,,,,,,,,,332.01,160,332.03,880,332.11,200,332.14,160,332.21,160,332.29,200,332.4,600,332.41,40,332.5,80,332.52,240
2026-01-16 09:36:50,331.91,332.01,10,331.81,40,332.01,160,332.01,331.81,331.81,40,331.8,280,331.72,120,331.67,360,,,,,,,,,,,,,332.01,160,332.03,880,332.11,200,332.14,160,332.21,160,332.29,200,332.4,600,332.41,40,332.5,80,332.52,240
2026-01-16 09:36:51,331.91,332.01,10,331.81,40,332.01,160,332.01,331.81,331.81,40,331.8,280,331.72,120,331.67,360,,,,,,,,,,,,,332.01,160,332.03,880,332.11,200,332.14,160,332.21,160,332.29,200,332.4,600,332.41,40,332.5,80,332.52,240
2026-01-16 09:36:52,331.84,331.81,6,331.67,360,332.01,280,332.01,331.67,331.67,360,,,,,,,,,,,,,,,,,,,332.01,280,332.03,880,332.11,200,332.14,160,332.21,160,332.29,200,332.4,600,332.41,40,332.5,80,332.52,240
2026-01-16 09:36:53,331.84,331.8,1,331.67,360,332.01,280,332.01,331.67,331.67,360,,,,,,,,,,,,,,,,,,,332.01,280,332.03,880,332.11,200,332.14,160,332.21,160,332.29,200,332.4,600,332.41,40,332.5,80,332.52,240
2026-01-16 09:36:54,331.835,331.83,1,331.67,360,332.0,560,332.0,331.67,331.67,360,,,,,,,,,,,,,,,,,,,332.0,560,332.01,320,332.03,880,332.11,200,332.14,160,332.21,160,332.29,200,332.4,600,332.41,40,332.5,80
2026-01-16 09:36:55,331.8,331.9,1,331.67,360,331.93,120,331.93,331.67,331.67,360,,,,,,,,,,,,,,,,,,,331.93,120,332.0,520,332.01,320,332.03,880,332.11,200,332.14,160,332.21,160,332.29,200,332.4,600,332.41,40
2026-01-16 09:36:56,331.8,331.8,1,331.67,360,331.93,200,331.93,331.67,331.67,360,,,,,,,,,,,,,,,,,,,331.93,200,332.0,520,332.01,320,332.03,880,332.11,200,332.14,160,332.21,160,332.29,200,332.4,600,332.41,40
2026-01-16 09:36:57,331.8,331.9,1,331.67,360,331.93,240,331.93,331.67,331.67,360,,,,,,,,,,,,,,,,,,,331.93,240,332.0,520,332.01,320,332.03,880,332.11,200,332.14,160,332.21,160,332.29,200,332.4,600,332.41,40
2026-01-16 09:36:58,331.775,331.9,1,331.67,360,331.88,80,331.88,331.67,331.67,360,,,,,,,,,,,,,,,,,,,331.88,80,331.93,280,332.0,520,332.01,320,332.03,880,332.11,200,332.14,160,332.21,160,332.29,200,332.4,600
2026-01-16 09:36:59,331.755,331.72,3,331.64,80,331.87,80,331.87,331.64,331.64,80,,,,,,,,,,,,,,,,,,,331.87,80,331.88,80,331.93,280,332.0,520,332.01,320,332.03,880,332.11,200,332.14,160,332.21,160,332.29,200
2026-01-16 09:37:00,331.715,331.74,3,331.64,80,331.79,40,331.79,331.64,331.64,80,,,,,,,,,,,,,,,,,,,331.79,40,331.83,120,331.87,80,331.88,80,331.93,280,332.0,520,332.01,320,332.03,880,332.11,200,332.14,160
2026-01-16 09:37:01,331.69,331.74,3,331.55,160,331.83,160,331.83,331.55,331.55,160,,,,,,,,,,,,,,,,,,,331.83,160,331.87,80,331.88,80,331.93,280,332.0,520,332.01,320,332.03,880,332.11,200,332.14,160,332.21,160
2026-01-16 09:37:02,331.62,331.66,1,331.55,160,331.69,1520,331.69,331.55,331.55,160,,,,,,,,,,,,,,,,,,,331.69,1520,331.83,160,331.87,80,331.88,80,331.93,280,332.0,520,332.01,320,332.03,880,332.11,200,332.14,160
2026-01-16 09:37:03,331.59,331.51,1,331.5,1120,331.68,80,331.68,331.5,331.5,1120,,,,,,,,,,,,,,,,,,,331.68,80,331.69,1520,331.83,160,331.87,80,331.88,80,331.93,280,332.0,520,332.01,320,332.03,880,332.11,200
2026-01-16 09:37:04,331.575,331.65,5,331.5,1120,331.65,40,331.65,331.5,331.5,1120,,,,,,,,,,,,,,,,,,,331.65,40,331.68,80,331.69,1520,331.83,160,331.87,80,331.88,80,331.93,280,332.0,520,332.01,320,332.03,880
2026-01-16 09:37:05,331.575,331.65,5,331.5,1120,331.65,40,331.65,331.5,331.5,1120,,,,,,,,,,,,,,,,,,,331.65,40,331.68,80,331.69,1520,331.83,160,331.87,80,331.88,80,331.93,280,332.0,520,332.01,320,332.03,880
2026-01-16 09:37:06,331.6,331.6,3,331.51,40,331.69,40,331.69,331.51,331.51,40,331.5,1120,,,,,,,,,,,,,,,,,331.69,40,331.83,120,331.87,80,331.88,80,331.93,280,332.0,520,332.01,320,332.03,880,332.11,200,332.14,160
2026-01-16 09:37:07,331.74,331.74,1,331.61,120,331.87,160,331.87,331.61,331.61,120,331.54,80,331.53,120,331.52,40,331.5,1120,,,,,,,,,,,331.87,160,331.88,80,331.93,280,332.0,520,332.01,320,332.03,880,332.11,200,332.14,160,332.21,160,332.29,200
2026-01-16 09:37:08,331.785,331.79,1,331.7,80,331.87,160,331.87,331.7,331.7,80,331.61,120,331.54,80,331.53,120,331.52,40,331.5,1120,,,,,,,,,331.87,160,331.88,80,331.93,280,332.0,520,332.01,320,332.03,880,332.11,200,332.14,160,332.21,160,332.29,200
2026-01-16 09:37:09,331.785,331.79,1,331.7,80,331.87,160,331.87,331.7,331.7,80,331.61,120,331.54,80,331.53,120,331.52,40,331.5,1120,,,,,,,,,331.87,160,331.88,80,331.93,280,332.0,520,332.01,320,332.03,880,332.11,200,332.14,160,332.21,160,332.29,200
2026-01-16 09:37:10,331.785,331.79,1,331.7,80,331.87,200,331.87,331.7,331.7,80,331.61,120,331.54,80,331.53,120,331.52,40,331.5,1120,,,,,,,,,331.87,200,331.88,80,331.93,280,332.0,520,332.01,320,332.03,880,332.11,200,332.14,160,332.21,160,332.29,200
2026-01-16 09:37:11,331.785,331.81,1,331.7,80,331.87,200,331.87,331.7,331.7,80,331.61,120,331.54,80,331.53,120,331.52,40,331.5,1120,,,,,,,,,331.87,200,331.88,80,331.93,280,332.0,520,332.01,320,332.03,880,332.11,200,332.14,160,332.21,160,332.29,200
2026-01-16 09:37:12,331.855,331.96,1,331.7,120,332.01,280,332.01,331.7,331.7,120,331.61,120,331.54,80,331.53,120,331.52,40,331.5,1120,,,,,,,,,332.01,280,332.03,880,332.11,200,332.14,160,332.21,160,332.29,200,332.4,600,332.41,40,332.5,80,332.52,240
2026-01-16 09:37:13,331.855,331.9,1,331.7,80,332.01,40,332.01,331.7,331.7,80,331.61,120,331.54,80,331.53,120,331.52,40,331.5,1120,,,,,,,,,332.01,40,332.02,40,332.03,880,332.11,200,332.14,160,332.21,160,332.29,200,332.4,600,332.41,40,332.5,80
2026-01-16 09:37:14,331.9,332.0,1,331.79,40,332.01,40,332.01,331.79,331.79,40,331.7,80,331.61,120,331.54,80,331.53,120,331.52,40,331.5,1120,,,,,,,332.01,40,332.02,40,332.03,880,332.11,200,332.14,160,332.21,160,332.29,200,332.4,600,332.41,40,332.5,80
2026-01-16 09:37:15,331.9,331.9,1,331.79,40,332.01,40,332.01,331.79,331.79,40,331.7,80,331.61,120,331.54,80,331.53,120,331.52,40,331.5,1120,,,,,,,332.01,40,332.02,40,332.03,880,332.11,200,332.14,160,332.21,160,332.29,200,332.4,600,332.41,40,332.5,80
2026-01-16 09:37:16,331.855,331.86,1,331.7,160,332.01,40,332.01,331.7,331.7,160,331.61,120,331.54,80,331.53,120,331.52,40,331.5,1120,,,,,,,,,332.01,40,332.02,40,332.03,880,332.11,200,332.14,160,332.21,160,332.29,200,332.4,600,332.41,40,332.5,80
2026-01-16 09:37:17,331.685,331.71,1,331.58,40,331.79,40,331.79,331.58,331.58,40,331.54,80,331.53,120,331.52,40,331.5,1120,,,,,,,,,,,331.79,40,331.86,40,331.87,40,331.97,40,332.01,80,332.02,40,332.03,880,332.11,200,332.14,160,332.21,160
2026-01-16 09:37:18,331.81,331.63,2,331.72,400,331.9,80,331.9,331.72,331.72,400,331.58,40,331.54,80,331.53,120,331.52,40,331.5,1120,,,,,,,,,331.9,80,331.97,40,332.01,80,332.02,40,332.03,880,332.11,200,332.14,160,332.21,160,332.29,200,332.4,600
2026-01-16 09:37:19,331.81,331.81,1,331.72,400,331.9,80,331.9,331.72,331.72,400,331.58,40,331.54,80,331.53,120,331.52,40,331.5,1120,,,,,,,,,331.9,80,331.97,40,332.01,80,332.02,40,332.03,880,332.11,200,332.14,160,332.21,160,332.29,200,332.4,600
2026-01-16 09:37:20,331.81,331.81,1,331.72,400,331.9,80,331.9,331.72,331.72,400,331.58,40,331.54,80,331.53,120,331.52,40,331.5,1120,,,,,,,,,331.9,80,331.97,40,332.01,80,332.02,40,332.03,880,332.11,200,332.14,160,332.21,160,332.29,200,332.4,600
2026-01-16 09:37:21,331.81,331.81,1,331.72,400,331.9,40,331.9,331.72,331.72,400,331.58,40,331.54,80,331.53,120,331.52,40,331.5,1120,,,,,,,,,331.9,40,332.01,80,332.02,40,332.03,880,332.11,200,332.14,160,332.21,160,332.29,200,332.4,600,332.41,40
2026-01-16 09:37:22,331.81,331.81,1,331.72,400,331.9,40,331.9,331.72,331.72,400,331.58,40,331.54,80,331.53,120,331.52,40,331.5,1120,,,,,,,,,331.9,40,332.01,80,332.02,40,332.03,880,332.11,200,332.14,160,332.21,160,332.29,200,332.4,600,332.41,40
2026-01-16 09:37:23,331.81,331.72,1,331.72,400,331.9,40,331.9,331.72,331.72,400,331.58,40,331.54,80,331.53,120,331.52,40,331.5,1120,,,,,,,,,331.9,40,332.01,80,332.02,40,332.03,880,332.11,200,332.14,160,332.21,160,332.29,200,332.4,600,332.41,40
2026-01-16 09:37:24,331.73,331.72,1,331.58,40,331.88,40,331.88,331.58,331.58,40,331.54,80,331.53,120,331.52,40,331.5,1120,,,,,,,,,,,331.88,40,331.9,40,332.01,80,332.02,40,332.03,880,332.11,200,332.14,160,332.21,160,332.29,200,332.4,600
2026-01-16 09:37:25,331.79,331.79,1,331.7,160,331.88,40,331.88,331.7,331.7,160,331.58,40,331.54,80,331.53,120,331.52,40,331.5,1120,,,,,,,,,331.88,40,331.9,40,332.01,80,332.02,40,332.03,880,332.11,200,332.14,160,332.21,160,332.29,200,332.4,600
2026-01-16 09:37:26,331.79,331.79,1,331.7,160,331.88,40,331.88,331.7,331.7,160,331.58,40,331.54,80,331.53,120,331.52,40,331.5,1120,,,,,,,,,331.88,40,331.9,40,332.01,80,332.02,40,332.03,880,332.11,200,332.14,160,332.21,160,332.29,200,332.4,600
2026-01-16 09:37:27,331.68,331.7,1,331.58,40,331.78,160,331.78,331.58,331.58,40,331.54,80,331.53,120,331.52,40,331.5,1120,,,,,,,,,,,331.78,160,331.88,40,331.9,40,332.01,80,332.02,40,332.03,880,332.11,200,332.14,160,332.21,160,332.29,200
2026-01-16 09:37:28,331.65,331.7,1,331.59,40,331.71,240,331.71,331.59,331.59,40,331.5,1120,,,,,,,,,,,,,,,,,331.71,240,331.78,160,331.88,40,331.9,40,332.01,80,332.02,40,332.03,880,332.11,200,332.14,160,332.21,160
2026-01-16 09:37:29,331.7,331.74,2,331.5,1400,331.9,80,331.9,331.5,331.5,1400,,,,,,,,,,,,,,,,,,,331.9,80,332.01,80,332.02,40,332.03,880,332.11,200,332.14,160,332.21,160,332.29,200,332.4,600,332.41,40
2026-01-16 09:37:30,331.705,331.9,36,331.51,40,331.9,160,331.9,331.51,331.51,40,331.5,1400,,,,,,,,,,,,,,,,,331.9,160,332.01,80,332.02,40,332.03,880,332.11,200,332.14,160,332.21,160,332.29,200,332.4,600,332.41,40
2026-01-16 09:37:31,331.705,331.9,36,331.51,40,331.9,160,331.9,331.51,331.51,40,331.5,1400,,,,,,,,,,,,,,,,,331.9,160,332.01,80,332.02,40,332.03,880,332.11,200,332.14,160,332.21,160,332.29,200,332.4,600,332.41,40
2026-01-16 09:37:32,331.705,331.75,3,331.51,40,331.9,160,331.9,331.51,331.51,40,331.5,1400,,,,,,,,,,,,,,,,,331.9,160,332.01,80,332.02,40,332.03,880,332.11,200,332.14,160,332.21,160,332.29,200,332.4,600,332.41,40
2026-01-16 09:37:33,331.705,331.74,1,331.51,40,331.9,160,331.9,331.51,331.51,40,331.5,1400,,,,,,,,,,,,,,,,,331.9,160,332.01,80,332.02,40,332.03,880,332.11,200,332.14,160,332.21,160,332.29,200,332.4,600,332.41,40
2026-01-16 09:37:34,331.705,331.57,1,331.51,40,331.9,120,331.9,331.51,331.51,40,331.5,1400,,,,,,,,,,,,,,,,,331.9,120,332.01,80,332.02,40,332.03,880,332.11,200,332.14,160,332.21,160,332.29,200,332.4,600,332.41,40
2026-01-16 09:37:35,331.68,331.57,1,331.51,80,331.85,40,331.85,331.51,331.51,80,331.5,1400,,,,,,,,,,,,,,,,,331.85,40,331.9,120,332.01,80,332.02,40,332.03,880,332.11,200,332.14,160,332.21,160,332.29,200,332.4,600
2026-01-16 09:37:36,331.655,331.8,1,331.51,200,331.8,200,331.8,331.51,331.51,200,331.5,1400,,,,,,,,,,,,,,,,,331.8,200,331.81,240,331.85,40,331.9,120,332.01,80,332.02,40,332.03,880,332.11,200,332.14,160,332.21,160
2026-01-16 09:37:37,331.8,331.8,1,331.7,80,331.9,120,331.9,331.7,331.7,80,331.51,200,331.5,1400,,,,,,,,,,,,,,,331.9,120,332.01,80,332.02,40,332.03,880,332.11,200,332.14,160,332.21,160,332.29,200,332.4,600,332.41,40
2026-01-16 09:37:38,332.29,332.29,2,331.99,160,332.59,160,332.59,331.99,331.99,160,331.98,40,331.9,40,331.71,80,331.7,120,331.51,200,331.5,1400,,,,,,,332.59,160,332.6,80,332.63,40,332.64,80,332.76,200,332.92,40,332.96,240,333.0,40,333.05,320,333.19,120
2026-01-16 09:37:39,332.29,332.1,1,331.99,160,332.59,160,332.59,331.99,331.99,160,331.98,40,331.9,40,331.71,80,331.7,120,331.51,200,331.5,1400,,,,,,,332.59,160,332.6,80,332.63,40,332.64,80,332.76,200,332.92,40,332.96,240,333.0,40,333.05,320,333.19,120
2026-01-16 09:37:40,332.3,332.1,1,332.01,80,332.59,160,332.59,332.01,332.01,80,331.99,160,331.98,40,331.9,40,331.71,80,331.7,120,331.51,200,331.5,1400,,,,,332.59,160,332.6,80,332.63,40,332.64,80,332.76,200,332.92,40,332.96,240,333.0,40,333.05,320,333.19,120
