sim_time,mid_price,last_price,last_size,best_bid_price,best_bid_size,best_ask_price,best_ask_size,close_price_buy,close_price_sell,bid1_price,bid1_size,bid2_price,bid2_size,bid3_price,bid3_size,bid4_price,bid4_size,bid5_price,bid5_size,bid6_price,bid6_size,bid7_price,bid7_size,bid8_price,bid8_size,bid9_price,bid9_size,bid10_price,bid10_size,ask1_price,ask1_size,ask2_price,ask2_size,ask3_price,ask3_size,ask4_price,ask4_size,ask5_price,ask5_size,ask6_price,ask6_size,ask7_price,ask7_size,ask8_price,ask8_size,ask9_price,ask9_size,ask10_price,ask10_size
2026-01-16 09:30:36,,0.0,0,,,,,,,,,,,,,,,,,,,,,,,,,,,,,,,,,,,,,,,,,,,,,,
2026-01-16 09:30:37,,0.0,0,,,,,,,,,,,,,,,,,,,,,,,,,,,,,,,,,,,,,,,,,,,,,,
2026-01-16 09:30:38,,0.0,0,,,,,,,,,,,,,,,,,,,,,,,,,,,,,,,,,,,,,,,,,,,,,,
2026-01-16 09:30:38,,0.0,0,,,,,,,,,,,,,,,,,,,,,,,,,,,,,,,,,,,,,,,,,,,,,,
2026-01-16 09:30:39,,0.0,0,,,,,,,,,,,,,,,,,,,,,,,,,,,,,,,,,,,,,,,,,,,,,,
2026-01-16 09:30:39,,0.0,0,,,,,,,,,,,,,,,,,,,,,,,,,,,,,,,,,,,,,,,,,,,,,,
2026-01-16 09:30:41,,0.0,0,,,,,,,,,,,,,,,,,,,,,,,,,,,,,,,,,,,,,,,,,,,,,,
2026-01-16 09:30:43,,0.0,0,,,,,,,,,,,,,,,,,,,,,,,,,,,,,,,,,,,,,,,,,,,,,,
2026-01-16 09:30:44,327.84,327.84,1,327.56,280,328.12,520,328.12,327.56,327.56,280,327.55,120,327.5,120,327.41,120,327.07,40,327.0,280,326.88,240,326.7,360,326.66,440,,,328.12,520,328.19,40,329.38,160,,,,,,,,,,,,,,
2026-01-16 09:30:45,327.84,327.84,1,327.56,280,328.12,520,328.12,327.56,327.56,280,327.55,120,327.5,120,327.41,120,327.07,40,327.0,280,326.88,240,326.7,360,326.66,440,,,328.12,520,328.19,40,329.38,160,,,,,,,,,,,,,,
2026-01-16 09:30:46,327.75,327.84,1,327.56,280,327.94,40,327.94,327.56,327.56,280,327.55,120,327.5,120,327.41,120,327.07,40,327.0,280,326.88,240,326.7,360,326.66,440,,,327.94,40,328.12,480,328.19,40,329.38,160,,,,,,,,,,,,
2026-01-16 09:30:47,327.75,327.84,1,327.56,280,327.94,40,327.94,327.56,327.56,280,327.55,120,327.5,120,327.41,120,327.07,40,327.0,280,326.88,240,326.7,360,326.66,440,,,327.94,40,328.12,480,328.19,40,329.38,160,,,,,,,,,,,,
2026-01-16 09:30:48,327.75,327.84,1,327.56,280,327.94,40,327.94,327.56,327.56,280,327.55,120,327.5,120,327.41,120,327.07,40,327.0,280,326.88,240,326.7,360,326.66,440,,,327.94,40,328.12,480,328.19,40,329.38,160,,,,,,,,,,,,
2026-01-16 09:30:49,327.75,327.84,1,327.56,280,327.94,40,327.94,327.56,327.56,280,327.55,120,327.5,120,327.41,120,327.07,40,327.0,280,326.88,240,326.7,360,326.66,440,,,327.94,40,328.12,480,328.19,40,329.38,160,,,,,,,,,,,,
2026-01-16 09:30:50,327.75,327.84,1,327.56,280,327.94,40,327.94,327.56,327.56,280,327.55,120,327.5,120,327.41,120,327.07,40,327.0,280,326.88,240,326.7,360,326.66,440,,,327.94,40,328.12,480,328.19,40,329.38,160,,,,,,,,,,,,
2026-01-16 09:30:51,327.75,327.84,1,327.56,280,327.94,40,327.94,327.56,327.56,280,327.55,120,327.5,120,327.41,120,327.07,40,327.0,280,326.88,240,326.7,360,326.66,440,,,327.94,40,328.12,480,328.19,40,329.38,160,,,,,,,,,,,,
2026-01-16 09:30:52,327.75,327.84,1,327.56,280,327.94,40,327.94,327.56,327.56,280,327.55,120,327.5,120,327.41,120,327.07,40,327.0,280,326.88,240,326.7,360,326.66,440,,,327.94,40,328.12,480,328.19,40,329.38,160,,,,,,,,,,,,
2026-01-16 09:30:53,327.75,327.84,1,327.56,280,327.94,40,327.94,327.56,327.56,280,327.55,120,327.5,120,327.41,120,327.07,40,327.0,280,326.88,240,326.7,360,326.66,440,,,327.94,40,328.12,480,328.19,40,329.38,160,,,,,,,,,,,,
2026-01-16 09:30:54,327.75,327.84,1,327.56,280,327.94,40,327.94,327.56,327.56,280,327.55,120,327.5,120,327.41,120,327.07,40,327.0,280,326.88,240,326.7,360,326.66,440,,,327.94,40,328.12,480,328.19,40,329.38,160,,,,,,,,,,,,
2026-01-16 09:30:55,327.75,327.84,1,327.56,280,327.94,40,327.94,327.56,327.56,280,327.55,120,327.5,120,327.41,120,327.07,40,327.0,280,326.88,240,326.7,360,326.66,440,,,327.94,40,328.12,480,328.19,40,329.38,160,,,,,,,,,,,,
2026-01-16 09:30:56,327.75,327.84,1,327.56,280,327.94,40,327.94,327.56,327.56,280,327.55,120,327.5,120,327.41,120,327.07,40,327.0,280,326.88,240,326.7,360,326.66,440,,,327.94,40,328.12,480,328.19,40,329.38,160,,,,,,,,,,,,
2026-01-16 09:30:57,327.75,327.84,1,327.56,280,327.94,40,327.94,327.56,327.56,280,327.55,120,327.5,120,327.41,120,327.07,40,327.0,280,326.88,240,326.7,360,326.66,440,,,327.94,40,328.12,480,328.19,40,329.38,160,,,,,,,,,,,,
2026-01-16 09:30:58,327.355,327.43,1,327.08,240,327.63,120,327.63,327.08,327.08,240,327.0,360,326.88,240,326.7,360,326.66,440,,,,,,,,,,,327.63,120,327.64,40,327.65,40,327.73,40,327.74,40,327.75,80,327.94,80,328.12,480,328.19,40,329.38,160
2026-01-16 09:30:59,327.355,327.43,1,327.08,240,327.63,40,327.63,327.08,327.08,240,327.0,360,326.88,240,326.7,360,326.66,440,,,,,,,,,,,327.63,40,327.64,40,327.65,40,327.73,40,327.74,40,327.75,80,327.94,80,328.12,480,328.19,40,329.38,160
2026-01-16 09:31:00,327.355,327.43,1,327.08,240,327.63,40,327.63,327.08,327.08,240,327.0,360,326.88,240,326.7,360,326.66,440,,,,,,,,,,,327.63,40,327.64,40,327.65,40,327.73,40,327.74,40,327.75,80,327.94,80,328.12,480,328.19,40,329.38,160
2026-01-16 09:31:01,327.355,327.15,2,327.08,240,327.63,80,327.63,327.08,327.08,240,327.0,360,326.88,240,326.7,360,326.66,440,,,,,,,,,,,327.63,80,327.64,40,327.65,40,327.73,40,327.74,40,327.75,80,327.94,80,328.12,480,328.19,40,329.38,160
2026-01-16 09:31:02,327.355,327.15,2,327.08,240,327.63,80,327.63,327.08,327.08,240,327.0,360,326.88,240,326.7,360,326.66,440,,,,,,,,,,,327.63,80,327.64,40,327.65,40,327.73,40,327.74,40,327.75,80,327.94,80,328.12,480,328.19,40,329.38,160
2026-01-16 09:31:03,327.355,327.15,2,327.08,240,327.63,80,327.63,327.08,327.08,240,327.0,360,326.88,240,326.7,360,326.66,440,,,,,,,,,,,327.63,80,327.64,40,327.65,40,327.73,40,327.74,40,327.75,80,327.94,80,328.12,480,328.19,40,329.38,160
2026-01-16 09:31:04,327.54,327.36,1,327.08,400,328.0,40,328.0,327.08,327.08,400,327.0,360,326.88,240,326.7,360,326.66,440,,,,,,,,,,,328.0,40,328.12,480,328.19,40,329.38,160,,,,,,,,,,,,
2026-01-16 09:31:05,327.54,327.54,3,327.08,320,328.0,40,328.0,327.08,327.08,320,327.0,360,326.88,240,326.7,360,326.66,440,,,,,,,,,,,328.0,40,328.12,480,328.19,40,329.38,160,,,,,,,,,,,,
2026-01-16 09:31:06,327.54,327.54,3,327.08,320,328.0,40,328.0,327.08,327.08,320,327.0,360,326.88,240,326.7,360,326.66,440,,,,,,,,,,,328.0,40,328.12,480,328.19,40,329.38,160,,,,,,,,,,,,
2026-01-16 09:31:07,327.54,327.54,1,327.08,320,328.0,80,328.0,327.08,327.08,320,327.0,360,326.88,240,326.7,360,326.66,440,,,,,,,,,,,328.0,80,328.12,480,328.19,40,329.38,160,,,,,,,,,,,,
2026-01-16 09:31:08,327.54,327.54,1,327.08,320,328.0,80,328.0,327.08,327.08,320,327.0,360,326.88,240,326.7,360,326.66,440,,,,,,,,,,,328.0,80,328.12,480,328.19,40,329.38,160,,,,,,,,,,,,
2026-01-16 09:31:09,327.54,327.54,1,327.08,320,328.0,80,328.0,327.08,327.08,320,327.0,360,326.88,240,326.7,360,326.66,440,,,,,,,,,,,328.0,80,328.12,480,328.19,40,329.38,160,,,,,,,,,,,,
2026-01-16 09:31:10,327.54,327.54,1,327.08,400,328.0,120,328.0,327.08,327.08,400,327.0,360,326.88,240,326.7,360,326.66,440,,,,,,,,,,,328.0,120,328.12,480,328.19,40,329.38,160,,,,,,,,,,,,
2026-01-16 09:31:11,327.54,327.54,1,327.08,400,328.0,120,328.0,327.08,327.08,400,327.0,360,326.88,240,326.7,360,326.66,440,,,,,,,,,,,328.0,120,328.12,480,328.19,40,329.38,160,,,,,,,,,,,,
2026-01-16 09:31:12,327.54,327.54,1,327.08,400,328.0,120,328.0,327.08,327.08,400,327.0,360,326.88,240,326.7,360,326.66,440,,,,,,,,,,,328.0,120,328.12,480,328.19,40,329.38,160,,,,,,,,,,,,
2026-01-16 09:31:13,327.545,327.54,1,327.09,240,328.0,120,328.0,327.09,327.09,240,327.08,400,327.0,360,326.88,240,326.7,360,326.66,440,,,,,,,,,328.0,120,328.12,480,328.19,40,329.38,160,,,,,,,,,,,,
2026-01-16 09:31:14,327.545,327.54,1,327.09,240,328.0,120,328.0,327.09,327.09,240,327.08,400,327.0,360,326.88,240,326.7,360,326.66,440,,,,,,,,,328.0,120,328.12,480,328.19,40,329.38,160,,,,,,,,,,,,
2026-01-16 09:31:15,327.545,327.54,1,327.09,240,328.0,120,328.0,327.09,327.09,240,327.08,400,327.0,360,326.88,240,326.7,360,326.66,440,,,,,,,,,328.0,120,328.12,480,328.19,40,329.38,160,,,,,,,,,,,,
2026-01-16 09:31:16,327.545,327.54,1,327.09,240,328.0,120,328.0,327.09,327.09,240,327.08,400,327.0,360,326.88,240,326.7,360,326.66,440,,,,,,,,,328.0,120,328.12,480,328.19,40,329.38,160,,,,,,,,,,,,
2026-01-16 09:31:17,327.545,327.55,1,327.09,240,328.0,120,328.0,327.09,327.09,240,327.08,400,327.0,360,326.88,240,326.7,360,326.66,440,,,,,,,,,328.0,120,328.12,480,328.19,40,329.38,160,,,,,,,,,,,,
2026-01-16 09:31:18,327.545,327.55,1,327.09,320,328.0,120,328.0,327.09,327.09,320,327.08,400,327.0,360,326.88,240,326.7,360,326.66,440,,,,,,,,,328.0,120,328.12,480,328.19,40,329.38,160,,,,,,,,,,,,
2026-01-16 09:31:19,327.545,327.55,1,327.09,320,328.0,120,328.0,327.09,327.09,320,327.08,400,327.0,360,326.88,240,326.7,360,326.66,440,,,,,,,,,328.0,120,328.12,480,328.19,40,329.38,160,,,,,,,,,,,,
2026-01-16 09:31:20,327.545,327.55,1,327.09,320,328.0,120,328.0,327.09,327.09,320,327.08,400,327.0,360,326.88,240,326.7,360,326.66,440,,,,,,,,,328.0,120,328.12,480,328.19,40,329.38,160,,,,,,,,,,,,
2026-01-16 09:31:21,327.545,327.55,1,327.09,320,328.0,120,328.0,327.09,327.09,320,327.08,400,327.0,360,326.88,240,326.7,360,326.66,440,,,,,,,,,328.0,120,328.12,480,328.19,40,329.38,160,,,,,,,,,,,,
2026-01-16 09:31:22,327.7,327.55,1,327.4,200,328.0,120,328.0,327.4,327.4,200,327.22,80,327.09,320,327.08,400,327.0,360,326.88,240,326.7,360,326.66,440,,,,,328.0,120,328.12,480,328.19,40,329.38,160,,,,,,,,,,,,
2026-01-16 09:31:23,327.7,327.55,1,327.4,200,328.0,120,328.0,327.4,327.4,200,327.22,80,327.09,320,327.08,400,327.0,360,326.88,240,326.7,360,326.66,440,,,,,328.0,120,328.12,480,328.19,40,329.38,160,,,,,,,,,,,,
2026-01-16 09:31:24,327.77,327.55,1,327.54,120,328.0,160,328.0,327.54,327.54,120,327.4,200,327.22,80,327.09,320,327.08,400,327.0,360,326.88,240,326.7,360,326.66,440,,,328.0,160,328.12,480,328.19,40,329.38,160,,,,,,,,,,,,
2026-01-16 09:31:25,327.77,327.55,1,327.54,120,328.0,200,328.0,327.54,327.54,120,327.4,200,327.22,80,327.09,320,327.08,400,327.0,360,326.88,240,326.7,360,326.66,440,,,328.0,200,328.12,480,328.19,40,329.38,160,,,,,,,,,,,,
2026-01-16 09:31:26,327.87,327.98,1,327.74,160,328.0,160,328.0,327.74,327.74,160,327.62,40,327.54,120,327.4,200,327.22,80,327.09,320,327.08,400,327.0,360,326.88,240,326.7,360,328.0,160,328.1,40,328.12,480,328.19,40,329.38,160,,,,,,,,,,
2026-01-16 09:31:27,327.87,327.98,1,327.74,160,328.0,160,328.0,327.74,327.74,160,327.62,40,327.54,120,327.4,200,327.22,80,327.09,320,327.08,400,327.0,360,326.88,240,326.7,360,328.0,160,328.1,40,328.12,480,328.19,40,329.38,160,,,,,,,,,,
2026-01-16 09:31:28,327.87,327.98,1,327.74,240,328.0,160,328.0,327.74,327.74,240,327.62,40,327.54,120,327.4,200,327.22,80,327.09,320,327.08,400,327.0,360,326.88,240,326.7,360,328.0,160,328.1,40,328.12,480,328.19,40,329.38,160,,,,,,,,,,
2026-01-16 09:31:29,327.87,327.98,1,327.74,320,328.0,160,328.0,327.74,327.74,320,327.62,40,327.54,120,327.4,200,327.22,80,327.09,320,327.08,400,327.0,360,326.88,240,326.7,360,328.0,160,328.1,40,328.12,480,328.19,40,329.38,160,,,,,,,,,,
2026-01-16 09:31:30,327.87,327.98,1,327.74,320,328.0,160,328.0,327.74,327.74,320,327.62,40,327.54,120,327.4,200,327.22,80,327.09,320,327.08,400,327.0,360,326.88,240,326.7,360,328.0,160,328.1,40,328.12,480,328.19,40,329.38,160,,,,,,,,,,
2026-01-16 09:31:31,327.845,327.74,1,327.69,160,328.0,160,328.0,327.69,327.69,160,327.62,40,327.54,120,327.4,200,327.22,80,327.09,320,327.08,400,327.0,360,326.88,240,326.7,360,328.0,160,328.1,40,328.12,480,328.19,40,329.38,160,,,,,,,,,,
2026-01-16 09:31:32,327.845,327.74,1,327.69,160,328.0,160,328.0,327.69,327.69,160,327.62,40,327.54,120,327.4,200,327.22,80,327.09,320,327.08,400,327.0,360,326.88,240,326.7,360,328.0,160,328.1,40,328.12,480,328.19,40,329.38,160,,,,,,,,,,
2026-01-16 09:31:33,327.845,327.74,1,327.69,160,328.0,160,328.0,327.69,327.69,160,327.62,40,327.54,120,327.4,200,327.22,80,327.09,320,327.08,400,327.0,360,326.88,240,326.7,360,328.0,160,328.1,40,328.12,480,328.19,40,329.38,160,,,,,,,,,,
2026-01-16 09:31:34,327.845,327.74,1,327.69,160,328.0,160,328.0,327.69,327.69,160,327.62,40,327.54,120,327.4,200,327.22,80,327.09,320,327.08,400,327.0,360,326.88,240,326.7,360,328.0,160,328.1,40,328.12,480,328.19,40,329.38,160,,,,,,,,,,
2026-01-16 09:31:35,327.845,327.85,1,327.69,160,328.0,160,328.0,327.69,327.69,160,327.62,40,327.54,120,327.4,200,327.22,80,327.09,320,327.08,400,327.0,360,326.88,240,326.7,360,328.0,160,328.1,40,328.12,480,328.19,40,329.38,160,,,,,,,,,,
2026-01-16 09:31:36,327.845,327.85,1,327.69,160,328.0,160,328.0,327.69,327.69,160,327.62,40,327.54,120,327.4,200,327.22,80,327.09,320,327.08,400,327.0,360,326.88,240,326.7,360,328.0,160,328.1,40,328.12,480,328.19,40,329.38,160,,,,,,,,,,
2026-01-16 09:31:37,327.845,327.85,1,327.69,160,328.0,160,328.0,327.69,327.69,160,327.62,40,327.54,120,327.4,200,327.22,80,327.09,320,327.08,400,327.0,360,326.88,240,326.7,360,328.0,160,328.1,40,328.12,480,328.19,40,329.38,160,,,,,,,,,,
2026-01-16 09:31:38,327.845,327.85,1,327.69,160,328.0,160,328.0,327.69,327.69,160,327.62,40,327.54,120,327.4,200,327.22,80,327.09,320,327.08,400,327.0,360,326.88,240,326.7,360,328.0,160,328.1,40,328.12,480,328.19,40,329.38,160,,,,,,,,,,
2026-01-16 09:31:39,327.845,327.85,1,327.69,160,328.0,160,328.0,327.69,327.69,160,327.62,40,327.54,120,327.4,200,327.22,80,327.09,320,327.08,400,327.0,360,326.88,240,326.7,360,328.0,160,328.1,40,328.12,480,328.19,40,329.38,160,,,,,,,,,,
2026-01-16 09:31:40,327.845,327.85,1,327.69,160,328.0,160,328.0,327.69,327.69,160,327.62,40,327.54,120,327.4,200,327.22,80,327.09,320,327.08,400,327.0,360,326.88,240,326.7,360,328.0,160,328.1,40,328.12,480,328.19,40,329.38,160,,,,,,,,,,
2026-01-16 09:31:41,327.845,327.85,1,327.69,160,328.0,160,328.0,327.69,327.69,160,327.62,40,327.54,120,327.4,200,327.22,80,327.09,320,327.08,400,327.0,360,326.88,240,326.7,360,328.0,160,328.1,40,328.12,480,328.19,40,329.38,160,,,,,,,,,,
2026-01-16 09:31:42,327.845,327.85,1,327.69,160,328.0,160,328.0,327.69,327.69,160,327.62,40,327.54,120,327.4,200,327.22,80,327.09,320,327.08,400,327.0,360,326.88,240,326.7,360,328.0,160,328.1,40,328.12,480,328.19,40,329.38,160,,,,,,,,,,
2026-01-16 09:31:43,327.845,327.85,1,327.69,160,328.0,160,328.0,327.69,327.69,160,327.62,40,327.54,120,327.4,200,327.22,80,327.09,320,327.08,400,327.0,360,326.88,240,326.7,360,328.0,160,328.1,40,328.12,480,328.19,40,329.38,160,,,,,,,,,,
2026-01-16 09:31:44,327.845,327.85,1,327.69,160,328.0,160,328.0,327.69,327.69,160,327.62,40,327.54,120,327.4,200,327.22,80,327.09,320,327.08,400,327.0,360,326.88,240,326.7,360,328.0,160,328.1,40,328.12,480,328.19,40,329.38,160,,,,,,,,,,
2026-01-16 09:31:45,327.845,327.85,1,327.69,160,328.0,160,328.0,327.69,327.69,160,327.62,40,327.54,120,327.4,200,327.22,80,327.09,320,327.08,400,327.0,360,326.88,240,326.7,360,328.0,160,328.1,40,328.12,480,328.19,40,329.38,160,,,,,,,,,,
2026-01-16 09:31:46,327.82,327.86,1,327.69,320,327.95,40,327.95,327.69,327.69,320,327.62,40,327.54,120,327.4,200,327.22,80,327.09,320,327.08,400,327.0,360,326.88,240,326.7,360,327.95,40,328.02,80,328.1,40,328.12,480,328.19,40,329.38,160,,,,,,,,
2026-01-16 09:31:47,327.82,327.86,1,327.69,320,327.95,40,327.95,327.69,327.69,320,327.62,40,327.54,120,327.4,200,327.22,80,327.09,320,327.08,400,327.0,360,326.88,240,326.7,360,327.95,40,328.02,80,328.1,40,328.12,480,328.19,40,329.38,160,,,,,,,,
2026-01-16 09:31:48,327.82,327.69,10,327.69,320,327.95,40,327.95,327.69,327.69,320,327.62,40,327.54,120,327.4,200,327.22,80,327.09,320,327.08,400,327.0,360,326.88,240,326.7,360,327.95,40,328.02,80,328.1,40,328.12,480,328.19,40,329.38,160,,,,,,,,
2026-01-16 09:31:49,327.82,327.69,10,327.69,320,327.95,40,327.95,327.69,327.69,320,327.62,40,327.54,120,327.4,200,327.22,80,327.09,320,327.08,400,327.0,360,326.88,240,326.7,360,327.95,40,328.02,80,328.1,40,328.12,480,328.19,40,329.38,160,,,,,,,,
2026-01-16 09:31:50,327.765,327.69,10,327.58,160,327.95,40,327.95,327.58,327.58,160,327.57,200,327.48,120,327.4,200,327.22,80,327.09,320,327.08,400,327.0,360,326.88,240,326.7,360,327.95,40,328.02,80,328.1,40,328.12,480,328.19,40,329.38,160,,,,,,,,
2026-01-16 09:31:51,327.765,327.77,5,327.58,160,327.95,40,327.95,327.58,327.58,160,327.57,200,327.48,120,327.4,200,327.22,80,327.09,320,327.08,400,327.0,360,326.88,240,326.7,360,327.95,40,328.02,80,328.1,40,328.12,480,328.19,40,329.38,160,,,,,,,,
2026-01-16 09:31:52,327.765,327.77,5,327.58,160,327.95,40,327.95,327.58,327.58,160,327.57,200,327.48,120,327.4,200,327.22,80,327.09,320,327.08,400,327.0,360,326.88,240,326.7,360,327.95,40,328.02,80,328.1,40,328.12,480,328.19,40,329.38,160,,,,,,,,
2026-01-16 09:31:53,327.765,327.77,1,327.58,160,327.95,40,327.95,327.58,327.58,160,327.57,200,327.48,120,327.4,200,327.22,80,327.09,320,327.08,400,327.0,360,326.88,240,326.7,360,327.95,40,328.02,80,328.1,40,328.12,480,328.19,40,329.38,160,,,,,,,,
2026-01-16 09:31:54,327.765,327.77,1,327.58,160,327.95,40,327.95,327.58,327.58,160,327.57,200,327.48,120,327.4,200,327.22,80,327.09,320,327.08,400,327.0,360,326.88,240,326.7,360,327.95,40,328.02,80,328.1,40,328.12,480,328.19,40,329.38,160,,,,,,,,
2026-01-16 09:31:55,327.765,327.77,1,327.58,160,327.95,40,327.95,327.58,327.58,160,327.57,200,327.48,120,327.4,200,327.22,80,327.09,320,327.08,400,327.0,360,326.88,240,326.7,360,327.95,40,328.02,80,328.1,40,328.12,480,328.19,40,329.38,160,,,,,,,,
2026-01-16 09:31:56,327.765,327.77,1,327.58,160,327.95,40,327.95,327.58,327.58,160,327.57,200,327.48,120,327.4,200,327.22,80,327.09,320,327.08,400,327.0,360,326.88,240,326.7,360,327.95,40,328.02,80,328.1,40,328.12,480,328.19,40,329.38,160,,,,,,,,
2026-01-16 09:31:57,327.765,327.77,1,327.58,160,327.95,40,327.95,327.58,327.58,160,327.57,200,327.48,120,327.4,200,327.22,80,327.09,320,327.08,400,327.0,360,326.88,240,326.7,360,327.95,40,328.02,80,328.1,40,328.12,480,328.19,40,329.38,160,,,,,,,,
2026-01-16 09:31:58,327.695,327.77,1,327.47,80,327.92,80,327.92,327.47,327.47,80,327.46,40,327.45,40,327.44,40,327.43,40,327.42,80,327.34,40,327.33,80,327.32,40,327.22,80,327.92,80,327.95,40,328.02,80,328.1,40,328.12,480,328.19,40,329.38,160,,,,,,
2026-01-16 09:31:59,327.725,327.77,1,327.53,120,327.92,160,327.92,327.53,327.53,120,327.52,80,327.51,80,327.5,80,327.49,80,327.48,80,327.47,80,327.46,40,327.45,40,327.44,40,327.92,160,327.95,40,328.02,80,328.1,40,328.12,480,328.19,40,329.38,160,,,,,,
2026-01-16 09:32:00,327.73,327.77,1,327.54,80,327.92,160,327.92,327.54,327.54,80,327.53,120,327.52,80,327.51,80,327.5,80,327.49,80,327.48,80,327.47,80,327.46,40,327.45,40,327.92,160,327.95,40,328.02,80,328.1,40,328.12,480,328.19,40,329.38,160,,,,,,
2026-01-16 09:32:01,327.73,327.77,1,327.54,80,327.92,160,327.92,327.54,327.54,80,327.53,120,327.52,80,327.51,80,327.5,80,327.49,80,327.48,80,327.47,80,327.46,40,327.45,40,327.92,160,327.95,40,328.02,80,328.1,40,328.12,480,328.19,40,329.38,160,,,,,,
2026-01-16 09:32:02,327.735,327.77,1,327.55,80,327.92,80,327.92,327.55,327.55,80,327.54,80,327.53,120,327.52,80,327.51,80,327.5,80,327.49,80,327.48,80,327.47,80,327.46,40,327.92,80,327.95,40,328.02,80,328.1,40,328.12,480,328.19,40,329.38,160,,,,,,
2026-01-16 09:32:03,327.735,327.77,1,327.55,80,327.92,40,327.92,327.55,327.55,80,327.54,80,327.53,120,327.52,80,327.51,80,327.5,80,327.49,80,327.48,80,327.47,80,327.46,40,327.92,40,327.94,40,327.95,40,328.02,80,328.1,40,328.12,480,328.19,40,329.38,160,,,,
2026-01-16 09:32:04,327.785,327.97,1,327.55,160,328.02,120,328.02,327.55,327.55,160,327.54,80,327.53,120,327.52,80,327.51,80,327.5,80,327.49,80,327.48,80,327.47,80,327.46,40,328.02,120,328.1,40,328.12,480,328.19,40,329.38,160,,,,,,,,,,
2026-01-16 09:32:05,327.785,327.79,1,327.55,160,328.02,120,328.02,327.55,327.55,160,327.54,80,327.53,120,327.52,80,327.51,80,327.5,80,327.49,80,327.48,80,327.47,80,327.46,40,328.02,120,328.1,40,328.12,480,328.19,40,329.38,160,,,,,,,,,,
2026-01-16 09:32:06,327.785,327.79,1,327.55,240,328.02,80,328.02,327.55,327.55,240,327.54,80,327.53,120,327.52,80,327.51,80,327.5,80,327.49,80,327.48,80,327.47,80,327.46,40,328.02,80,328.03,40,328.1,40,328.12,480,328.19,40,329.38,160,,,,,,,,
2026-01-16 09:32:07,327.785,327.79,1,327.55,440,328.02,40,328.02,327.55,327.55,440,327.54,80,327.53,120,327.52,80,327.51,80,327.5,80,327.49,80,327.48,80,327.47,80,327.46,40,328.02,40,328.03,40,328.1,40,328.12,480,328.19,40,329.38,160,,,,,,,,
2026-01-16 09:32:08,327.825,327.79,1,327.55,440,328.1,120,328.1,327.55,327.55,440,327.54,80,327.53,120,327.52,80,327.51,80,327.5,80,327.49,80,327.48,80,327.47,80,327.46,40,328.1,120,328.12,480,328.19,40,329.38,160,,,,,,,,,,,,
2026-01-16 09:32:09,327.825,327.83,2,327.55,440,328.1,160,328.1,327.55,327.55,440,327.54,80,327.53,120,327.52,80,327.51,80,327.5,80,327.49,80,327.48,80,327.47,80,327.46,40,328.1,160,328.12,480,328.19,40,329.38,160,,,,,,,,,,,,
2026-01-16 09:32:10,327.775,327.99,1,327.55,440,328.0,200,328.0,327.55,327.55,440,327.54,80,327.53,120,327.52,80,327.51,80,327.5,80,327.49,80,327.48,80,327.47,80,327.46,40,328.0,200,328.1,160,328.12,480,328.19,40,329.38,160,,,,,,,,,,
2026-01-16 09:32:11,327.775,327.99,1,327.55,440,328.0,200,328.0,327.55,327.55,440,327.54,80,327.53,120,327.52,80,327.51,80,327.5,80,327.49,80,327.48,80,327.47,80,327.46,40,328.0,200,328.1,160,328.12,480,328.19,40,329.38,160,,,,,,,,,,
2026-01-16 09:32:12,327.82,327.99,1,327.64,120,328.0,200,328.0,327.64,327.64,120,327.55,480,327.54,80,327.53,120,327.52,80,327.51,80,327.5,80,327.49,80,327.48,80,327.47,80,328.0,200,328.1,160,328.12,480,328.19,40,329.38,160,,,,,,,,,,
2026-01-16 09:32:13,327.845,327.99,1,327.69,120,328.0,200,328.0,327.69,327.69,120,327.68,120,327.67,120,327.66,120,327.65,120,327.64,120,327.55,480,327.54,80,327.53,120,327.52,80,328.0,200,328.1,160,328.12,480,328.19,40,329.38,160,,,,,,,,,,
2026-01-16 09:32:14,327.845,327.99,1,327.69,120,328.0,200,328.0,327.69,327.69,120,327.68,120,327.67,120,327.66,120,327.65,120,327.64,120,327.55,480,327.54,80,327.53,120,327.52,80,328.0,200,328.1,160,328.12,480,328.19,40,329.38,160,,,,,,,,,,
2026-01-16 09:32:15,327.845,327.99,1,327.69,240,328.0,200,328.0,327.69,327.69,240,327.68,120,327.67,120,327.66,120,327.65,120,327.64,120,327.55,480,327.54,80,327.53,120,327.52,80,328.0,200,328.1,160,328.12,480,328.19,40,329.38,160,,,,,,,,,,
2026-01-16 09:32:16,327.845,327.99,1,327.69,240,328.0,200,328.0,327.69,327.69,240,327.68,120,327.67,120,327.66,120,327.65,120,327.64,120,327.55,480,327.54,80,327.53,120,327.52,80,328.0,200,328.1,160,328.12,480,328.19,40,329.38,160,,,,,,,,,,
2026-01-16 09:32:17,327.845,327.99,1,327.69,240,328.0,200,328.0,327.69,327.69,240,327.68,120,327.67,120,327.66,120,327.65,120,327.64,120,327.55,480,327.54,80,327.53,120,327.52,80,328.0,200,328.1,160,328.12,480,328.19,40,329.38,160,,,,,,,,,,
2026-01-16 09:32:18,327.845,327.99,1,327.69,240,328.0,200,328.0,327.69,327.69,240,327.68,120,327.67,120,327.66,120,327.65,120,327.64,120,327.55,480,327.54,80,327.53,120,327.52,80,328.0,200,328.1,160,328.12,480,328.19,40,329.38,160,,,,,,,,,,
2026-01-16 09:32:19,327.85,327.99,1,327.7,120,328.0,200,328.0,327.7,327.7,120,327.69,240,327.68,120,327.67,120,327.66,120,327.65,120,327.64,120,327.55,480,327.54,80,327.53,120,328.0,200,328.1,160,328.12,480,328.19,40,329.38,160,,,,,,,,,,
2026-01-16 09:32:20,327.85,327.99,1,327.7,120,328.0,200,328.0,327.7,327.7,120,327.69,240,327.68,120,327.67,120,327.66,120,327.65,120,327.64,120,327.55,480,327.54,80,327.53,120,328.0,200,328.1,160,328.12,480,328.19,40,329.38,160,,,,,,,,,,
2026-01-16 09:32:21,327.85,327.99,1,327.7,120,328.0,200,328.0,327.7,327.7,120,327.69,240,327.68,120,327.67,120,327.66,120,327.65,120,327.64,120,327.55,480,327.54,80,327.53,120,328.0,200,328.1,160,328.12,480,328.19,40,329.38,160,,,,,,,,,,
2026-01-16 09:32:22,327.85,327.99,1,327.7,120,328.0,200,328.0,327.7,327.7,120,327.69,240,327.68,120,327.67,120,327.66,120,327.65,120,327.64,120,327.55,480,327.54,80,327.53,120,328.0,200,328.1,160,328.12,480,328.19,40,329.38,160,,,,,,,,,,
2026-01-16 09:32:24,327.845,327.99,1,327.69,80,328.0,200,328.0,327.69,327.69,80,327.66,120,327.65,120,327.64,120,327.55,480,327.54,80,327.53,120,327.52,80,327.51,80,327.5,80,328.0,200,328.1,160,328.12,480,328.19,40,329.38,160,,,,,,,,,,
2026-01-16 09:32:25,327.845,327.7,3,327.69,80,328.0,200,328.0,327.69,327.69,80,327.66,120,327.65,120,327.64,120,327.55,480,327.54,80,327.53,120,327.52,80,327.51,80,327.5,80,328.0,200,328.1,160,328.12,480,328.19,40,329.38,160,,,,,,,,,,
2026-01-16 09:32:26,327.845,327.7,3,327.69,80,328.0,200,328.0,327.69,327.69,80,327.66,120,327.65,120,327.64,120,327.55,480,327.54,80,327.53,120,327.52,80,327.51,80,327.5,80,328.0,200,328.1,160,328.12,480,328.19,40,329.38,160,,,,,,,,,,
2026-01-16 09:32:26,327.845,327.7,3,327.69,80,328.0,200,328.0,327.69,327.69,80,327.66,120,327.65,120,327.64,120,327.55,480,327.54,80,327.53,120,327.52,80,327.51,80,327.5,80,328.0,200,328.1,160,328.12,480,328.19,40,329.38,160,,,,,,,,,,
2026-01-16 09:32:28,327.845,327.7,3,327.69,80,328.0,200,328.0,327.69,327.69,80,327.66,120,327.65,120,327.64,120,327.55,480,327.54,80,327.53,120,327.52,80,327.51,80,327.5,80,328.0,200,328.1,160,328.12,480,328.19,40,329.38,160,,,,,,,,,,
2026-01-16 09:32:29,327.845,327.85,1,327.69,80,328.0,200,328.0,327.69,327.69,80,327.66,120,327.65,120,327.64,120,327.55,480,327.54,80,327.53,120,327.52,80,327.51,80,327.5,80,328.0,200,328.1,160,328.12,480,328.19,40,329.38,160,,,,,,,,,,
2026-01-16 09:32:30,327.85,327.85,1,327.7,40,328.0,120,328.0,327.7,327.7,40,327.69,80,327.66,120,327.65,120,327.64,120,327.55,480,327.54,80,327.53,120,327.52,80,327.51,80,328.0,120,328.1,160,328.12,480,328.19,40,329.38,160,,,,,,,,,,
2026-01-16 09:32:31,327.905,327.85,1,327.71,40,328.1,160,328.1,327.71,327.71,40,327.7,120,327.69,80,327.66,120,327.65,120,327.64,120,327.55,480,327.54,80,327.53,120,327.52,80,328.1,160,328.12,480,328.19,40,329.38,160,,,,,,,,,,,,
2026-01-16 09:32:31,327.905,327.85,1,327.71,80,328.1,160,328.1,327.71,327.71,80,327.7,120,327.69,80,327.66,120,327.65,120,327.64,120,327.55,480,327.54,80,327.53,120,327.52,80,328.1,160,328.12,480,328.19,40,329.38,160,,,,,,,,,,,,
2026-01-16 09:32:33,327.955,327.85,1,327.81,80,328.1,160,328.1,327.81,327.81,80,327.71,80,327.7,120,327.69,80,327.66,120,327.65,120,327.64,120,327.55,480,327.54,80,327.53,120,328.1,160,328.12,480,328.19,40,329.38,160,,,,,,,,,,,,
2026-01-16 09:32:33,327.955,327.85,1,327.81,80,328.1,160,328.1,327.81,327.81,80,327.71,80,327.7,120,327.69,80,327.66,120,327.65,120,327.64,120,327.55,480,327.54,80,327.53,120,328.1,160,328.12,480,328.19,40,329.38,160,,,,,,,,,,,,
2026-01-16 09:32:35,327.955,327.85,1,327.81,80,328.1,160,328.1,327.81,327.81,80,327.71,80,327.7,120,327.69,80,327.66,120,327.65,120,327.64,120,327.55,480,327.54,80,327.53,120,328.1,160,328.12,480,328.19,40,329.38,160,,,,,,,,,,,,
2026-01-16 09:32:36,327.955,327.96,1,327.81,80,328.1,160,328.1,327.81,327.81,80,327.71,80,327.7,120,327.69,80,327.66,120,327.65,120,327.64,120,327.55,480,327.54,80,327.53,120,328.1,160,328.12,480,328.19,40,329.38,160,,,,,,,,,,,,
2026-01-16 09:32:36,327.955,327.96,1,327.81,160,328.1,160,328.1,327.81,327.81,160,327.71,80,327.7,120,327.69,80,327.66,120,327.65,120,327.64,120,327.55,480,327.54,80,327.53,120,328.1,160,328.12,480,328.19,40,329.38,160,,,,,,,,,,,,
2026-01-16 09:32:37,327.955,327.96,1,327.81,160,328.1,160,328.1,327.81,327.81,160,327.71,80,327.7,120,327.69,80,327.66,120,327.65,120,327.64,120,327.55,480,327.54,80,327.53,120,328.1,160,328.12,480,328.19,40,329.38,160,,,,,,,,,,,,
2026-01-16 09:32:39,327.955,327.96,1,327.81,160,328.1,160,328.1,327.81,327.81,160,327.71,80,327.7,120,327.69,80,327.66,120,327.65,120,327.64,120,327.55,480,327.54,80,327.53,120,328.1,160,328.12,480,328.19,40,329.38,160,,,,,,,,,,,,
2026-01-16 09:32:40,327.955,327.96,1,327.81,160,328.1,160,328.1,327.81,327.81,160,327.71,80,327.7,120,327.69,80,327.66,120,327.65,120,327.64,120,327.55,480,327.54,80,327.53,120,328.1,160,328.12,480,328.19,40,329.38,160,,,,,,,,,,,,
2026-01-16 09:32:41,327.955,327.96,1,327.81,160,328.1,160,328.1,327.81,327.81,160,327.71,80,327.7,120,327.69,80,327.66,120,327.65,120,327.64,120,327.55,480,327.54,80,327.53,120,328.1,160,328.12,480,328.19,40,329.38,160,,,,,,,,,,,,
2026-01-16 09:32:42,327.955,327.96,1,327.81,160,328.1,160,328.1,327.81,327.81,160,327.71,80,327.7,120,327.69,80,327.66,120,327.65,120,327.64,120,327.55,480,327.54,80,327.53,120,328.1,160,328.12,480,328.19,40,329.38,160,,,,,,,,,,,,
2026-01-16 09:32:43,327.93,327.96,1,327.76,200,328.1,280,328.1,327.76,327.76,200,327.71,80,327.7,120,327.69,80,327.66,120,327.65,120,327.64,120,327.55,480,327.54,80,327.53,120,328.1,280,328.12,480,328.19,40,329.38,160,,,,,,,,,,,,
2026-01-16 09:32:44,327.93,327.96,1,327.76,200,328.1,320,328.1,327.76,327.76,200,327.71,80,327.7,120,327.69,80,327.66,120,327.65,120,327.64,120,327.55,480,327.54,80,327.53,120,328.1,320,328.12,480,328.19,40,329.38,160,,,,,,,,,,,,
2026-01-16 09:32:45,327.93,327.96,1,327.76,200,328.1,320,328.1,327.76,327.76,200,327.71,80,327.7,120,327.69,80,327.66,120,327.65,120,327.64,120,327.55,480,327.54,80,327.53,120,328.1,320,328.12,480,328.19,40,329.38,160,,,,,,,,,,,,
2026-01-16 09:32:46,327.93,327.96,1,327.76,200,328.1,320,328.1,327.76,327.76,200,327.71,80,327.7,120,327.69,80,327.66,120,327.65,120,327.64,120,327.55,480,327.54,80,327.53,120,328.1,320,328.12,480,328.19,40,329.38,160,,,,,,,,,,,,
2026-01-16 09:32:47,327.93,327.96,1,327.76,200,328.1,320,328.1,327.76,327.76,200,327.71,80,327.7,120,327.69,80,327.66,120,327.65,120,327.64,120,327.55,480,327.54,80,327.53,120,328.1,320,328.12,480,328.19,40,329.38,160,,,,,,,,,,,,
2026-01-16 09:32:48,327.93,327.93,5,327.76,200,328.1,400,328.1,327.76,327.76,200,327.71,80,327.7,120,327.69,80,327.66,120,327.65,120,327.64,120,327.55,480,327.54,80,327.53,120,328.1,400,328.12,480,328.19,40,329.38,160,,,,,,,,,,,,
2026-01-16 09:32:48,327.885,327.76,1,327.67,160,328.1,400,328.1,327.67,327.67,160,327.66,120,327.65,120,327.64,120,327.55,480,327.54,80,327.53,120,327.52,80,327.51,80,327.5,80,328.1,400,328.12,480,328.19,40,329.38,160,,,,,,,,,,,,
2026-01-16 09:32:50,327.885,327.76,1,327.67,160,328.1,400,328.1,327.67,327.67,160,327.66,120,327.65,120,327.64,120,327.55,480,327.54,80,327.53,120,327.52,80,327.51,80,327.5,80,328.1,400,328.12,480,328.19,40,329.38,160,,,,,,,,,,,,
2026-01-16 09:32:51,327.805,327.89,1,327.67,160,327.94,200,327.94,327.67,327.67,160,327.66,120,327.65,120,327.64,120,327.55,480,327.54,80,327.53,120,327.52,80,327.51,80,327.5,80,327.94,200,328.1,360,328.12,480,328.19,40,329.38,160,,,,,,,,,,
2026-01-16 09:32:52,327.77,327.77,3,327.67,160,327.87,120,327.87,327.67,327.67,160,327.66,120,327.65,120,327.64,120,327.55,480,327.54,80,327.53,120,327.52,80,327.51,80,327.5,80,327.87,120,327.94,160,328.1,360,328.12,480,328.19,40,329.38,160,,,,,,,,
2026-01-16 09:32:52,327.99,327.89,1,327.89,120,328.09,80,328.09,327.89,327.89,120,327.84,120,327.75,120,327.67,160,327.66,120,327.65,120,327.64,120,327.55,480,327.54,80,327.53,120,328.09,80,328.1,360,328.12,480,328.19,40,329.38,160,,,,,,,,,,
2026-01-16 09:32:54,327.83,327.96,1,327.63,120,328.03,80,328.03,327.63,327.63,120,327.6,80,327.55,480,327.54,80,327.53,120,327.52,80,327.51,80,327.5,80,327.49,80,327.48,80,328.03,80,328.1,360,328.12,480,328.19,40,329.38,160,,,,,,,,,,
2026-01-16 09:32:55,327.83,327.96,1,327.63,120,328.03,80,328.03,327.63,327.63,120,327.6,80,327.55,480,327.54,80,327.53,120,327.52,80,327.51,80,327.5,80,327.49,80,327.48,80,328.03,80,328.1,360,328.12,480,328.19,40,329.38,160,,,,,,,,,,
2026-01-16 09:32:56,327.865,327.89,1,327.63,120,328.1,560,328.1,327.63,327.63,120,327.6,80,327.55,480,327.54,80,327.53,120,327.52,80,327.51,80,327.5,80,327.49,80,327.48,80,328.1,560,328.12,480,328.19,40,329.38,160,,,,,,,,,,,,
2026-01-16 09:32:57,327.865,327.89,1,327.63,120,328.1,560,328.1,327.63,327.63,120,327.6,80,327.55,480,327.54,80,327.53,120,327.52,80,327.51,80,327.5,80,327.49,80,327.48,80,328.1,560,328.12,480,328.19,40,329.38,160,,,,,,,,,,,,
2026-01-16 09:32:58,327.86,327.89,1,327.63,280,328.09,160,328.09,327.63,327.63,280,327.6,80,327.55,480,327.54,80,327.53,120,327.52,80,327.51,80,327.5,80,327.49,80,327.48,80,328.09,160,328.1,560,328.12,480,328.19,40,329.38,160,,,,,,,,,,
2026-01-16 09:32:59,327.86,327.89,1,327.63,280,328.09,160,328.09,327.63,327.63,280,327.6,80,327.55,480,327.54,80,327.53,120,327.52,80,327.51,80,327.5,80,327.49,80,327.48,80,328.09,160,328.1,560,328.12,480,328.19,40,329.38,160,,,,,,,,,,
2026-01-16 09:33:00,327.955,327.89,1,327.82,40,328.09,160,328.09,327.82,327.82,40,327.63,280,327.6,80,327.55,480,327.54,80,327.53,120,327.52,80,327.51,80,327.5,80,327.49,80,328.09,160,328.1,560,328.12,480,328.19,40,329.38,160,,,,,,,,,,
2026-01-16 09:33:01,327.955,328.09,1,327.82,80,328.09,160,328.09,327.82,327.82,80,327.63,280,327.6,80,327.55,480,327.54,80,327.53,120,327.52,80,327.51,80,327.5,80,327.49,80,328.09,160,328.1,560,328.12,480,328.19,40,329.38,160,,,,,,,,,,
2026-01-16 09:33:02,327.955,328.09,1,327.82,80,328.09,160,328.09,327.82,327.82,80,327.63,280,327.6,80,327.55,480,327.54,80,327.53,120,327.52,80,327.51,80,327.5,80,327.49,80,328.09,160,328.1,560,328.12,480,328.19,40,329.38,160,,,,,,,,,,
2026-01-16 09:33:03,327.97,327.97,3,327.85,160,328.09,160,328.09,327.85,327.85,160,327.82,120,327.63,280,327.6,80,327.55,480,327.54,80,327.53,120,327.52,80,327.51,80,327.5,80,328.09,160,328.1,280,328.12,480,328.19,40,329.38,160,,,,,,,,,,
2026-01-16 09:33:04,327.97,327.97,3,327.85,160,328.09,160,328.09,327.85,327.85,160,327.82,120,327.63,280,327.6,80,327.55,480,327.54,80,327.53,120,327.52,80,327.51,80,327.5,80,328.09,160,328.1,280,328.12,480,328.19,40,329.38,160,,,,,,,,,,
2026-01-16 09:33:05,327.725,327.85,1,327.59,200,327.86,40,327.86,327.59,327.59,200,327.55,400,327.54,80,327.53,120,327.52,80,327.51,80,327.5,80,327.49,80,327.48,80,327.47,80,327.86,40,328.09,160,328.1,280,328.12,480,328.19,40,329.38,160,,,,,,,,
2026-01-16 09:33:06,327.725,327.85,1,327.59,200,327.86,120,327.86,327.59,327.59,200,327.55,400,327.54,80,327.53,120,327.52,80,327.51,80,327.5,80,327.49,80,327.48,80,327.47,80,327.86,120,328.09,160,328.1,280,328.12,480,328.19,40,329.38,160,,,,,,,,
2026-01-16 09:33:07,327.725,327.85,1,327.59,200,327.86,120,327.86,327.59,327.59,200,327.55,400,327.54,80,327.53,120,327.52,80,327.51,80,327.5,80,327.49,80,327.48,80,327.47,80,327.86,120,328.09,160,328.1,280,328.12,480,328.19,40,329.38,160,,,,,,,,
2026-01-16 09:33:08,327.725,327.85,1,327.59,200,327.86,160,327.86,327.59,327.59,200,327.55,400,327.54,80,327.53,120,327.52,80,327.51,80,327.5,80,327.49,80,327.48,80,327.47,80,327.86,160,328.09,160,328.1,280,328.12,480,328.19,40,329.38,160,,,,,,,,
2026-01-16 09:33:09,327.725,327.85,1,327.59,200,327.86,160,327.86,327.59,327.59,200,327.55,400,327.54,80,327.53,120,327.52,80,327.51,80,327.5,80,327.49,80,327.48,80,327.47,80,327.86,160,328.09,160,328.1,280,328.12,480,328.19,40,329.38,160,,,,,,,,
2026-01-16 09:33:10,327.44,327.44,1,327.28,160,327.6,280,327.6,327.28,327.28,160,327.27,120,327.22,80,327.09,320,327.08,400,327.0,360,326.88,240,326.7,360,326.66,440,,,327.6,280,327.73,40,327.86,160,328.09,160,328.1,280,328.12,480,328.19,40,329.38,160,,,,
2026-01-16 09:33:11,327.44,327.44,1,327.28,160,327.6,280,327.6,327.28,327.28,160,327.27,120,327.22,80,327.09,320,327.08,400,327.0,360,326.88,240,326.7,360,326.66,440,,,327.6,280,327.73,40,327.86,160,328.09,160,328.1,280,328.12,480,328.19,40,329.38,160,,,,
2026-01-16 09:33:12,327.44,327.44,1,327.28,160,327.6,280,327.6,327.28,327.28,160,327.27,120,327.22,80,327.09,320,327.08,400,327.0,360,326.88,240,326.7,360,326.66,440,,,327.6,280,327.73,40,327.86,160,328.09,160,328.1,280,328.12,480,328.19,40,329.38,160,,,,
2026-01-16 09:33:13,327.44,327.44,1,327.28,120,327.6,360,327.6,327.28,327.28,120,327.27,120,327.22,80,327.09,320,327.08,400,327.0,360,326.88,240,326.7,360,326.66,440,,,327.6,360,327.73,40,327.86,160,328.09,160,328.1,280,328.12,480,328.19,40,329.38,160,,,,
2026-01-16 09:33:14,327.44,327.44,1,327.28,120,327.6,360,327.6,327.28,327.28,120,327.27,120,327.22,80,327.09,320,327.08,400,327.0,360,326.88,240,326.7,360,326.66,440,,,327.6,360,327.73,40,327.86,160,328.09,160,328.1,280,328.12,480,328.19,40,329.38,160,,,,
2026-01-16 09:33:15,327.44,327.44,1,327.28,120,327.6,360,327.6,327.28,327.28,120,327.27,120,327.22,80,327.09,320,327.08,400,327.0,360,326.88,240,326.7,360,326.66,440,,,327.6,360,327.73,40,327.86,160,328.09,160,328.1,280,328.12,480,328.19,40,329.38,160,,,,
2026-01-16 09:33:16,327.44,327.44,1,327.28,120,327.6,360,327.6,327.28,327.28,120,327.27,120,327.22,80,327.09,320,327.08,400,327.0,360,326.88,240,326.7,360,326.66,440,,,327.6,360,327.73,40,327.86,160,328.09,160,328.1,280,328.12,480,328.19,40,329.38,160,,,,
2026-01-16 09:33:17,327.44,327.44,1,327.28,120,327.6,360,327.6,327.28,327.28,120,327.27,120,327.22,80,327.09,320,327.08,400,327.0,360,326.88,240,326.7,360,326.66,440,,,327.6,360,327.73,40,327.86,160,328.09,160,328.1,280,328.12,480,328.19,40,329.38,160,,,,
2026-01-16 09:33:18,327.44,327.44,1,327.28,120,327.6,360,327.6,327.28,327.28,120,327.27,120,327.22,80,327.09,320,327.08,400,327.0,360,326.88,240,326.7,360,326.66,440,,,327.6,360,327.73,40,327.86,160,328.09,160,328.1,280,328.12,480,328.19,40,329.38,160,,,,
2026-01-16 09:33:19,327.44,327.28,2,327.28,120,327.6,360,327.6,327.28,327.28,120,327.27,120,327.22,80,327.09,320,327.08,400,327.0,360,326.88,240,326.7,360,326.66,440,,,327.6,360,327.73,40,327.86,160,328.09,160,328.1,280,328.12,480,328.19,40,329.38,160,,,,
2026-01-16 09:33:20,327.44,327.28,2,327.28,120,327.6,360,327.6,327.28,327.28,120,327.27,120,327.22,80,327.09,320,327.08,400,327.0,360,326.88,240,326.7,360,326.66,440,,,327.6,360,327.73,40,327.86,160,328.09,160,328.1,280,328.12,480,328.19,40,329.38,160,,,,
2026-01-16 09:33:21,327.44,327.28,2,327.28,120,327.6,360,327.6,327.28,327.28,120,327.27,120,327.22,80,327.09,320,327.08,400,327.0,360,326.88,240,326.7,360,326.66,440,,,327.6,360,327.73,40,327.86,160,328.09,160,328.1,280,328.12,480,328.19,40,329.38,160,,,,
2026-01-16 09:33:22,327.36,327.28,2,327.28,240,327.44,40,327.44,327.28,327.28,240,327.27,120,327.22,80,327.09,320,327.08,400,327.0,360,326.88,240,326.7,360,326.66,440,,,327.44,40,327.45,40,327.55,160,327.6,360,327.73,40,327.86,160,328.09,160,328.1,280,328.12,480,328.19,40
2026-01-16 09:33:23,327.36,327.28,2,327.28,240,327.44,40,327.44,327.28,327.28,240,327.27,120,327.22,80,327.09,320,327.08,400,327.0,360,326.88,240,326.7,360,326.66,440,,,327.44,40,327.45,40,327.55,160,327.6,360,327.73,40,327.86,160,328.09,160,328.1,280,328.12,480,328.19,40
2026-01-16 09:33:24,327.36,327.28,2,327.28,240,327.44,40,327.44,327.28,327.28,240,327.27,120,327.22,80,327.09,320,327.08,400,327.0,360,326.88,240,326.7,360,326.66,440,,,327.44,40,327.45,40,327.55,160,327.6,360,327.73,40,327.86,160,328.09,160,328.1,280,328.12,480,328.19,40
2026-01-16 09:33:25,327.17,327.28,1,327.0,560,327.34,40,327.34,327.0,327.0,560,326.88,240,326.7,360,326.66,440,,,,,,,,,,,,,327.34,40,327.35,80,327.44,80,327.45,40,327.55,160,327.6,360,327.73,40,327.86,160,328.09,160,328.1,280
2026-01-16 09:33:26,327.17,327.28,1,327.0,560,327.34,40,327.34,327.0,327.0,560,326.88,240,326.7,360,326.66,440,,,,,,,,,,,,,327.34,40,327.35,80,327.44,80,327.45,40,327.55,160,327.6,360,327.73,40,327.86,160,328.09,160,328.1,280
2026-01-16 09:33:27,326.92,326.8,7,326.66,200,327.18,120,327.18,326.66,326.66,200,,,,,,,,,,,,,,,,,,,327.18,120,327.23,80,327.34,40,327.35,80,327.44,80,327.45,40,327.55,160,327.6,360,327.73,40,327.86,160
2026-01-16 09:33:28,326.92,326.8,7,326.66,200,327.18,120,327.18,326.66,326.66,200,,,,,,,,,,,,,,,,,,,327.18,120,327.23,80,327.34,40,327.35,80,327.44,80,327.45,40,327.55,160,327.6,360,327.73,40,327.86,160
2026-01-16 09:33:29,326.92,326.8,7,326.66,200,327.18,120,327.18,326.66,326.66,200,,,,,,,,,,,,,,,,,,,327.18,120,327.23,80,327.34,40,327.35,80,327.44,80,327.45,40,327.55,160,327.6,360,327.73,40,327.86,160
2026-01-16 09:33:30,326.92,326.8,7,326.66,280,327.18,120,327.18,326.66,326.66,280,,,,,,,,,,,,,,,,,,,327.18,120,327.23,80,327.34,40,327.35,80,327.44,80,327.45,40,327.55,160,327.6,360,327.73,40,327.86,160
2026-01-16 09:33:31,326.92,326.92,3,326.66,280,327.18,120,327.18,326.66,326.66,280,,,,,,,,,,,,,,,,,,,327.18,120,327.23,80,327.34,40,327.35,80,327.44,80,327.45,40,327.55,160,327.6,360,327.73,40,327.86,160
2026-01-16 09:33:32,326.82,326.92,3,326.66,280,326.98,120,326.98,326.66,326.66,280,,,,,,,,,,,,,,,,,,,326.98,120,326.99,120,327.18,120,327.23,80,327.34,40,327.35,80,327.44,80,327.45,40,327.55,160,327.6,360
2026-01-16 09:33:33,326.82,326.92,3,326.66,280,326.98,120,326.98,326.66,326.66,280,,,,,,,,,,,,,,,,,,,326.98,120,326.99,120,327.18,120,327.23,80,327.34,40,327.35,80,327.44,80,327.45,40,327.55,160,327.6,360
2026-01-16 09:33:34,326.82,326.92,3,326.66,320,326.98,120,326.98,326.66,326.66,320,,,,,,,,,,,,,,,,,,,326.98,120,326.99,120,327.18,120,327.23,80,327.34,40,327.35,80,327.44,80,327.45,40,327.55,160,327.6,360
2026-01-16 09:33:35,326.82,326.82,1,326.66,280,326.98,120,326.98,326.66,326.66,280,,,,,,,,,,,,,,,,,,,326.98,120,326.99,120,327.18,120,327.23,80,327.34,40,327.35,80,327.44,80,327.45,40,327.55,160,327.6,360
2026-01-16 09:33:36,326.82,326.7,1,326.66,280,326.98,120,326.98,326.66,326.66,280,,,,,,,,,,,,,,,,,,,326.98,120,326.99,120,327.18,120,327.23,80,327.34,40,327.35,80,327.44,80,327.45,40,327.55,160,327.6,360
2026-01-16 09:33:37,326.82,326.7,1,326.66,280,326.98,120,326.98,326.66,326.66,280,,,,,,,,,,,,,,,,,,,326.98,120,326.99,120,327.18,120,327.23,80,327.34,40,327.35,80,327.44,80,327.45,40,327.55,160,327.6,360
2026-01-16 09:33:38,326.82,326.7,1,326.66,280,326.98,120,326.98,326.66,326.66,280,,,,,,,,,,,,,,,,,,,326.98,120,326.99,120,327.18,120,327.23,80,327.34,40,327.35,80,327.44,80,327.45,40,327.55,160,327.6,360
2026-01-16 09:33:39,326.82,326.7,1,326.66,280,326.98,120,326.98,326.66,326.66,280,,,,,,,,,,,,,,,,,,,326.98,120,326.99,120,327.18,120,327.23,80,327.34,40,327.35,80,327.44,80,327.45,40,327.55,160,327.6,360
2026-01-16 09:33:40,326.535,326.44,1,326.39,80,326.68,40,326.68,326.39,326.39,80,,,,,,,,,,,,,,,,,,,326.68,40,326.71,80,326.78,40,326.79,40,326.85,40,326.88,80,326.98,120,326.99,120,327.18,120,327.23,80
2026-01-16 09:33:41,326.535,326.44,1,326.39,80,326.68,40,326.68,326.39,326.39,80,,,,,,,,,,,,,,,,,,,326.68,40,326.71,80,326.78,40,326.79,40,326.85,40,326.88,80,326.98,120,326.99,120,327.18,120,327.23,80
2026-01-16 09:33:42,326.535,326.44,1,326.39,80,326.68,40,326.68,326.39,326.39,80,,,,,,,,,,,,,,,,,,,326.68,40,326.71,80,326.78,40,326.79,40,326.85,40,326.88,80,326.98,120,326.99,120,327.18,120,327.23,80
2026-01-16 09:33:43,326.535,326.44,1,326.39,80,326.68,40,326.68,326.39,326.39,80,,,,,,,,,,,,,,,,,,,326.68,40,326.71,80,326.78,40,326.79,40,326.85,40,326.88,80,326.98,120,326.99,120,327.18,120,327.23,80
2026-01-16 09:33:44,326.535,326.44,1,326.39,80,326.68,40,326.68,326.39,326.39,80,,,,,,,,,,,,,,,,,,,326.68,40,326.71,80,326.78,40,326.79,40,326.85,40,326.88,80,326.98,120,326.99,120,327.18,120,327.23,80
2026-01-16 09:33:45,326.535,326.68,1,326.39,80,326.68,120,326.68,326.39,326.39,80,,,,,,,,,,,,,,,,,,,326.68,120,326.71,80,326.78,40,326.79,40,326.85,40,326.88,80,326.98,120,326.99,120,327.18,120,327.23,80
2026-01-16 09:33:46,326.535,326.68,1,326.39,80,326.68,120,326.68,326.39,326.39,80,,,,,,,,,,,,,,,,,,,326.68,120,326.71,80,326.78,40,326.79,40,326.85,40,326.88,80,326.98,120,326.99,120,327.18,120,327.23,80
2026-01-16 09:33:47,326.535,326.68,1,326.39,80,326.68,120,326.68,326.39,326.39,80,,,,,,,,,,,,,,,,,,,326.68,120,326.71,80,326.78,40,326.79,40,326.85,40,326.88,80,326.98,120,326.99,120,327.18,120,327.23,80
2026-01-16 09:33:48,326.535,326.68,1,326.39,80,326.68,120,326.68,326.39,326.39,80,,,,,,,,,,,,,,,,,,,326.68,120,326.71,80,326.78,40,326.79,40,326.85,40,326.88,80,326.98,120,326.99,120,327.18,120,327.23,80
2026-01-16 09:33:49,326.535,326.68,1,326.39,80,326.68,120,326.68,326.39,326.39,80,,,,,,,,,,,,,,,,,,,326.68,120,326.71,80,326.78,40,326.79,40,326.85,40,326.88,80,326.98,120,326.99,120,327.18,120,327.23,80
2026-01-16 09:33:50,326.535,326.68,1,326.39,80,326.68,120,326.68,326.39,326.39,80,,,,,,,,,,,,,,,,,,,326.68,120,326.71,80,326.78,40,326.79,40,326.85,40,326.88,80,326.98,120,326.99,120,327.18,120,327.23,80
2026-01-16 09:33:51,326.535,326.68,1,326.39,80,326.68,120,326.68,326.39,326.39,80,,,,,,,,,,,,,,,,,,,326.68,120,326.71,80,326.78,40,326.79,40,326.85,40,326.88,80,326.98,120,326.99,120,327.18,120,327.23,80
2026-01-16 09:33:52,326.535,326.68,1,326.39,80,326.68,120,326.68,326.39,326.39,80,,,,,,,,,,,,,,,,,,,326.68,120,326.71,80,326.78,40,326.79,40,326.85,40,326.88,80,326.98,120,326.99,120,327.18,120,327.23,80
2026-01-16 09:33:53,326.535,326.68,1,326.39,80,326.68,120,326.68,326.39,326.39,80,,,,,,,,,,,,,,,,,,,326.68,120,326.71,80,326.78,40,326.79,40,326.85,40,326.88,80,326.98,120,326.99,120,327.18,120,327.23,80
2026-01-16 09:33:54,326.535,326.68,1,326.39,80,326.68,120,326.68,326.39,326.39,80,,,,,,,,,,,,,,,,,,,326.68,120,326.71,80,326.78,40,326.79,40,326.85,40,326.88,80,326.98,120,326.99,120,327.18,120,327.23,80
2026-01-16 09:33:55,326.535,326.68,1,326.39,80,326.68,120,326.68,326.39,326.39,80,,,,,,,,,,,,,,,,,,,326.68,120,326.71,80,326.78,40,326.79,40,326.85,40,326.88,80,326.98,120,326.99,120,327.18,120,327.23,80
2026-01-16 09:33:56,326.535,326.68,1,326.39,80,326.68,120,326.68,326.39,326.39,80,,,,,,,,,,,,,,,,,,,326.68,120,326.71,80,326.78,40,326.79,40,326.85,40,326.88,80,326.98,120,326.99,120,327.18,120,327.23,80
2026-01-16 09:33:57,326.5,326.54,1,326.39,80,326.61,40,326.61,326.39,326.39,80,,,,,,,,,,,,,,,,,,,326.61,40,326.68,160,326.71,80,326.78,40,326.79,40,326.85,40,326.88,80,326.98,120,326.99,120,327.18,120
2026-01-16 09:33:58,326.5,326.54,1,326.39,80,326.61,40,326.61,326.39,326.39,80,,,,,,,,,,,,,,,,,,,326.61,40,326.68,160,326.71,80,326.78,40,326.79,40,326.85,40,326.88,80,326.98,120,326.99,120,327.18,120
2026-01-16 09:33:59,326.475,326.54,1,326.39,120,326.56,40,326.56,326.39,326.39,120,,,,,,,,,,,,,,,,,,,326.56,40,326.61,80,326.68,160,326.71,80,326.78,40,326.79,40,326.85,40,326.88,80,326.98,120,326.99,120
2026-01-16 09:34:00,326.475,326.54,1,326.39,200,326.56,40,326.56,326.39,326.39,200,,,,,,,,,,,,,,,,,,,326.56,40,326.61,80,326.68,160,326.71,80,326.78,40,326.79,40,326.85,40,326.88,80,326.98,120,326.99,120
2026-01-16 09:34:01,326.475,326.48,1,326.39,160,326.56,40,326.56,326.39,326.39,160,,,,,,,,,,,,,,,,,,,326.56,40,326.61,80,326.68,160,326.71,80,326.78,40,326.79,40,326.85,40,326.88,80,326.98,120,326.99,120
2026-01-16 09:34:02,326.5,326.48,1,326.39,200,326.61,120,326.61,326.39,326.39,200,,,,,,,,,,,,,,,,,,,326.61,120,326.68,160,326.71,80,326.78,40,326.79,40,326.85,40,326.88,80,326.98,120,326.99,120,327.18,120
2026-01-16 09:34:03,326.5,326.6,2,326.39,160,326.61,120,326.61,326.39,326.39,160,,,,,,,,,,,,,,,,,,,326.61,120,326.68,160,326.71,80,326.78,40,326.79,40,326.85,40,326.88,80,326.98,120,326.99,120,327.18,120
2026-01-16 09:34:04,326.5,326.6,2,326.39,200,326.61,120,326.61,326.39,326.39,200,,,,,,,,,,,,,,,,,,,326.61,120,326.68,160,326.71,80,326.78,40,326.79,40,326.85,40,326.88,80,326.98,120,326.99,120,327.18,120
2026-01-16 09:34:05,326.535,326.6,2,326.39,200,326.68,160,326.68,326.39,326.39,200,,,,,,,,,,,,,,,,,,,326.68,160,326.71,80,326.78,40,326.79,40,326.85,40,326.88,80,326.98,120,326.99,120,327.18,120,327.23,80
2026-01-16 09:34:06,326.535,326.6,2,326.39,200,326.68,160,326.68,326.39,326.39,200,,,,,,,,,,,,,,,,,,,326.68,160,326.71,80,326.78,40,326.79,40,326.85,40,326.88,80,326.98,120,326.99,120,327.18,120,327.23,80
2026-01-16 09:34:07,326.535,326.6,2,326.39,200,326.68,160,326.68,326.39,326.39,200,,,,,,,,,,,,,,,,,,,326.68,160,326.71,80,326.78,40,326.79,40,326.85,40,326.88,80,326.98,120,326.99,120,327.18,120,327.23,80
2026-01-16 09:34:08,326.415,326.34,1,326.19,80,326.64,40,326.64,326.19,326.19,80,326.12,160,,,,,,,,,,,,,,,,,326.64,40,326.68,240,326.71,80,326.78,40,326.79,40,326.85,40,326.88,80,326.98,120,326.99,120,327.18,120
2026-01-16 09:34:09,326.345,326.34,1,326.12,160,326.57,40,326.57,326.12,326.12,160,,,,,,,,,,,,,,,,,,,326.57,40,326.64,200,326.68,240,326.71,80,326.78,40,326.79,40,326.85,40,326.88,80,326.98,120,326.99,120
2026-01-16 09:34:10,326.34,326.34,1,326.12,160,326.56,40,326.56,326.12,326.12,160,,,,,,,,,,,,,,,,,,,326.56,40,326.57,40,326.64,200,326.68,240,326.71,80,326.78,40,326.79,40,326.85,40,326.88,80,326.98,120
2026-01-16 09:34:11,326.28,326.34,1,326.0,1040,326.56,160,326.56,326.0,326.0,1040,,,,,,,,,,,,,,,,,,,326.56,160,326.57,40,326.64,200,326.68,240,326.71,80,326.78,40,326.79,40,326.85,40,326.88,80,326.98,120
2026-01-16 09:34:12,326.28,326.34,1,326.0,1040,326.56,160,326.56,326.0,326.0,1040,,,,,,,,,,,,,,,,,,,326.56,160,326.57,40,326.64,200,326.68,240,326.71,80,326.78,40,326.79,40,326.85,40,326.88,80,326.98,120
2026-01-16 09:34:13,326.28,326.34,1,326.0,1040,326.56,160,326.56,326.0,326.0,1040,,,,,,,,,,,,,,,,,,,326.56,160,326.57,40,326.64,200,326.68,240,326.71,80,326.78,40,326.79,40,326.85,40,326.88,80,326.98,120
2026-01-16 09:34:14,326.28,326.34,1,326.0,1040,326.56,160,326.56,326.0,326.0,1040,,,,,,,,,,,,,,,,,,,326.56,160,326.57,40,326.64,200,326.68,240,326.71,80,326.78,40,326.79,40,326.85,40,326.88,80,326.98,120
2026-01-16 09:34:15,326.28,326.34,1,326.0,1040,326.56,160,326.56,326.0,326.0,1040,,,,,,,,,,,,,,,,,,,326.56,160,326.57,40,326.64,200,326.68,240,326.71,80,326.78,40,326.79,40,326.85,40,326.88,80,326.98,120
2026-01-16 09:34:16,326.28,326.34,1,326.0,1040,326.56,160,326.56,326.0,326.0,1040,,,,,,,,,,,,,,,,,,,326.56,160,326.57,40,326.64,200,326.68,240,326.71,80,326.78,40,326.79,40,326.85,40,326.88,80,326.98,120
2026-01-16 09:34:17,326.25,326.28,1,326.0,1040,326.5,40,326.5,326.0,326.0,1040,,,,,,,,,,,,,,,,,,,326.5,40,326.56,160,326.57,40,326.64,200,326.68,240,326.71,80,326.78,40,326.79,40,326.85,40,326.88,80
2026-01-16 09:34:18,326.25,326.28,1,326.0,1040,326.5,40,326.5,326.0,326.0,1040,,,,,,,,,,,,,,,,,,,326.5,40,326.56,160,326.57,40,326.64,200,326.68,240,326.71,80,326.78,40,326.79,40,326.85,40,326.88,80
2026-01-16 09:34:19,326.25,326.28,1,326.0,1040,326.5,40,326.5,326.0,326.0,1040,,,,,,,,,,,,,,,,,,,326.5,40,326.56,160,326.57,40,326.64,200,326.68,240,326.71,80,326.78,40,326.79,40,326.85,40,326.88,80
2026-01-16 09:34:20,326.25,326.28,1,326.0,1040,326.5,40,326.5,326.0,326.0,1040,,,,,,,,,,,,,,,,,,,326.5,40,326.56,160,326.57,40,326.64,200,326.68,240,326.71,80,326.78,40,326.79,40,326.85,40,326.88,80
2026-01-16 09:34:21,326.27,326.28,1,326.04,40,326.5,40,326.5,326.04,326.04,40,326.0,1040,,,,,,,,,,,,,,,,,326.5,40,326.56,160,326.57,40,326.64,200,326.68,240,326.71,80,326.78,40,326.79,40,326.85,40,326.88,80
2026-01-16 09:34:22,326.39,326.39,2,326.28,80,326.5,40,326.5,326.28,326.28,80,326.11,40,326.04,40,326.0,1040,,,,,,,,,,,,,326.5,40,326.56,160,326.57,40,326.64,200,326.68,240,326.71,80,326.78,40,326.79,40,326.85,40,326.88,80
2026-01-16 09:34:23,326.39,326.39,2,326.28,80,326.5,40,326.5,326.28,326.28,80,326.11,40,326.04,40,326.0,1040,,,,,,,,,,,,,326.5,40,326.56,160,326.57,40,326.64,200,326.68,240,326.71,80,326.78,40,326.79,40,326.85,40,326.88,80
2026-01-16 09:34:24,326.39,326.41,1,326.28,80,326.5,40,326.5,326.28,326.28,80,326.11,40,326.04,40,326.0,1040,,,,,,,,,,,,,326.5,40,326.56,200,326.57,40,326.64,200,326.68,240,326.71,80,326.78,40,326.79,40,326.85,40,326.88,80
2026-01-16 09:34:25,326.39,326.41,1,326.28,200,326.5,40,326.5,326.28,326.28,200,326.11,40,326.04,40,326.0,1040,,,,,,,,,,,,,326.5,40,326.56,200,326.57,40,326.64,200,326.68,240,326.71,80,326.78,40,326.79,40,326.85,40,326.88,80
2026-01-16 09:34:26,326.39,326.41,1,326.28,200,326.5,40,326.5,326.28,326.28,200,326.11,40,326.04,40,326.0,1040,,,,,,,,,,,,,326.5,40,326.56,200,326.57,40,326.64,200,326.68,240,326.71,80,326.78,40,326.79,40,326.85,40,326.88,80
2026-01-16 09:34:27,326.39,326.41,1,326.28,200,326.5,40,326.5,326.28,326.28,200,326.11,40,326.04,40,326.0,1040,,,,,,,,,,,,,326.5,40,326.56,200,326.57,40,326.64,200,326.68,240,326.71,80,326.78,40,326.79,40,326.85,40,326.88,80
2026-01-16 09:34:28,326.39,326.41,1,326.28,200,326.5,40,326.5,326.28,326.28,200,326.11,40,326.04,40,326.0,1040,,,,,,,,,,,,,326.5,40,326.56,200,326.57,40,326.64,200,326.68,240,326.71,80,326.78,40,326.79,40,326.85,40,326.88,80
2026-01-16 09:34:29,326.785,326.76,1,326.75,160,326.82,40,326.82,326.75,326.75,160,326.47,80,326.44,80,326.4,40,326.39,160,326.29,40,326.28,240,326.11,40,326.04,40,326.0,1040,326.82,40,326.85,40,326.88,80,326.98,120,326.99,120,327.18,120,327.23,80,327.34,40,327.35,80,327.44,80
2026-01-16 09:34:30,326.865,326.76,1,326.75,160,326.98,240,326.98,326.75,326.75,160,326.47,80,326.44,80,326.4,40,326.39,160,326.29,40,326.28,240,326.11,40,326.04,40,326.0,1040,326.98,240,326.99,120,327.18,120,327.23,80,327.34,40,327.35,80,327.44,80,327.45,40,327.55,160,327.6,360
2026-01-16 09:34:31,326.865,326.76,1,326.75,160,326.98,240,326.98,326.75,326.75,160,326.47,80,326.44,80,326.4,40,326.39,160,326.29,40,326.28,240,326.11,40,326.04,40,326.0,1040,326.98,240,326.99,120,327.18,120,327.23,80,327.34,40,327.35,80,327.44,80,327.45,40,327.55,160,327.6,360
2026-01-16 09:34:32,326.865,326.76,1,326.75,160,326.98,240,326.98,326.75,326.75,160,326.47,80,326.44,80,326.4,40,326.39,160,326.29,40,326.28,240,326.11,40,326.04,40,326.0,1040,326.98,240,326.99,120,327.18,120,327.23,80,327.34,40,327.35,80,327.44,80,327.45,40,327.55,160,327.6,360
2026-01-16 09:34:33,326.865,326.87,1,326.75,440,326.98,240,326.98,326.75,326.75,440,326.47,80,326.44,80,326.4,40,326.39,160,326.29,40,326.28,240,326.11,40,326.04,40,326.0,1040,326.98,240,326.99,120,327.18,120,327.23,80,327.34,40,327.35,80,327.44,80,327.45,40,327.55,160,327.6,360
2026-01-16 09:34:34,326.865,326.88,2,326.75,440,326.98,320,326.98,326.75,326.75,440,326.47,80,326.44,80,326.4,40,326.39,160,326.29,40,326.28,240,326.11,40,326.04,40,326.0,1040,326.98,320,326.99,120,327.18,120,327.23,80,327.34,40,327.35,80,327.44,80,327.45,40,327.55,160,327.6,360
2026-01-16 09:34:35,326.865,326.88,2,326.75,200,326.98,320,326.98,326.75,326.75,200,326.47,80,326.44,80,326.4,40,326.39,160,326.29,40,326.28,240,326.11,40,326.04,40,326.0,1040,326.98,320,326.99,120,327.18,120,327.23,80,327.34,40,327.35,80,327.44,80,327.45,40,327.55,160,327.6,360
2026-01-16 09:34:36,326.865,327.04,1,326.75,280,326.98,240,326.98,326.75,326.75,280,326.47,80,326.44,80,326.4,40,326.39,160,326.29,40,326.28,240,326.11,40,326.04,40,326.0,1040,326.98,240,327.09,280,327.1,120,327.18,120,327.23,80,327.34,40,327.35,80,327.44,80,327.45,40,327.55,160
2026-01-16 09:34:37,326.865,327.04,1,326.75,360,326.98,240,326.98,326.75,326.75,360,326.47,80,326.44,80,326.4,40,326.39,160,326.29,40,326.28,240,326.11,40,326.04,40,326.0,1040,326.98,240,327.09,280,327.1,120,327.18,120,327.23,80,327.34,40,327.35,80,327.44,80,327.45,40,327.55,160
2026-01-16 09:34:38,326.865,327.04,1,326.75,360,326.98,240,326.98,326.75,326.75,360,326.47,80,326.44,80,326.4,40,326.39,160,326.29,40,326.28,240,326.11,40,326.04,40,326.0,1040,326.98,240,327.09,280,327.1,120,327.18,120,327.23,80,327.34,40,327.35,80,327.44,80,327.45,40,327.55,160
2026-01-16 09:34:39,326.865,327.04,1,326.75,360,326.98,240,326.98,326.75,326.75,360,326.47,80,326.44,80,326.4,40,326.39,160,326.29,40,326.28,240,326.11,40,326.04,40,326.0,1040,326.98,240,327.09,280,327.1,120,327.18,120,327.23,80,327.34,40,327.35,80,327.44,80,327.45,40,327.55,160
2026-01-16 09:34:40,326.575,326.75,1,326.28,240,326.87,240,326.87,326.28,326.28,240,326.11,40,326.04,40,326.0,1040,,,,,,,,,,,,,326.87,240,326.94,40,326.98,280,327.09,280,327.1,120,327.18,120,327.23,80,327.34,40,327.35,80,327.44,80
2026-01-16 09:34:41,326.575,326.75,1,326.28,240,326.87,240,326.87,326.28,326.28,240,326.11,40,326.04,40,326.0,1040,,,,,,,,,,,,,326.87,240,326.94,40,326.98,280,327.09,280,327.1,120,327.18,120,327.23,80,327.34,40,327.35,80,327.44,80
2026-01-16 09:34:42,326.575,326.61,1,326.28,240,326.87,240,326.87,326.28,326.28,240,326.11,40,326.04,40,326.0,1040,,,,,,,,,,,,,326.87,240,326.94,40,326.98,280,327.09,280,327.1,120,327.18,120,327.23,80,327.34,40,327.35,80,327.44,80
2026-01-16 09:34:43,326.575,326.61,1,326.28,240,326.87,240,326.87,326.28,326.28,240,326.11,40,326.04,40,326.0,1040,,,,,,,,,,,,,326.87,240,326.94,40,326.98,280,327.09,280,327.1,120,327.18,120,327.23,80,327.34,40,327.35,80,327.44,80
2026-01-16 09:34:44,326.575,326.61,1,326.28,240,326.87,240,326.87,326.28,326.28,240,326.11,40,326.04,40,326.0,1040,,,,,,,,,,,,,326.87,240,326.94,40,326.98,280,327.09,280,327.1,120,327.18,120,327.23,80,327.34,40,327.35,80,327.44,80
2026-01-16 09:34:45,326.575,326.61,1,326.28,240,326.87,240,326.87,326.28,326.28,240,326.11,40,326.04,40,326.0,1040,,,,,,,,,,,,,326.87,240,326.94,40,326.98,280,327.09,280,327.1,120,327.18,120,327.23,80,327.34,40,327.35,80,327.44,80
2026-01-16 09:34:46,326.575,326.61,1,326.28,240,326.87,240,326.87,326.28,326.28,240,326.11,40,326.04,40,326.0,1040,,,,,,,,,,,,,326.87,240,326.94,40,326.98,280,327.09,280,327.1,120,327.18,120,327.23,80,327.34,40,327.35,80,327.44,80
2026-01-16 09:34:47,326.575,326.61,1,326.28,240,326.87,240,326.87,326.28,326.28,240,326.11,40,326.04,40,326.0,1040,,,,,,,,,,,,,326.87,240,326.94,40,326.98,280,327.09,280,327.1,120,327.18,120,327.23,80,327.34,40,327.35,80,327.44,80
2026-01-16 09:34:48,326.575,326.58,2,326.28,240,326.87,240,326.87,326.28,326.28,240,326.11,40,326.04,40,326.0,1040,,,,,,,,,,,,,326.87,240,326.94,40,326.98,280,327.09,280,327.1,120,327.18,120,327.23,80,327.34,40,327.35,80,327.44,80
2026-01-16 09:34:49,326.575,326.58,2,326.28,240,326.87,240,326.87,326.28,326.28,240,326.11,40,326.04,40,326.0,1040,,,,,,,,,,,,,326.87,240,326.94,40,326.98,280,327.09,280,327.1,120,327.18,120,327.23,80,327.34,40,327.35,80,327.44,80
2026-01-16 09:34:50,326.575,326.58,2,326.28,280,326.87,240,326.87,326.28,326.28,280,326.11,40,326.04,40,326.0,1040,,,,,,,,,,,,,326.87,240,326.94,40,326.98,280,327.09,280,327.1,120,327.18,120,327.23,80,327.34,40,327.35,80,327.44,80
2026-01-16 09:34:51,326.545,326.58,2,326.28,320,326.81,40,326.81,326.28,326.28,320,326.11,40,326.04,40,326.0,1040,,,,,,,,,,,,,326.81,40,326.87,240,326.94,40,326.98,280,327.09,280,327.1,120,327.18,120,327.23,80,327.34,40,327.35,80
2026-01-16 09:34:52,326.545,326.58,2,326.28,320,326.81,40,326.81,326.28,326.28,320,326.11,40,326.04,40,326.0,1040,,,,,,,,,,,,,326.81,40,326.87,240,326.94,40,326.98,280,327.09,280,327.1,120,327.18,120,327.23,80,327.34,40,327.35,80
2026-01-16 09:34:53,326.605,326.58,2,326.4,40,326.81,40,326.81,326.4,326.4,40,326.28,320,326.11,40,326.04,40,326.0,1040,,,,,,,,,,,326.81,40,326.87,240,326.94,40,326.98,280,327.09,280,327.1,120,327.18,120,327.23,80,327.34,40,327.35,80
2026-01-16 09:34:54,326.605,326.61,4,326.4,40,326.81,40,326.81,326.4,326.4,40,326.28,320,326.11,40,326.04,40,326.0,1040,,,,,,,,,,,326.81,40,326.87,240,326.94,40,326.98,280,327.09,280,327.1,120,327.18,120,327.23,80,327.34,40,327.35,80
2026-01-16 09:34:55,326.605,326.61,4,326.4,40,326.81,40,326.81,326.4,326.4,40,326.28,320,326.11,40,326.04,40,326.0,1040,,,,,,,,,,,326.81,40,326.87,240,326.94,40,326.98,280,327.09,280,327.1,120,327.18,120,327.23,80,327.34,40,327.35,80
2026-01-16 09:34:56,326.605,326.61,4,326.4,40,326.81,40,326.81,326.4,326.4,40,326.28,320,326.11,40,326.04,40,326.0,1040,,,,,,,,,,,326.81,40,326.87,240,326.94,40,326.98,280,327.09,280,327.1,120,327.18,120,327.23,80,327.34,40,327.35,80
2026-01-16 09:34:57,326.605,326.61,4,326.4,40,326.81,40,326.81,326.4,326.4,40,326.28,320,326.11,40,326.04,40,326.0,1040,,,,,,,,,,,326.81,40,326.87,240,326.94,40,326.98,280,327.09,280,327.1,120,327.18,120,327.23,80,327.34,40,327.35,80
2026-01-16 09:34:58,326.78,326.72,1,326.71,40,326.85,40,326.85,326.71,326.71,40,326.61,40,326.44,40,326.4,120,326.28,320,326.11,40,326.04,40,326.0,1040,,,,,326.85,40,326.87,240,326.94,40,326.98,280,327.09,280,327.1,120,327.18,120,327.23,80,327.34,40,327.35,80
2026-01-16 09:34:59,326.78,326.72,1,326.71,80,326.85,80,326.85,326.71,326.71,80,326.61,40,326.44,40,326.4,120,326.28,320,326.11,40,326.04,40,326.0,1040,,,,,326.85,80,326.87,240,326.94,40,326.98,280,327.09,280,327.1,120,327.18,120,327.23,80,327.34,40,327.35,80
2026-01-16 09:35:00,326.845,326.72,1,326.71,120,326.98,360,326.98,326.71,326.71,120,326.61,40,326.44,40,326.4,120,326.28,320,326.11,40,326.04,40,326.0,1040,,,,,326.98,360,327.09,280,327.1,120,327.18,120,327.23,80,327.34,40,327.35,80,327.44,80,327.45,40,327.55,160
2026-01-16 09:35:01,326.845,326.72,1,326.71,120,326.98,360,326.98,326.71,326.71,120,326.61,40,326.44,40,326.4,120,326.28,320,326.11,40,326.04,40,326.0,1040,,,,,326.98,360,327.09,280,327.1,120,327.18,120,327.23,80,327.34,40,327.35,80,327.44,80,327.45,40,327.55,160
2026-01-16 09:35:02,326.82,326.8,1,326.66,40,326.98,440,326.98,326.66,326.66,40,326.61,120,326.44,40,326.4,120,326.28,320,326.11,40,326.04,40,326.0,1040,,,,,326.98,440,327.09,280,327.1,120,327.18,120,327.23,80,327.34,40,327.35,80,327.44,80,327.45,40,327.55,160
2026-01-16 09:35:03,326.82,326.8,1,326.66,40,326.98,440,326.98,326.66,326.66,40,326.61,120,326.44,40,326.4,120,326.28,320,326.11,40,326.04,40,326.0,1040,,,,,326.98,440,327.09,280,327.1,120,327.18,120,327.23,80,327.34,40,327.35,80,327.44,80,327.45,40,327.55,160
2026-01-16 09:35:04,326.82,326.8,1,326.66,40,326.98,440,326.98,326.66,326.66,40,326.61,120,326.44,40,326.4,120,326.28,320,326.11,40,326.04,40,326.0,1040,,,,,326.98,440,327.09,280,327.1,120,327.18,120,327.23,80,327.34,40,327.35,80,327.44,80,327.45,40,327.55,160
2026-01-16 09:35:05,326.67,326.8,1,326.61,160,326.73,80,326.73,326.61,326.61,160,326.44,40,326.4,120,326.28,320,326.11,40,326.04,40,326.0,1040,,,,,,,326.73,80,326.82,40,326.98,440,327.09,280,327.1,120,327.18,120,327.23,80,327.34,40,327.35,80,327.44,80
2026-01-16 09:35:06,326.67,326.67,17,326.61,240,326.73,80,326.73,326.61,326.61,240,326.44,40,326.4,120,326.28,320,326.11,40,326.04,40,326.0,1040,,,,,,,326.73,80,326.82,40,326.98,440,327.09,280,327.1,120,327.18,120,327.23,80,327.34,40,327.35,80,327.44,80
2026-01-16 09:35:07,326.67,326.67,17,326.61,240,326.73,80,326.73,326.61,326.61,240,326.44,40,326.4,120,326.28,320,326.11,40,326.04,40,326.0,1040,,,,,,,326.73,80,326.82,40,326.98,440,327.09,280,327.1,120,327.18,120,327.23,80,327.34,40,327.35,80,327.44,80
2026-01-16 09:35:08,326.67,326.67,17,326.61,240,326.73,160,326.73,326.61,326.61,240,326.44,40,326.4,120,326.28,320,326.11,40,326.04,40,326.0,1040,,,,,,,326.73,160,326.82,40,326.98,440,327.09,280,327.1,120,327.18,120,327.23,80,327.34,40,327.35,80,327.44,80
2026-01-16 09:35:09,326.67,326.67,17,326.61,240,326.73,160,326.73,326.61,326.61,240,326.44,40,326.4,120,326.28,320,326.11,40,326.04,40,326.0,1040,,,,,,,326.73,160,326.82,40,326.98,440,327.09,280,327.1,120,327.18,120,327.23,80,327.34,40,327.35,80,327.44,80
2026-01-16 09:35:10,326.67,326.67,1,326.61,240,326.73,160,326.73,326.61,326.61,240,326.44,40,326.4,120,326.28,320,326.11,40,326.04,40,326.0,1040,,,,,,,326.73,160,326.82,40,326.98,440,327.09,280,327.1,120,327.18,120,327.23,80,327.34,40,327.35,80,327.44,80
2026-01-16 09:35:11,326.85,326.67,1,326.73,80,326.97,40,326.97,326.73,326.73,80,326.67,40,326.61,320,326.44,40,326.4,120,326.28,320,326.11,40,326.04,40,326.0,1040,,,326.97,40,326.98,280,327.09,280,327.1,120,327.18,120,327.23,80,327.34,40,327.35,80,327.44,80,327.45,40
2026-01-16 09:35:12,326.85,326.67,1,326.73,240,326.97,40,326.97,326.73,326.73,240,326.67,40,326.61,320,326.44,40,326.4,120,326.28,320,326.11,40,326.04,40,326.0,1040,,,326.97,40,326.98,280,327.09,280,327.1,120,327.18,120,327.23,80,327.34,40,327.35,80,327.44,80,327.45,40
2026-01-16 09:35:13,326.85,326.67,1,326.73,240,326.97,40,326.97,326.73,326.73,240,326.67,40,326.61,320,326.44,40,326.4,120,326.28,320,326.11,40,326.04,40,326.0,1040,,,326.97,40,326.98,280,327.09,280,327.1,120,327.18,120,327.23,80,327.34,40,327.35,80,327.44,80,327.45,40
2026-01-16 09:35:14,326.85,326.67,1,326.73,240,326.97,120,326.97,326.73,326.73,240,326.67,40,326.61,320,326.44,40,326.4,120,326.28,320,326.11,40,326.04,40,326.0,1040,,,326.97,120,326.98,280,327.09,280,327.1,120,327.18,120,327.23,80,327.34,40,327.35,80,327.44,80,327.45,40
2026-01-16 09:35:15,326.855,326.67,1,326.74,280,326.97,120,326.97,326.74,326.74,280,326.73,240,326.67,40,326.61,320,326.44,40,326.4,120,326.28,320,326.11,40,326.04,40,326.0,1040,326.97,120,326.98,280,327.09,280,327.1,120,327.18,120,327.23,80,327.34,40,327.35,80,327.44,80,327.45,40
2026-01-16 09:35:16,326.855,326.67,1,326.74,280,326.97,120,326.97,326.74,326.74,280,326.73,240,326.67,40,326.61,320,326.44,40,326.4,120,326.28,320,326.11,40,326.04,40,326.0,1040,326.97,120,326.98,280,327.09,280,327.1,120,327.18,120,327.23,80,327.34,40,327.35,80,327.44,80,327.45,40
2026-01-16 09:35:17,326.855,326.8,2,326.74,440,326.97,120,326.97,326.74,326.74,440,326.73,240,326.67,40,326.61,320,326.44,40,326.4,120,326.28,320,326.11,40,326.04,40,326.0,1040,326.97,120,326.98,280,327.09,280,327.1,120,327.18,120,327.23,80,327.34,40,327.35,80,327.44,80,327.45,40
2026-01-16 09:35:18,326.855,326.8,2,326.74,440,326.97,120,326.97,326.74,326.74,440,326.73,240,326.67,40,326.61,320,326.44,40,326.4,120,326.28,320,326.11,40,326.04,40,326.0,1040,326.97,120,326.98,280,327.09,280,327.1,120,327.18,120,327.23,80,327.34,40,327.35,80,327.44,80,327.45,40
2026-01-16 09:35:19,326.855,326.8,2,326.74,440,326.97,120,326.97,326.74,326.74,440,326.73,240,326.67,40,326.61,320,326.44,40,326.4,120,326.28,320,326.11,40,326.04,40,326.0,1040,326.97,120,326.98,280,327.09,280,327.1,120,327.18,120,327.23,80,327.34,40,327.35,80,327.44,80,327.45,40
2026-01-16 09:35:20,326.855,326.8,2,326.74,440,326.97,120,326.97,326.74,326.74,440,326.73,240,326.67,40,326.61,320,326.44,40,326.4,120,326.28,320,326.11,40,326.04,40,326.0,1040,326.97,120,326.98,280,327.09,280,327.1,120,327.18,120,327.23,80,327.34,40,327.35,80,327.44,80,327.45,40
2026-01-16 09:35:21,326.855,326.8,2,326.74,440,326.97,120,326.97,326.74,326.74,440,326.73,240,326.67,40,326.61,320,326.44,40,326.4,120,326.28,320,326.11,40,326.04,40,326.0,1040,326.97,120,326.98,280,327.09,280,327.1,120,327.18,120,327.23,80,327.34,40,327.35,80,327.44,80,327.45,40
2026-01-16 09:35:22,326.89,326.8,2,326.74,440,327.04,80,327.04,326.74,326.74,440,326.73,240,326.67,40,326.61,320,326.44,40,326.4,120,326.28,320,326.11,40,326.04,40,326.0,1040,327.04,80,327.09,280,327.1,120,327.18,120,327.23,80,327.34,40,327.35,80,327.44,80,327.45,40,327.55,160
2026-01-16 09:35:23,326.945,326.85,1,326.85,200,327.04,80,327.04,326.85,326.85,200,326.74,440,326.73,240,326.67,40,326.61,320,326.44,40,326.4,120,326.28,320,326.11,40,326.04,40,327.04,80,327.09,280,327.1,120,327.18,120,327.23,80,327.34,40,327.35,80,327.44,80,327.45,40,327.55,160
2026-01-16 09:35:24,326.945,326.85,1,326.85,200,327.04,80,327.04,326.85,326.85,200,326.74,440,326.73,240,326.67,40,326.61,320,326.44,40,326.4,120,326.28,320,326.11,40,326.04,40,327.04,80,327.09,280,327.1,120,327.18,120,327.23,80,327.34,40,327.35,80,327.44,80,327.45,40,327.55,160
2026-01-16 09:35:25,326.945,326.85,1,326.85,280,327.04,80,327.04,326.85,326.85,280,326.74,440,326.73,240,326.67,40,326.61,320,326.44,40,326.4,120,326.28,320,326.11,40,326.04,40,327.04,80,327.09,280,327.1,120,327.18,120,327.23,80,327.34,40,327.35,80,327.44,80,327.45,40,327.55,160
2026-01-16 09:35:26,326.945,326.85,1,326.85,280,327.04,80,327.04,326.85,326.85,280,326.74,440,326.73,240,326.67,40,326.61,320,326.44,40,326.4,120,326.28,320,326.11,40,326.04,40,327.04,80,327.09,280,327.1,120,327.18,120,327.23,80,327.34,40,327.35,80,327.44,80,327.45,40,327.55,160
2026-01-16 09:35:27,326.945,326.85,1,326.85,360,327.04,80,327.04,326.85,326.85,360,326.74,440,326.73,240,326.67,40,326.61,320,326.44,40,326.4,120,326.28,320,326.11,40,326.04,40,327.04,80,327.09,280,327.1,120,327.18,120,327.23,80,327.34,40,327.35,80,327.44,80,327.45,40,327.55,160
2026-01-16 09:35:28,326.945,327.04,2,326.85,400,327.04,80,327.04,326.85,326.85,400,326.74,440,326.73,240,326.67,40,326.61,320,326.44,40,326.4,120,326.28,320,326.11,40,326.04,40,327.04,80,327.09,280,327.1,120,327.18,120,327.23,80,327.34,40,327.35,80,327.44,80,327.45,40,327.55,160
2026-01-16 09:35:29,326.955,327.04,2,326.87,360,327.04,80,327.04,326.87,326.87,360,326.85,400,326.74,440,326.73,240,326.67,40,326.61,320,326.44,40,326.4,120,326.28,320,326.11,40,327.04,80,327.09,280,327.1,120,327.18,120,327.23,80,327.34,40,327.35,80,327.44,80,327.45,40,327.55,160
2026-01-16 09:35:30,326.955,326.95,1,326.87,560,327.04,760,327.04,326.87,326.87,560,326.85,400,326.74,440,326.73,240,326.67,40,326.61,320,326.44,40,326.4,120,326.28,320,326.11,40,327.04,760,327.09,280,327.1,120,327.18,120,327.23,80,327.34,40,327.35,80,327.44,80,327.45,40,327.55,160
2026-01-16 09:35:31,326.955,326.95,1,326.87,560,327.04,760,327.04,326.87,326.87,560,326.85,400,326.74,440,326.73,240,326.67,40,326.61,320,326.44,40,326.4,120,326.28,320,326.11,40,327.04,760,327.09,280,327.1,120,327.18,120,327.23,80,327.34,40,327.35,80,327.44,80,327.45,40,327.55,160
2026-01-16 09:35:32,326.955,326.95,1,326.87,560,327.04,760,327.04,326.87,326.87,560,326.85,400,326.74,440,326.73,240,326.67,40,326.61,320,326.44,40,326.4,120,326.28,320,326.11,40,327.04,760,327.09,280,327.1,120,327.18,120,327.23,80,327.34,40,327.35,80,327.44,80,327.45,40,327.55,160
2026-01-16 09:35:33,326.955,326.95,1,326.87,560,327.04,760,327.04,326.87,326.87,560,326.85,400,326.74,440,326.73,240,326.67,40,326.61,320,326.44,40,326.4,120,326.28,320,326.11,40,327.04,760,327.09,280,327.1,120,327.18,120,327.23,80,327.34,40,327.35,80,327.44,80,327.45,40,327.55,160
2026-01-16 09:35:34,326.955,326.95,1,326.87,560,327.04,760,327.04,326.87,326.87,560,326.85,400,326.74,440,326.73,240,326.67,40,326.61,320,326.44,40,326.4,120,326.28,320,326.11,40,327.04,760,327.09,280,327.1,120,327.18,120,327.23,80,327.34,40,327.35,80,327.44,80,327.45,40,327.55,160
2026-01-16 09:35:35,327.025,327.04,1,326.95,320,327.1,80,327.1,326.95,326.95,320,326.91,80,326.9,40,326.87,600,326.85,400,326.74,440,326.73,240,326.67,40,326.61,320,326.44,40,327.1,80,327.18,120,327.23,80,327.34,40,327.35,80,327.44,80,327.45,40,327.55,160,327.6,360,327.73,40
2026-01-16 09:35:36,327.025,327.04,1,326.95,320,327.1,80,327.1,326.95,326.95,320,326.91,80,326.9,40,326.87,600,326.85,400,326.74,440,326.73,240,326.67,40,326.61,320,326.44,40,327.1,80,327.18,120,327.23,80,327.34,40,327.35,80,327.44,80,327.45,40,327.55,160,327.6,360,327.73,40
2026-01-16 09:35:37,327.025,327.1,1,326.95,320,327.1,80,327.1,326.95,326.95,320,326.91,80,326.9,40,326.87,600,326.85,400,326.74,440,326.73,240,326.67,40,326.61,320,326.44,40,327.1,80,327.18,120,327.23,80,327.34,40,327.35,80,327.44,80,327.45,40,327.55,160,327.6,360,327.73,40
2026-01-16 09:35:38,327.025,327.1,1,326.95,320,327.1,80,327.1,326.95,326.95,320,326.91,80,326.9,40,326.87,600,326.85,400,326.74,440,326.73,240,326.67,40,326.61,320,326.44,40,327.1,80,327.18,120,327.23,80,327.34,40,327.35,80,327.44,80,327.45,40,327.55,160,327.6,360,327.73,40
2026-01-16 09:35:39,327.025,327.02,1,326.95,320,327.1,80,327.1,326.95,326.95,320,326.91,80,326.9,40,326.87,600,326.85,400,326.74,440,326.73,240,326.67,40,326.61,320,326.44,40,327.1,80,327.18,120,327.23,80,327.34,40,327.35,80,327.44,80,327.45,40,327.55,160,327.6,360,327.73,40
2026-01-16 09:35:40,327.035,327.02,1,326.97,280,327.1,80,327.1,326.97,326.97,280,326.95,480,326.91,80,326.9,40,326.87,600,326.85,400,326.74,440,326.73,240,326.67,40,326.61,320,327.1,80,327.18,120,327.23,80,327.34,40,327.35,80,327.44,80,327.45,40,327.55,160,327.6,360,327.73,40
2026-01-16 09:35:41,327.105,327.11,1,327.03,400,327.18,120,327.18,327.03,327.03,400,326.97,280,326.95,480,326.91,80,326.9,40,326.87,600,326.85,400,326.74,440,326.73,240,326.67,40,327.18,120,327.19,40,327.2,80,327.23,80,327.34,40,327.35,80,327.44,80,327.45,40,327.55,160,327.6,360
2026-01-16 09:35:42,327.08,327.03,1,326.98,280,327.18,120,327.18,326.98,326.98,280,326.93,40,326.9,120,326.87,600,326.85,400,326.74,440,326.73,240,326.67,40,326.61,320,326.44,40,327.18,120,327.19,40,327.2,80,327.23,80,327.34,40,327.35,80,327.44,80,327.45,40,327.55,160,327.6,360
2026-01-16 09:35:43,327.035,327.04,1,326.9,80,327.17,40,327.17,326.9,326.9,80,326.87,360,326.85,400,326.74,440,326.73,240,326.67,40,326.61,320,326.44,40,326.4,120,326.28,320,327.17,40,327.18,360,327.19,40,327.2,80,327.23,80,327.34,40,327.35,80,327.44,80,327.45,40,327.55,160
2026-01-16 09:35:44,327.1,327.04,1,327.03,120,327.17,320,327.17,327.03,327.03,120,326.9,80,326.87,360,326.85,400,326.74,440,326.73,240,326.67,40,326.61,320,326.44,40,326.4,120,327.17,320,327.18,360,327.19,40,327.2,80,327.23,80,327.34,40,327.35,80,327.44,80,327.45,40,327.55,160
2026-01-16 09:35:45,327.1,327.04,1,327.03,120,327.17,240,327.17,327.03,327.03,120,326.9,80,326.87,360,326.85,400,326.74,440,326.73,240,326.67,40,326.61,320,326.44,40,326.4,120,327.17,240,327.18,360,327.19,40,327.2,80,327.23,80,327.34,40,327.35,80,327.44,80,327.45,40,327.55,160
2026-01-16 09:35:46,327.1,327.1,1,327.03,200,327.17,40,327.17,327.03,327.03,200,326.9,80,326.87,360,326.85,400,326.74,440,326.73,240,326.67,40,326.61,320,326.44,40,326.4,120,327.17,40,327.18,280,327.19,40,327.2,80,327.23,80,327.34,40,327.35,80,327.44,80,327.45,40,327.55,160
2026-01-16 09:35:47,327.195,327.2,1,327.13,160,327.26,80,327.26,327.13,327.13,160,327.1,160,327.06,80,327.03,200,326.9,80,326.87,360,326.85,400,326.74,440,326.73,240,326.67,40,327.26,80,327.34,40,327.35,80,327.44,80,327.45,40,327.55,160,327.6,360,327.73,40,327.86,160,328.09,160
2026-01-16 09:35:48,327.195,327.14,1,327.13,160,327.26,80,327.26,327.13,327.13,160,327.1,160,327.06,80,327.03,200,326.9,80,326.87,360,326.85,400,326.74,440,326.73,240,326.67,40,327.26,80,327.34,40,327.35,80,327.44,80,327.45,40,327.55,160,327.6,360,327.73,40,327.86,160,328.09,160
2026-01-16 09:35:49,327.38,327.33,4,327.14,160,327.62,120,327.62,327.14,327.14,160,327.13,240,327.1,160,327.06,80,327.03,200,326.9,80,326.87,360,326.85,400,326.74,440,326.73,240,327.62,120,327.73,40,327.86,160,328.09,160,328.1,280,328.12,480,328.19,40,329.38,160,,,,
2026-01-16 09:35:50,327.48,327.2,1,327.34,120,327.62,160,327.62,327.34,327.34,120,327.14,280,327.13,240,327.1,160,327.06,80,327.03,200,326.9,80,326.87,360,326.85,400,326.74,440,327.62,160,327.73,40,327.86,160,328.09,160,328.1,280,328.12,480,328.19,40,329.38,160,,,,
2026-01-16 09:35:51,327.715,327.72,1,327.48,160,327.95,280,327.95,327.48,327.48,160,327.35,40,327.34,120,327.14,280,327.13,240,327.1,160,327.06,80,327.03,200,326.9,80,326.87,360,327.95,280,328.09,160,328.1,280,328.12,480,328.19,40,329.38,160,,,,,,,,
2026-01-16 09:35:52,327.715,327.72,1,327.48,160,327.95,280,327.95,327.48,327.48,160,327.35,40,327.34,120,327.14,280,327.13,240,327.1,160,327.06,80,327.03,200,326.9,80,326.87,360,327.95,280,328.09,160,328.1,280,328.12,480,328.19,40,329.38,160,,,,,,,,
2026-01-16 09:35:53,327.605,327.61,2,327.48,200,327.73,40,327.73,327.48,327.48,200,327.35,40,327.34,120,327.14,280,327.13,240,327.1,160,327.06,80,327.03,200,326.9,80,326.87,360,327.73,40,327.95,80,328.09,160,328.1,280,328.12,480,328.19,40,329.38,160,,,,,,
2026-01-16 09:35:54,327.605,327.73,1,327.48,200,327.73,40,327.73,327.48,327.48,200,327.35,40,327.34,120,327.14,280,327.13,240,327.1,160,327.06,80,327.03,200,326.9,80,326.87,360,327.73,40,327.95,80,328.09,160,328.1,280,328.12,480,328.19,40,329.38,160,,,,,,
2026-01-16 09:35:55,327.605,327.73,1,327.48,200,327.73,40,327.73,327.48,327.48,200,327.35,40,327.34,120,327.14,280,327.13,240,327.1,160,327.06,80,327.03,200,326.9,80,326.87,360,327.73,40,327.95,80,328.09,160,328.1,280,328.12,480,328.19,40,329.38,160,,,,,,
2026-01-16 09:35:56,327.605,327.73,1,327.48,200,327.73,80,327.73,327.48,327.48,200,327.35,40,327.34,120,327.14,280,327.13,240,327.1,160,327.06,80,327.03,200,326.9,80,326.87,360,327.73,80,327.95,80,328.09,160,328.1,280,328.12,480,328.19,40,329.38,160,,,,,,
2026-01-16 09:35:57,327.605,327.73,1,327.48,200,327.73,80,327.73,327.48,327.48,200,327.35,40,327.34,120,327.14,280,327.13,240,327.1,160,327.06,80,327.03,200,326.9,80,326.87,360,327.73,80,327.95,80,328.09,160,328.1,280,328.12,480,328.19,40,329.38,160,,,,,,
2026-01-16 09:35:58,327.605,327.73,1,327.48,200,327.73,80,327.73,327.48,327.48,200,327.35,40,327.34,120,327.14,280,327.13,240,327.1,160,327.06,80,327.03,200,326.9,80,326.87,360,327.73,80,327.95,80,328.09,160,328.1,280,328.12,480,328.19,40,329.38,160,,,,,,
2026-01-16 09:35:59,327.605,327.73,1,327.48,200,327.73,160,327.73,327.48,327.48,200,327.35,40,327.34,120,327.14,280,327.13,240,327.1,160,327.06,80,327.03,200,326.9,80,326.87,360,327.73,160,327.95,80,328.09,160,328.1,280,328.12,480,328.19,40,329.38,160,,,,,,
2026-01-16 09:36:00,327.605,327.73,1,327.48,200,327.73,160,327.73,327.48,327.48,200,327.35,40,327.34,120,327.14,280,327.13,240,327.1,160,327.06,80,327.03,200,326.9,80,326.87,360,327.73,160,327.95,80,328.09,160,328.1,280,328.12,480,328.19,40,329.38,160,,,,,,
2026-01-16 09:36:01,327.74,327.55,2,327.53,40,327.95,120,327.95,327.53,327.53,40,327.49,40,327.48,120,327.47,120,327.2,40,327.18,200,327.14,280,327.13,240,327.1,160,327.06,80,327.95,120,328.09,160,328.1,280,328.12,480,328.19,40,329.38,160,,,,,,,,
2026-01-16 09:36:02,327.74,327.55,2,327.53,160,327.95,120,327.95,327.53,327.53,160,327.49,40,327.48,120,327.47,120,327.2,40,327.18,200,327.14,280,327.13,240,327.1,160,327.06,80,327.95,120,328.09,160,328.1,280,328.12,480,328.19,40,329.38,160,,,,,,,,
2026-01-16 09:36:03,327.74,327.55,2,327.53,160,327.95,120,327.95,327.53,327.53,160,327.49,40,327.48,120,327.47,120,327.2,40,327.18,200,327.14,280,327.13,240,327.1,160,327.06,80,327.95,120,328.09,160,328.1,280,328.12,480,328.19,40,329.38,160,,,,,,,,
2026-01-16 09:36:04,327.665,327.55,2,327.53,160,327.8,80,327.8,327.53,327.53,160,327.49,40,327.48,120,327.47,120,327.2,40,327.18,200,327.14,280,327.13,240,327.1,160,327.06,80,327.8,80,327.95,80,328.09,160,328.1,280,328.12,480,328.19,40,329.38,160,,,,,,
2026-01-16 09:36:05,327.665,327.67,1,327.53,240,327.8,120,327.8,327.53,327.53,240,327.49,40,327.48,120,327.47,120,327.2,40,327.18,200,327.14,280,327.13,240,327.1,160,327.06,80,327.8,120,327.95,80,328.09,160,328.1,280,328.12,480,328.19,40,329.38,160,,,,,,
2026-01-16 09:36:06,327.665,327.53,1,327.53,240,327.8,120,327.8,327.53,327.53,240,327.49,40,327.48,120,327.47,120,327.2,40,327.18,200,327.14,280,327.13,240,327.1,160,327.06,80,327.8,120,327.95,80,328.09,160,328.1,280,328.12,480,328.19,40,329.38,160,,,,,,
2026-01-16 09:36:07,327.665,327.53,1,327.53,280,327.8,120,327.8,327.53,327.53,280,327.49,40,327.48,120,327.47,120,327.2,40,327.18,200,327.14,280,327.13,240,327.1,160,327.06,80,327.8,120,327.95,80,328.09,160,328.1,280,328.12,480,328.19,40,329.38,160,,,,,,
2026-01-16 09:36:08,327.665,327.53,1,327.53,280,327.8,120,327.8,327.53,327.53,280,327.49,40,327.48,120,327.47,120,327.2,40,327.18,200,327.14,280,327.13,240,327.1,160,327.06,80,327.8,120,327.95,80,328.09,160,328.1,280,328.12,480,328.19,40,329.38,160,,,,,,
2026-01-16 09:36:09,327.545,327.53,2,327.48,280,327.61,40,327.61,327.48,327.48,280,327.47,120,327.2,40,327.18,200,327.14,280,327.13,240,327.1,160,327.06,80,327.03,200,326.9,80,327.61,40,327.65,80,327.69,120,327.8,120,327.95,80,328.09,160,328.1,280,328.12,480,328.19,40,329.38,160
2026-01-16 09:36:10,327.545,327.58,1,327.48,280,327.61,80,327.61,327.48,327.48,280,327.47,120,327.2,40,327.18,200,327.14,280,327.13,240,327.1,160,327.06,80,327.03,200,326.9,80,327.61,80,327.69,80,327.8,120,327.95,80,328.09,160,328.1,280,328.12,480,328.19,40,329.38,160,,
2026-01-16 09:36:11,327.545,327.55,4,327.48,280,327.61,80,327.61,327.48,327.48,280,327.47,120,327.2,40,327.18,200,327.14,280,327.13,240,327.1,160,327.06,80,327.03,200,326.9,80,327.61,80,327.69,80,327.8,120,327.95,80,328.09,160,328.1,280,328.12,480,328.19,40,329.38,160,,
2026-01-16 09:36:12,327.545,327.55,4,327.48,280,327.61,80,327.61,327.48,327.48,280,327.47,120,327.2,40,327.18,200,327.14,280,327.13,240,327.1,160,327.06,80,327.03,200,326.9,80,327.61,80,327.69,80,327.8,120,327.95,80,328.09,160,328.1,280,328.12,480,328.19,40,329.38,160,,
2026-01-16 09:36:13,327.545,327.55,4,327.48,280,327.61,80,327.61,327.48,327.48,280,327.47,120,327.2,40,327.18,200,327.14,280,327.13,240,327.1,160,327.06,80,327.03,200,326.9,80,327.61,80,327.69,80,327.8,120,327.95,80,328.09,160,328.1,280,328.12,480,328.19,40,329.38,160,,
2026-01-16 09:36:14,327.545,327.55,4,327.48,280,327.61,80,327.61,327.48,327.48,280,327.47,120,327.2,40,327.18,200,327.14,280,327.13,240,327.1,160,327.06,80,327.03,200,326.9,80,327.61,80,327.69,80,327.8,120,327.95,80,328.09,160,328.1,280,328.12,480,328.19,40,329.38,160,,
2026-01-16 09:36:15,327.545,327.55,1,327.48,280,327.61,80,327.61,327.48,327.48,280,327.47,120,327.2,40,327.18,200,327.14,280,327.13,240,327.1,160,327.06,80,327.03,200,326.9,80,327.61,80,327.69,80,327.8,120,327.95,80,328.09,160,328.1,280,328.12,480,328.19,40,329.38,160,,
2026-01-16 09:36:16,327.545,327.54,1,327.48,280,327.61,40,327.61,327.48,327.48,280,327.47,120,327.2,40,327.18,200,327.14,280,327.13,240,327.1,160,327.06,80,327.03,200,326.9,80,327.61,40,327.69,80,327.8,120,327.95,80,328.09,160,328.1,280,328.12,480,328.19,40,329.38,160,,
2026-01-16 09:36:17,327.545,327.54,1,327.48,280,327.61,40,327.61,327.48,327.48,280,327.47,120,327.2,40,327.18,200,327.14,280,327.13,240,327.1,160,327.06,80,327.03,200,326.9,80,327.61,40,327.69,80,327.8,120,327.95,80,328.09,160,328.1,280,328.12,480,328.19,40,329.38,160,,
2026-01-16 09:36:18,327.545,327.54,1,327.48,280,327.61,40,327.61,327.48,327.48,280,327.47,120,327.2,40,327.18,200,327.14,280,327.13,240,327.1,160,327.06,80,327.03,200,326.9,80,327.61,40,327.69,80,327.8,120,327.95,80,328.09,160,328.1,280,328.12,480,328.19,40,329.38,160,,
2026-01-16 09:36:19,327.545,327.54,1,327.48,280,327.61,40,327.61,327.48,327.48,280,327.47,120,327.2,40,327.18,200,327.14,280,327.13,240,327.1,160,327.06,80,327.03,200,326.9,80,327.61,40,327.69,80,327.8,120,327.95,80,328.09,160,328.1,280,328.12,480,328.19,40,329.38,160,,
2026-01-16 09:36:20,327.545,327.54,1,327.48,280,327.61,40,327.61,327.48,327.48,280,327.47,120,327.2,40,327.18,200,327.14,280,327.13,240,327.1,160,327.06,80,327.03,200,326.9,80,327.61,40,327.69,80,327.8,120,327.95,80,328.09,160,328.1,280,328.12,480,328.19,40,329.38,160,,
2026-01-16 09:36:21,327.545,327.54,1,327.48,280,327.61,40,327.61,327.48,327.48,280,327.47,120,327.2,40,327.18,200,327.14,280,327.13,240,327.1,160,327.06,80,327.03,200,326.9,80,327.61,40,327.69,80,327.8,120,327.95,80,328.09,160,328.1,280,328.12,480,328.19,40,329.38,160,,
2026-01-16 09:36:22,327.545,327.54,1,327.48,280,327.61,40,327.61,327.48,327.48,280,327.47,120,327.2,40,327.18,200,327.14,280,327.13,240,327.1,160,327.06,80,327.03,200,326.9,80,327.61,40,327.69,80,327.8,120,327.95,80,328.09,160,328.1,280,328.12,480,328.19,40,329.38,160,,
2026-01-16 09:36:23,327.545,327.54,1,327.48,360,327.61,40,327.61,327.48,327.48,360,327.47,120,327.2,40,327.18,200,327.14,280,327.13,240,327.1,160,327.06,80,327.03,200,326.9,80,327.61,40,327.69,80,327.8,120,327.95,80,328.09,160,328.1,280,328.12,480,328.19,40,329.38,160,,
2026-01-16 09:36:25,327.31,327.48,1,327.13,320,327.49,160,327.49,327.13,327.13,320,327.1,160,327.06,80,327.03,200,326.9,80,326.87,360,326.85,400,326.74,440,326.73,240,326.67,40,327.49,160,327.54,880,327.55,80,327.61,120,327.69,80,327.8,120,327.95,80,328.09,160,328.1,280,328.12,480
2026-01-16 09:36:26,327.31,327.48,1,327.13,400,327.49,160,327.49,327.13,327.13,400,327.1,160,327.06,80,327.03,200,326.9,80,326.87,360,326.85,400,326.74,440,326.73,240,326.67,40,327.49,160,327.54,880,327.55,80,327.61,120,327.69,80,327.8,120,327.95,80,328.09,160,328.1,280,328.12,480
2026-01-16 09:36:27,327.31,327.48,1,327.13,400,327.49,160,327.49,327.13,327.13,400,327.1,160,327.06,80,327.03,200,326.9,80,326.87,360,326.85,400,326.74,440,326.73,240,326.67,40,327.49,160,327.54,880,327.55,80,327.61,120,327.69,80,327.8,120,327.95,80,328.09,160,328.1,280,328.12,480
2026-01-16 09:36:28,327.5,327.48,1,327.39,120,327.61,40,327.61,327.39,327.39,120,327.3,120,327.13,400,327.1,160,327.06,80,327.03,200,326.9,80,326.87,360,326.85,400,326.74,440,327.61,40,327.74,40,327.8,120,327.95,80,328.09,160,328.1,280,328.12,480,328.19,40,329.38,160,,
2026-01-16 09:36:29,327.445,327.48,1,327.28,160,327.61,40,327.61,327.28,327.28,160,327.13,400,327.1,160,327.06,80,327.03,200,326.9,80,326.87,360,326.85,400,326.74,440,326.73,240,327.61,40,327.74,40,327.8,120,327.95,80,328.09,160,328.1,280,328.12,480,328.19,40,329.38,160,,
2026-01-16 09:36:30,327.545,327.48,1,327.48,120,327.61,40,327.61,327.48,327.48,120,327.28,160,327.13,400,327.1,160,327.06,80,327.03,200,326.9,80,326.87,360,326.85,400,326.74,440,327.61,40,327.74,40,327.8,120,327.95,80,328.09,160,328.1,280,328.12,480,328.19,40,329.38,160,,
2026-01-16 09:36:31,327.545,327.48,1,327.48,120,327.61,40,327.61,327.48,327.48,120,327.28,160,327.13,400,327.1,160,327.06,80,327.03,200,326.9,80,326.87,360,326.85,400,326.74,440,327.61,40,327.74,40,327.8,120,327.95,80,328.09,160,328.1,280,328.12,480,328.19,40,329.38,160,,
2026-01-16 09:36:32,327.545,327.48,1,327.48,120,327.61,40,327.61,327.48,327.48,120,327.28,160,327.13,400,327.1,160,327.06,80,327.03,200,326.9,80,326.87,360,326.85,400,326.74,440,327.61,40,327.74,40,327.8,120,327.95,80,328.09,160,328.1,280,328.12,480,328.19,40,329.38,160,,
2026-01-16 09:36:33,327.545,327.48,1,327.48,120,327.61,40,327.61,327.48,327.48,120,327.28,160,327.13,400,327.1,160,327.06,80,327.03,200,326.9,80,326.87,360,326.85,400,326.74,440,327.61,40,327.74,40,327.8,120,327.95,80,328.09,160,328.1,280,328.12,480,328.19,40,329.38,160,,
2026-01-16 09:36:34,327.545,327.61,1,327.48,120,327.61,40,327.61,327.48,327.48,120,327.28,160,327.13,400,327.1,160,327.06,80,327.03,200,326.9,80,326.87,360,326.85,400,326.74,440,327.61,40,327.74,40,327.8,120,327.95,80,328.09,160,328.1,280,328.12,480,328.19,40,329.38,160,,
2026-01-16 09:36:35,327.545,327.61,1,327.48,120,327.61,80,327.61,327.48,327.48,120,327.28,160,327.13,400,327.1,160,327.06,80,327.03,200,326.9,80,326.87,360,326.85,400,326.74,440,327.61,80,327.74,40,327.8,120,327.95,80,328.09,160,328.1,280,328.12,480,328.19,40,329.38,160,,
2026-01-16 09:36:36,327.545,327.61,1,327.48,120,327.61,80,327.61,327.48,327.48,120,327.28,160,327.13,400,327.1,160,327.06,80,327.03,200,326.9,80,326.87,360,326.85,400,326.74,440,327.61,80,327.74,40,327.8,120,327.95,80,328.09,160,328.1,280,328.12,480,328.19,40,329.38,160,,
2026-01-16 09:36:37,327.545,327.61,1,327.48,120,327.61,80,327.61,327.48,327.48,120,327.28,160,327.13,400,327.1,160,327.06,80,327.03,200,326.9,80,326.87,360,326.85,400,326.74,440,327.61,80,327.74,40,327.8,120,327.95,80,328.09,160,328.1,280,328.12,480,328.19,40,329.38,160,,
2026-01-16 09:36:38,327.54,327.54,3,327.47,240,327.61,200,327.61,327.47,327.47,240,327.28,160,327.13,400,327.1,160,327.06,80,327.03,200,326.9,80,326.87,360,326.85,400,326.74,440,327.61,200,327.69,120,327.74,40,327.8,120,327.95,80,328.09,160,328.1,280,328.12,480,328.19,40,329.38,160
2026-01-16 09:36:39,327.375,327.52,2,327.19,80,327.56,40,327.56,327.19,327.19,80,327.14,160,327.13,320,327.1,160,327.06,80,327.03,200,326.9,80,326.87,360,326.85,400,326.74,440,327.56,40,327.61,160,327.69,120,327.74,40,327.8,120,327.95,80,328.09,160,328.1,280,328.12,480,328.19,40
2026-01-16 09:36:40,327.42,327.52,2,327.28,40,327.56,40,327.56,327.28,327.28,40,327.19,160,327.14,160,327.13,320,327.1,160,327.06,80,327.03,200,326.9,80,326.87,360,326.85,400,327.56,40,327.61,160,327.69,120,327.74,40,327.8,120,327.95,80,328.09,160,328.1,280,328.12,480,328.19,40
2026-01-16 09:36:41,327.42,327.52,2,327.28,80,327.56,40,327.56,327.28,327.28,80,327.19,160,327.14,160,327.13,320,327.1,160,327.06,80,327.03,200,326.9,80,326.87,360,326.85,400,327.56,40,327.61,160,327.69,120,327.74,40,327.8,120,327.95,80,328.09,160,328.1,280,328.12,480,328.19,40
2026-01-16 09:36:42,327.42,327.42,1,327.28,160,327.56,120,327.56,327.28,327.28,160,327.19,160,327.14,160,327.13,320,327.1,160,327.06,80,327.03,200,326.9,80,326.87,360,326.85,400,327.56,120,327.61,160,327.69,120,327.74,40,327.8,120,327.95,80,328.09,160,328.1,280,328.12,480,328.19,40
2026-01-16 09:36:43,327.43,327.42,1,327.3,320,327.56,120,327.56,327.3,327.3,320,327.28,160,327.19,160,327.14,160,327.13,320,327.1,160,327.06,80,327.03,200,326.9,80,326.87,360,327.56,120,327.61,160,327.69,120,327.74,40,327.8,120,327.95,80,328.09,160,328.1,280,328.12,480,328.19,40
2026-01-16 09:36:44,327.23,327.31,2,327.13,320,327.33,200,327.33,327.13,327.13,320,327.1,160,327.06,80,327.03,200,326.9,80,326.87,360,326.85,400,326.74,440,326.73,240,326.67,40,327.33,200,327.38,40,327.44,80,327.56,120,327.61,160,327.69,120,327.74,40,327.8,120,327.95,80,328.09,160
2026-01-16 09:36:45,327.2,327.31,2,327.13,320,327.27,4640,327.27,327.13,327.13,320,327.1,160,327.06,80,327.03,200,326.9,80,326.87,360,326.85,400,326.74,440,326.73,240,326.67,40,327.27,4640,327.32,40,327.33,200,327.38,40,327.44,80,327.56,120,327.61,160,327.69,120,327.74,40,327.8,120
2026-01-16 09:36:46,327.225,327.23,3,327.13,360,327.32,80,327.32,327.13,327.13,360,327.1,160,327.06,80,327.03,200,326.9,80,326.87,360,326.85,400,326.74,440,326.73,240,326.67,40,327.32,80,327.33,200,327.38,40,327.44,80,327.56,120,327.61,160,327.69,120,327.74,40,327.8,120,327.95,80
2026-01-16 09:36:47,327.265,327.23,3,327.13,360,327.4,40,327.4,327.13,327.13,360,327.1,160,327.06,80,327.03,200,326.9,80,326.87,360,326.85,400,326.74,440,326.73,240,326.67,40,327.4,40,327.51,200,327.56,160,327.61,160,327.69,120,327.74,40,327.8,120,327.95,80,328.09,160,328.1,280
2026-01-16 09:36:48,327.265,327.2,1,327.13,560,327.4,40,327.4,327.13,327.13,560,327.1,160,327.06,80,327.03,200,326.9,80,326.87,360,326.85,400,326.74,440,326.73,240,326.67,40,327.4,40,327.51,200,327.56,160,327.61,160,327.69,120,327.74,40,327.8,120,327.95,80,328.09,160,328.1,280
2026-01-16 09:36:49,327.265,327.2,1,327.13,560,327.4,40,327.4,327.13,327.13,560,327.1,160,327.06,80,327.03,200,326.9,80,326.87,360,326.85,400,326.74,440,326.73,240,326.67,40,327.4,40,327.51,200,327.56,160,327.61,160,327.69,120,327.74,40,327.8,120,327.95,80,328.09,160,328.1,280
2026-01-16 09:36:50,327.265,327.2,1,327.13,560,327.4,40,327.4,327.13,327.13,560,327.1,160,327.06,80,327.03,200,326.9,80,326.87,360,326.85,400,326.74,440,326.73,240,326.67,40,327.4,40,327.51,200,327.56,160,327.61,160,327.69,120,327.74,40,327.8,120,327.95,80,328.09,160,328.1,280
2026-01-16 09:36:51,327.23,327.08,1,327.06,120,327.4,120,327.4,327.06,327.06,120,327.03,200,326.9,80,326.87,360,326.85,400,326.74,440,326.73,240,326.67,40,326.61,320,326.44,40,327.4,120,327.51,200,327.56,160,327.61,160,327.69,120,327.74,40,327.8,120,327.95,80,328.09,160,328.1,280
2026-01-16 09:36:52,327.23,327.08,1,327.06,200,327.4,120,327.4,327.06,327.06,200,327.03,200,326.9,80,326.87,360,326.85,400,326.74,440,326.73,240,326.67,40,326.61,320,326.44,40,327.4,120,327.51,200,327.56,160,327.61,160,327.69,120,327.74,40,327.8,120,327.95,80,328.09,160,328.1,280
2026-01-16 09:36:53,327.23,327.08,1,327.06,200,327.4,120,327.4,327.06,327.06,200,327.03,200,326.9,80,326.87,360,326.85,400,326.74,440,326.73,240,326.67,40,326.61,320,326.44,40,327.4,120,327.51,200,327.56,160,327.61,160,327.69,120,327.74,40,327.8,120,327.95,80,328.09,160,328.1,280
2026-01-16 09:36:54,327.23,327.08,1,327.06,200,327.4,120,327.4,327.06,327.06,200,327.03,200,326.9,80,326.87,360,326.85,400,326.74,440,326.73,240,326.67,40,326.61,320,326.44,40,327.4,120,327.51,200,327.56,160,327.61,160,327.69,120,327.74,40,327.8,120,327.95,80,328.09,160,328.1,280
2026-01-16 09:36:55,327.23,327.08,1,327.06,200,327.4,160,327.4,327.06,327.06,200,327.03,200,326.9,80,326.87,360,326.85,400,326.74,440,326.73,240,326.67,40,326.61,320,326.44,40,327.4,160,327.51,200,327.56,160,327.61,160,327.69,120,327.74,40,327.8,120,327.95,80,328.09,160,328.1,280
2026-01-16 09:36:56,327.23,327.08,1,327.06,200,327.4,160,327.4,327.06,327.06,200,327.03,200,326.9,80,326.87,360,326.85,400,326.74,440,326.73,240,326.67,40,326.61,320,326.44,40,327.4,160,327.51,200,327.56,160,327.61,160,327.69,120,327.74,40,327.8,120,327.95,80,328.09,160,328.1,280
2026-01-16 09:36:57,327.23,327.08,1,327.06,200,327.4,160,327.4,327.06,327.06,200,327.03,200,326.9,80,326.87,360,326.85,400,326.74,440,326.73,240,326.67,40,326.61,320,326.44,40,327.4,160,327.51,200,327.56,160,327.61,160,327.69,120,327.74,40,327.8,120,327.95,80,328.09,160,328.1,280
2026-01-16 09:36:58,327.23,327.36,9,327.06,200,327.4,160,327.4,327.06,327.06,200,327.03,200,326.9,80,326.87,360,326.85,400,326.74,440,326.73,240,326.67,40,326.61,320,326.44,40,327.4,160,327.51,200,327.56,160,327.61,160,327.69,120,327.74,40,327.8,120,327.95,80,328.09,160,328.1,280
2026-01-16 09:36:59,327.23,327.23,2,327.06,200,327.4,160,327.4,327.06,327.06,200,327.03,200,326.9,80,326.87,360,326.85,400,326.74,440,326.73,240,326.67,40,326.61,320,326.44,40,327.4,160,327.51,200,327.56,160,327.61,160,327.69,120,327.74,40,327.8,120,327.95,80,328.09,160,328.1,280
2026-01-16 09:37:00,327.23,327.23,2,327.06,200,327.4,160,327.4,327.06,327.06,200,327.03,200,326.9,80,326.87,360,326.85,400,326.74,440,326.73,240,326.67,40,326.61,320,326.44,40,327.4,160,327.51,200,327.56,160,327.61,160,327.69,120,327.74,40,327.8,120,327.95,80,328.09,160,328.1,280
2026-01-16 09:37:01,327.23,327.23,2,327.06,200,327.4,160,327.4,327.06,327.06,200,327.03,200,326.9,80,326.87,360,326.85,400,326.74,440,326.73,240,326.67,40,326.61,320,326.44,40,327.4,160,327.51,200,327.56,160,327.61,160,327.69,120,327.74,40,327.8,120,327.95,80,328.09,160,328.1,280
2026-01-16 09:37:02,327.23,327.23,2,327.06,280,327.4,160,327.4,327.06,327.06,280,327.03,200,326.9,80,326.87,360,326.85,400,326.74,440,326.73,240,326.67,40,326.61,320,326.44,40,327.4,160,327.51,200,327.56,160,327.61,160,327.69,120,327.74,40,327.8,120,327.95,80,328.09,160,328.1,280
2026-01-16 09:37:03,327.23,327.23,2,327.06,280,327.4,160,327.4,327.06,327.06,280,327.03,200,326.9,80,326.87,360,326.85,400,326.74,440,326.73,240,326.67,40,326.61,320,326.44,40,327.4,160,327.51,200,327.56,160,327.61,160,327.69,120,327.74,40,327.8,120,327.95,80,328.09,160,328.1,280
2026-01-16 09:37:04,327.23,327.23,2,327.06,280,327.4,160,327.4,327.06,327.06,280,327.03,200,326.9,80,326.87,360,326.85,400,326.74,440,326.73,240,326.67,40,326.61,320,326.44,40,327.4,160,327.51,200,327.56,160,327.61,160,327.69,120,327.74,40,327.8,120,327.95,80,328.09,160,328.1,280
2026-01-16 09:37:05,327.23,327.25,3,327.06,320,327.4,120,327.4,327.06,327.06,320,327.03,200,326.9,80,326.87,360,326.85,400,326.74,440,326.73,240,326.67,40,326.61,320,326.44,40,327.4,120,327.51,200,327.56,160,327.61,160,327.69,120,327.74,40,327.8,120,327.95,80,328.09,160,328.1,280
2026-01-16 09:37:06,327.23,327.25,3,327.06,320,327.4,120,327.4,327.06,327.06,320,327.03,200,326.9,80,326.87,360,326.85,400,326.74,440,326.73,240,326.67,40,326.61,320,326.44,40,327.4,120,327.51,200,327.56,160,327.61,160,327.69,120,327.74,40,327.8,120,327.95,80,328.09,160,328.1,280
2026-01-16 09:37:07,327.23,327.23,1,327.06,320,327.4,200,327.4,327.06,327.06,320,327.03,200,326.9,80,326.87,360,326.85,400,326.74,440,326.73,240,326.67,40,326.61,320,326.44,40,327.4,200,327.51,200,327.56,160,327.61,160,327.69,120,327.74,40,327.8,120,327.95,80,328.09,160,328.1,280
2026-01-16 09:37:08,327.23,327.23,1,327.06,320,327.4,200,327.4,327.06,327.06,320,327.03,200,326.9,80,326.87,360,326.85,400,326.74,440,326.73,240,326.67,40,326.61,320,326.44,40,327.4,200,327.51,200,327.56,160,327.61,160,327.69,120,327.74,40,327.8,120,327.95,80,328.09,160,328.1,280
2026-01-16 09:37:09,327.23,327.23,1,327.06,280,327.4,240,327.4,327.06,327.06,280,327.03,200,326.9,80,326.87,360,326.85,400,326.74,440,326.73,240,326.67,40,326.61,320,326.44,40,327.4,240,327.51,200,327.56,160,327.61,160,327.69,120,327.74,40,327.8,120,327.95,80,328.09,160,328.1,280
2026-01-16 09:37:10,327.23,327.23,1,327.06,320,327.4,240,327.4,327.06,327.06,320,327.03,200,326.9,80,326.87,360,326.85,400,326.74,440,326.73,240,326.67,40,326.61,320,326.44,40,327.4,240,327.51,200,327.56,160,327.61,160,327.69,120,327.74,40,327.8,120,327.95,80,328.09,160,328.1,280
2026-01-16 09:37:11,327.23,327.3,2,327.06,320,327.4,240,327.4,327.06,327.06,320,327.03,200,326.9,80,326.87,360,326.85,400,326.74,440,326.73,240,326.67,40,326.61,320,326.44,40,327.4,240,327.51,200,327.56,160,327.61,160,327.69,120,327.74,40,327.8,120,327.95,80,328.09,160,328.1,280
2026-01-16 09:37:12,327.23,327.3,2,327.06,360,327.4,240,327.4,327.06,327.06,360,327.03,200,326.9,80,326.87,360,326.85,400,326.74,440,326.73,240,326.67,40,326.61,320,326.44,40,327.4,240,327.51,200,327.56,160,327.61,160,327.69,120,327.74,40,327.8,120,327.95,80,328.09,160,328.1,280
2026-01-16 09:37:13,327.23,327.3,2,327.06,360,327.4,240,327.4,327.06,327.06,360,327.03,200,326.9,80,326.87,360,326.85,400,326.74,440,326.73,240,326.67,40,326.61,320,326.44,40,327.4,240,327.51,200,327.56,160,327.61,160,327.69,120,327.74,40,327.8,120,327.95,80,328.09,160,328.1,280
2026-01-16 09:37:14,327.23,327.3,2,327.06,360,327.4,240,327.4,327.06,327.06,360,327.03,200,326.9,80,326.87,360,326.85,400,326.74,440,326.73,240,326.67,40,326.61,320,326.44,40,327.4,240,327.51,200,327.56,160,327.61,160,327.69,120,327.74,40,327.8,120,327.95,80,328.09,160,328.1,280
2026-01-16 09:37:15,327.23,327.3,2,327.06,360,327.4,240,327.4,327.06,327.06,360,327.03,200,326.9,80,326.87,360,326.85,400,326.74,440,326.73,240,326.67,40,326.61,320,326.44,40,327.4,240,327.51,200,327.56,160,327.61,160,327.69,120,327.74,40,327.8,120,327.95,80,328.09,160,328.1,280
2026-01-16 09:37:16,327.23,327.34,2,327.06,360,327.4,200,327.4,327.06,327.06,360,327.03,200,326.9,80,326.87,360,326.85,400,326.74,440,326.73,240,326.67,40,326.61,320,326.44,40,327.4,200,327.51,200,327.56,160,327.61,160,327.69,120,327.74,40,327.8,120,327.95,80,328.09,160,328.1,280
2026-01-16 09:37:17,327.23,327.34,2,327.06,360,327.4,160,327.4,327.06,327.06,360,327.03,200,326.9,80,326.87,360,326.85,400,326.74,440,326.73,240,326.67,40,326.61,320,326.44,40,327.4,160,327.51,200,327.56,160,327.61,160,327.69,120,327.74,40,327.8,120,327.95,80,328.09,160,328.1,280
2026-01-16 09:37:18,327.23,327.34,2,327.06,360,327.4,160,327.4,327.06,327.06,360,327.03,200,326.9,80,326.87,360,326.85,400,326.74,440,326.73,240,326.67,40,326.61,320,326.44,40,327.4,160,327.51,200,327.56,160,327.61,160,327.69,120,327.74,40,327.8,120,327.95,80,328.09,160,328.1,280
2026-01-16 09:37:19,327.23,327.26,1,327.06,360,327.4,200,327.4,327.06,327.06,360,327.03,200,326.9,80,326.87,360,326.85,400,326.74,440,326.73,240,326.67,40,326.61,320,326.44,40,327.4,200,327.51,200,327.56,160,327.61,160,327.69,120,327.74,40,327.8,120,327.95,80,328.09,160,328.1,280
2026-01-16 09:37:20,327.23,327.26,1,327.06,360,327.4,200,327.4,327.06,327.06,360,327.03,200,326.9,80,326.87,360,326.85,400,326.74,440,326.73,240,326.67,40,326.61,320,326.44,40,327.4,200,327.51,200,327.56,160,327.61,160,327.69,120,327.74,40,327.8,120,327.95,80,328.09,160,328.1,280
2026-01-16 09:37:21,327.23,327.26,1,327.06,360,327.4,200,327.4,327.06,327.06,360,327.03,200,326.9,80,326.87,360,326.85,400,326.74,440,326.73,240,326.67,40,326.61,320,326.44,40,327.4,200,327.51,200,327.56,160,327.61,160,327.69,120,327.74,40,327.8,120,327.95,80,328.09,160,328.1,280
2026-01-16 09:37:22,327.23,327.26,1,327.06,360,327.4,200,327.4,327.06,327.06,360,327.03,200,326.9,80,326.87,360,326.85,400,326.74,440,326.73,240,326.67,40,326.61,320,326.44,40,327.4,200,327.51,200,327.56,160,327.61,160,327.69,120,327.74,40,327.8,120,327.95,80,328.09,160,328.1,280
2026-01-16 09:37:23,327.23,327.28,9,327.06,360,327.4,240,327.4,327.06,327.06,360,327.03,200,326.9,80,326.87,360,326.85,400,326.74,440,326.73,240,326.67,40,326.61,320,326.44,40,327.4,240,327.51,200,327.56,160,327.61,160,327.69,120,327.74,40,327.8,120,327.95,80,328.09,160,328.1,280
2026-01-16 09:37:24,327.23,327.28,9,327.06,360,327.4,240,327.4,327.06,327.06,360,327.03,200,326.9,80,326.87,360,326.85,400,326.74,440,326.73,240,326.67,40,326.61,320,326.44,40,327.4,240,327.51,200,327.56,160,327.61,160,327.69,120,327.74,40,327.8,120,327.95,80,328.09,160,328.1,280
2026-01-16 09:37:25,327.23,327.28,9,327.06,360,327.4,240,327.4,327.06,327.06,360,327.03,200,326.9,80,326.87,360,326.85,400,326.74,440,326.73,240,326.67,40,326.61,320,326.44,40,327.4,240,327.51,200,327.56,160,327.61,160,327.69,120,327.74,40,327.8,120,327.95,80,328.09,160,328.1,280
2026-01-16 09:37:26,327.23,327.4,1,327.06,360,327.4,240,327.4,327.06,327.06,360,327.03,200,326.9,80,326.87,360,326.85,400,326.74,440,326.73,240,326.67,40,326.61,320,326.44,40,327.4,240,327.51,200,327.56,160,327.61,160,327.69,120,327.74,40,327.8,120,327.95,80,328.09,160,328.1,280
2026-01-16 09:37:27,327.23,327.4,1,327.06,360,327.4,240,327.4,327.06,327.06,360,327.03,200,326.9,80,326.87,360,326.85,400,326.74,440,326.73,240,326.67,40,326.61,320,326.44,40,327.4,240,327.51,200,327.56,160,327.61,160,327.69,120,327.74,40,327.8,120,327.95,80,328.09,160,328.1,280
