sim_time,mid_price,last_price,last_size,best_bid_price,best_bid_size,best_ask_price,best_ask_size,close_price_buy,close_price_sell,bid1_price,bid1_size,bid2_price,bid2_size,bid3_price,bid3_size,bid4_price,bid4_size,bid5_price,bid5_size,bid6_price,bid6_size,bid7_price,bid7_size,bid8_price,bid8_size,bid9_price,bid9_size,bid10_price,bid10_size,ask1_price,ask1_size,ask2_price,ask2_size,ask3_price,ask3_size,ask4_price,ask4_size,ask5_price,ask5_size,ask6_price,ask6_size,ask7_price,ask7_size,ask8_price,ask8_size,ask9_price,ask9_size,ask10_price,ask10_size
2026-01-16 09:30:36,,0.0,0,,,,,,,,,,,,,,,,,,,,,,,,,,,,,,,,,,,,,,,,,,,,,,
2026-01-16 09:30:37,,0.0,0,,,,,,,,,,,,,,,,,,,,,,,,,,,,,,,,,,,,,,,,,,,,,,
2026-01-16 09:30:38,,0.0,0,,,,,,,,,,,,,,,,,,,,,,,,,,,,,,,,,,,,,,,,,,,,,,
2026-01-16 09:30:38,,0.0,0,,,,,,,,,,,,,,,,,,,,,,,,,,,,,,,,,,,,,,,,,,,,,,
2026-01-16 09:30:39,,0.0,0,,,,,,,,,,,,,,,,,,,,,,,,,,,,,,,,,,,,,,,,,,,,,,
2026-01-16 09:30:39,,0.0,0,,,,,,,,,,,,,,,,,,,,,,,,,,,,,,,,,,,,,,,,,,,,,,
2026-01-16 09:30:41,,0.0,0,,,,,,,,,,,,,,,,,,,,,,,,,,,,,,,,,,,,,,,,,,,,,,
2026-01-16 09:30:43,39.255,39.25,1,39.25,200,39.26,600,39.26,39.25,39.25,200,39.24,900,39.23,1800,39.22,1700,39.21,800,39.2,1000,39.19,900,39.18,500,39.17,800,39.16,700,39.26,600,39.27,100,,,,,,,,,,,,,,,,
2026-01-16 09:30:44,39.17,39.17,1,39.16,1000,39.18,1700,39.18,39.16,39.16,1000,39.15,800,39.14,1000,39.13,600,39.12,500,39.11,700,39.1,1500,,,,,,,39.18,1700,39.19,2500,39.2,3000,39.21,3700,39.22,2300,39.23,400,39.24,2200,39.25,1400,39.26,1400,39.27,100
2026-01-16 09:30:45,39.165,39.16,1,39.16,900,39.17,1800,39.17,39.16,39.16,900,39.15,3500,39.14,1000,39.13,600,39.12,500,39.11,700,39.1,1500,,,,,,,39.17,1800,39.18,2100,39.19,2500,39.2,3000,39.21,3700,39.22,2300,39.23,400,39.24,2200,39.25,1400,39.26,1400
2026-01-16 09:30:46,39.165,39.17,1,39.16,1100,39.17,900,39.17,39.16,39.16,1100,39.15,4500,39.14,1000,39.13,600,39.12,500,39.11,700,39.1,1500,,,,,,,39.17,900,39.18,2100,39.19,2500,39.2,3000,39.21,3700,39.22,2300,39.23,400,39.24,2200,39.25,1400,39.26,1400
2026-01-16 09:30:47,39.13,39.14,1,39.12,2000,39.14,1900,39.14,39.12,39.12,2000,39.11,700,39.1,1500,,,,,,,,,,,,,,,39.14,1900,39.15,3100,39.16,2100,39.17,1700,39.18,2100,39.19,2500,39.2,3000,39.21,3700,39.22,2300,39.23,400
2026-01-16 09:30:48,39.13,39.13,4,39.12,2000,39.14,1900,39.14,39.12,39.12,2000,39.11,700,39.1,1500,,,,,,,,,,,,,,,39.14,1900,39.15,3100,39.16,2100,39.17,1700,39.18,2100,39.19,2500,39.2,3000,39.21,3700,39.22,2300,39.23,400
2026-01-16 09:30:49,39.13,39.14,2,39.12,2000,39.14,1900,39.14,39.12,39.12,2000,39.11,700,39.1,1500,,,,,,,,,,,,,,,39.14,1900,39.15,3100,39.16,2100,39.17,1700,39.18,2100,39.19,2500,39.2,3000,39.21,3700,39.22,2300,39.23,400
2026-01-16 09:30:50,39.155,39.15,3,39.15,1200,39.16,4300,39.16,39.15,39.15,1200,39.14,3100,39.13,4700,39.12,2400,39.11,700,39.1,1500,,,,,,,,,39.16,4300,39.17,2800,39.18,2100,39.19,2500,39.2,3000,39.21,3700,39.22,2300,39.23,400,39.24,2200,39.25,1400
2026-01-16 09:30:51,39.155,39.16,1,39.15,1000,39.16,2400,39.16,39.15,39.15,1000,39.14,3100,39.13,4700,39.12,2400,39.11,700,39.1,1500,,,,,,,,,39.16,2400,39.17,2800,39.18,2100,39.19,2500,39.2,3000,39.21,3700,39.22,2300,39.23,400,39.24,2200,39.25,1400
2026-01-16 09:30:52,39.155,39.16,2,39.15,900,39.16,2400,39.16,39.15,39.15,900,39.14,3100,39.13,4700,39.12,2400,39.11,700,39.1,1500,,,,,,,,,39.16,2400,39.17,2800,39.18,2100,39.19,2500,39.2,3000,39.21,3700,39.22,2300,39.23,400,39.24,2200,39.25,1400
2026-01-16 09:30:53,39.155,39.15,10,39.15,900,39.16,2500,39.16,39.15,39.15,900,39.14,3100,39.13,4700,39.12,2400,39.11,700,39.1,1500,,,,,,,,,39.16,2500,39.17,2800,39.18,2100,39.19,2500,39.2,3000,39.21,3700,39.22,2300,39.23,400,39.24,2200,39.25,1400
2026-01-16 09:30:54,39.15,39.15,1,39.14,4000,39.16,3700,39.16,39.14,39.14,4000,39.13,4700,39.12,2400,39.11,700,39.1,1500,,,,,,,,,,,39.16,3700,39.17,2800,39.18,2100,39.19,2500,39.2,3000,39.21,3700,39.22,2300,39.23,400,39.24,2200,39.25,1400
2026-01-16 09:30:55,39.135,39.14,2,39.13,3900,39.14,700,39.14,39.13,39.13,3900,39.12,2400,39.11,700,39.1,1500,,,,,,,,,,,,,39.14,700,39.15,1100,39.16,3700,39.17,2800,39.18,2100,39.19,2500,39.2,3000,39.21,3700,39.22,2300,39.23,400
2026-01-16 09:30:56,39.135,39.14,1,39.13,3900,39.14,700,39.14,39.13,39.13,3900,39.12,2400,39.11,700,39.1,1500,,,,,,,,,,,,,39.14,700,39.15,1100,39.16,3700,39.17,2800,39.18,2100,39.19,2500,39.2,3000,39.21,3700,39.22,2300,39.23,400
2026-01-16 09:30:57,39.145,39.14,1,39.14,1400,39.15,400,39.15,39.14,39.14,1400,39.13,4300,39.12,2400,39.11,700,39.1,1500,,,,,,,,,,,39.15,400,39.16,3700,39.17,2800,39.18,2100,39.19,2500,39.2,3000,39.21,3700,39.22,2300,39.23,400,39.24,2200
2026-01-16 09:30:58,39.14,39.14,1,39.13,3500,39.15,1700,39.15,39.13,39.13,3500,39.12,2400,39.11,700,39.1,1500,,,,,,,,,,,,,39.15,1700,39.16,3700,39.17,2800,39.18,2100,39.19,2500,39.2,3000,39.21,3700,39.22,2300,39.23,400,39.24,2200
2026-01-16 09:30:59,39.14,39.14,2,39.13,3600,39.15,1300,39.15,39.13,39.13,3600,39.12,2400,39.11,700,39.1,1500,,,,,,,,,,,,,39.15,1300,39.16,3700,39.17,2800,39.18,2100,39.19,2500,39.2,3000,39.21,3700,39.22,2300,39.23,400,39.24,2200
2026-01-16 09:31:00,39.15,39.15,2,39.14,2900,39.16,2700,39.16,39.14,39.14,2900,39.13,3600,39.12,2400,39.11,700,39.1,1500,,,,,,,,,,,39.16,2700,39.17,2800,39.18,2100,39.19,2500,39.2,3000,39.21,3700,39.22,2300,39.23,400,39.24,2200,39.25,1400
2026-01-16 09:31:01,39.17,39.17,7,39.16,2200,39.18,1800,39.18,39.16,39.16,2200,39.15,1900,39.14,2900,39.13,3600,39.12,2400,39.11,700,39.1,1500,,,,,,,39.18,1800,39.19,2500,39.2,3000,39.21,3700,39.22,2300,39.23,400,39.24,2200,39.25,1400,39.26,1400,39.27,100
2026-01-16 09:31:02,39.185,39.18,2,39.18,400,39.19,2600,39.19,39.18,39.18,400,39.17,1000,39.16,2100,39.15,1900,39.14,2900,39.13,3600,39.12,2400,39.11,700,39.1,1500,,,39.19,2600,39.2,3000,39.21,3700,39.22,2300,39.23,400,39.24,2200,39.25,1400,39.26,1400,39.27,100,,
2026-01-16 09:31:03,39.135,39.14,1,39.13,3500,39.14,400,39.14,39.13,39.13,3500,39.12,2400,39.11,700,39.1,1500,,,,,,,,,,,,,39.14,400,39.15,2000,39.16,1000,39.17,1000,39.18,4400,39.19,2500,39.2,3000,39.21,3700,39.22,2300,39.23,400
2026-01-16 09:31:04,39.125,39.13,3,39.12,2000,39.13,600,39.13,39.12,39.12,2000,39.11,700,39.1,1500,,,,,,,,,,,,,,,39.13,600,39.14,1900,39.15,2000,39.16,1000,39.17,1000,39.18,4400,39.19,2500,39.2,3000,39.21,3700,39.22,2300
2026-01-16 09:31:05,39.125,39.12,1,39.12,400,39.13,1500,39.13,39.12,39.12,400,39.11,1900,39.1,1500,,,,,,,,,,,,,,,39.13,1500,39.14,1900,39.15,2000,39.16,1000,39.17,1000,39.18,4400,39.19,2500,39.2,3000,39.21,3700,39.22,2300
2026-01-16 09:31:06,39.105,39.1,1,39.1,9200,39.11,900,39.11,39.1,39.1,9200,,,,,,,,,,,,,,,,,,,39.11,900,39.12,2400,39.13,1400,39.14,1900,39.15,2000,39.16,1000,39.17,1000,39.18,4400,39.19,2500,39.2,3000
2026-01-16 09:31:07,39.105,39.11,1,39.1,9200,39.11,1500,39.11,39.1,39.1,9200,,,,,,,,,,,,,,,,,,,39.11,1500,39.12,2000,39.13,1900,39.14,1900,39.15,2000,39.16,1000,39.17,1000,39.18,4400,39.19,2500,39.2,3000
2026-01-16 09:31:08,39.115,39.12,1,39.11,3100,39.12,700,39.12,39.11,39.11,3100,39.1,9300,,,,,,,,,,,,,,,,,39.12,700,39.13,1900,39.14,1900,39.15,2000,39.16,1000,39.17,1000,39.18,4400,39.19,2500,39.2,3000,39.21,3700
2026-01-16 09:31:09,39.13,39.13,1,39.12,2000,39.14,2000,39.14,39.12,39.12,2000,39.11,3400,39.1,9300,,,,,,,,,,,,,,,39.14,2000,39.15,2000,39.16,1000,39.17,1000,39.18,4400,39.19,2500,39.2,3000,39.21,3700,39.22,2300,39.23,400
2026-01-16 09:31:10,39.13,39.13,1,39.12,2000,39.14,2100,39.14,39.12,39.12,2000,39.11,3400,39.1,9300,,,,,,,,,,,,,,,39.14,2100,39.15,2000,39.16,1000,39.17,1000,39.18,4400,39.19,2500,39.2,3000,39.21,3700,39.22,2300,39.23,400
2026-01-16 09:31:11,39.13,39.14,4,39.12,1900,39.14,2300,39.14,39.12,39.12,1900,39.11,3400,39.1,9300,,,,,,,,,,,,,,,39.14,2300,39.15,2000,39.16,1000,39.17,1000,39.18,4400,39.19,2500,39.2,3000,39.21,3700,39.22,2300,39.23,400
2026-01-16 09:31:12,39.13,39.15,1,39.12,1900,39.14,2300,39.14,39.12,39.12,1900,39.11,3400,39.1,9300,,,,,,,,,,,,,,,39.14,2300,39.15,2000,39.16,1000,39.17,1000,39.18,4400,39.19,2500,39.2,3000,39.21,3700,39.22,2300,39.23,400
2026-01-16 09:31:13,39.13,39.15,1,39.12,1900,39.14,2300,39.14,39.12,39.12,1900,39.11,3400,39.1,9300,,,,,,,,,,,,,,,39.14,2300,39.15,2000,39.16,1000,39.17,1000,39.18,4400,39.19,2500,39.2,3000,39.21,3700,39.22,2300,39.23,400
2026-01-16 09:31:14,39.13,39.15,1,39.12,1900,39.14,2300,39.14,39.12,39.12,1900,39.11,3400,39.1,9300,,,,,,,,,,,,,,,39.14,2300,39.15,2000,39.16,1000,39.17,1000,39.18,4400,39.19,2500,39.2,3000,39.21,3700,39.22,2300,39.23,400
2026-01-16 09:31:15,39.13,39.14,1,39.12,1900,39.14,2300,39.14,39.12,39.12,1900,39.11,3400,39.1,9300,,,,,,,,,,,,,,,39.14,2300,39.15,2000,39.16,1000,39.17,1000,39.18,4400,39.19,2500,39.2,3000,39.21,3700,39.22,2300,39.23,400
2026-01-16 09:31:16,39.13,39.13,12,39.12,1900,39.14,2200,39.14,39.12,39.12,1900,39.11,3400,39.1,9300,,,,,,,,,,,,,,,39.14,2200,39.15,2000,39.16,1000,39.17,1000,39.18,4400,39.19,2500,39.2,3000,39.21,3700,39.22,2300,39.23,400
2026-01-16 09:31:17,39.13,39.13,12,39.12,7000,39.14,2200,39.14,39.12,39.12,7000,39.11,3400,39.1,9300,,,,,,,,,,,,,,,39.14,2200,39.15,2000,39.16,1000,39.17,1000,39.18,4400,39.19,2500,39.2,3000,39.21,3700,39.22,2300,39.23,400
2026-01-16 09:31:18,39.145,39.14,3,39.14,2700,39.15,2400,39.15,39.14,39.14,2700,39.13,2400,39.12,4600,39.11,3400,39.1,9300,,,,,,,,,,,39.15,2400,39.16,3300,39.17,1000,39.18,4400,39.19,2500,39.2,3000,39.21,3700,39.22,2300,39.23,400,39.24,2200
2026-01-16 09:31:19,39.155,39.15,1,39.15,2000,39.16,2300,39.16,39.15,39.15,2000,39.14,3000,39.13,2400,39.12,4600,39.11,3400,39.1,9300,,,,,,,,,39.16,2300,39.17,1000,39.18,4400,39.19,2500,39.2,3000,39.21,3700,39.22,2300,39.23,400,39.24,2200,39.25,1400
2026-01-16 09:31:20,39.155,39.15,1,39.15,2000,39.16,2300,39.16,39.15,39.15,2000,39.14,3000,39.13,2400,39.12,4600,39.11,3400,39.1,9300,,,,,,,,,39.16,2300,39.17,1000,39.18,4400,39.19,2500,39.2,3000,39.21,3700,39.22,2300,39.23,400,39.24,2200,39.25,1400
2026-01-16 09:31:21,39.155,39.16,8,39.15,1900,39.16,2300,39.16,39.15,39.15,1900,39.14,3000,39.13,2400,39.12,4600,39.11,3400,39.1,9300,,,,,,,,,39.16,2300,39.17,1000,39.18,4400,39.19,2500,39.2,3000,39.21,3700,39.22,2300,39.23,400,39.24,2200,39.25,1400
2026-01-16 09:31:22,39.155,39.16,1,39.15,1700,39.16,2300,39.16,39.15,39.15,1700,39.14,3000,39.13,2400,39.12,4600,39.11,3400,39.1,9300,,,,,,,,,39.16,2300,39.17,1000,39.18,4400,39.19,2500,39.2,3000,39.21,3700,39.22,2300,39.23,400,39.24,2200,39.25,1400
2026-01-16 09:31:23,39.145,39.15,2,39.14,3100,39.15,5200,39.15,39.14,39.14,3100,39.13,2400,39.12,4600,39.11,3400,39.1,9300,,,,,,,,,,,39.15,5200,39.16,3200,39.17,1000,39.18,4400,39.19,2500,39.2,3000,39.21,3700,39.22,2300,39.23,400,39.24,2200
2026-01-16 09:31:24,39.145,39.15,1,39.14,3100,39.15,5200,39.15,39.14,39.14,3100,39.13,2400,39.12,4600,39.11,3400,39.1,9300,,,,,,,,,,,39.15,5200,39.16,3200,39.17,1000,39.18,4400,39.19,2500,39.2,3000,39.21,3700,39.22,2300,39.23,400,39.24,2200
2026-01-16 09:31:25,39.145,39.15,1,39.14,3200,39.15,5200,39.15,39.14,39.14,3200,39.13,2400,39.12,4600,39.11,3400,39.1,9300,,,,,,,,,,,39.15,5200,39.16,3200,39.17,1000,39.18,4400,39.19,2500,39.2,3000,39.21,3700,39.22,2300,39.23,400,39.24,2200
2026-01-16 09:31:26,39.14,39.13,1,39.13,4400,39.15,5700,39.15,39.13,39.13,4400,39.12,4600,39.11,3400,39.1,9300,,,,,,,,,,,,,39.15,5700,39.16,3200,39.17,1000,39.18,4400,39.19,2500,39.2,3000,39.21,3700,39.22,2300,39.23,400,39.24,2200
2026-01-16 09:31:27,39.14,39.14,1,39.13,4500,39.15,5200,39.15,39.13,39.13,4500,39.12,4600,39.11,3400,39.1,9300,,,,,,,,,,,,,39.15,5200,39.16,3200,39.17,1000,39.18,4400,39.19,2500,39.2,3000,39.21,3700,39.22,2300,39.23,400,39.24,2200
2026-01-16 09:31:28,39.14,39.14,1,39.13,4500,39.15,5200,39.15,39.13,39.13,4500,39.12,4600,39.11,3400,39.1,9300,,,,,,,,,,,,,39.15,5200,39.16,3200,39.17,1000,39.18,4400,39.19,2500,39.2,3000,39.21,3700,39.22,2300,39.23,400,39.24,2200
2026-01-16 09:31:29,39.155,39.16,1,39.15,500,39.16,2300,39.16,39.15,39.15,500,39.14,800,39.13,4500,39.12,4600,39.11,3400,39.1,9300,,,,,,,,,39.16,2300,39.17,1000,39.18,4400,39.19,2500,39.2,3000,39.21,3700,39.22,2300,39.23,400,39.24,2200,39.25,1400
2026-01-16 09:31:30,39.175,39.17,1,39.17,1400,39.18,2700,39.18,39.17,39.17,1400,39.16,1900,39.15,1800,39.14,800,39.13,4500,39.12,4600,39.11,3400,39.1,9300,,,,,39.18,2700,39.19,2500,39.2,3000,39.21,3700,39.22,2300,39.23,400,39.24,2200,39.25,1400,39.26,1400,39.27,100
2026-01-16 09:31:31,39.145,39.14,1,39.14,2000,39.15,1700,39.15,39.14,39.14,2000,39.13,4300,39.12,4600,39.11,3400,39.1,9300,,,,,,,,,,,39.15,1700,39.16,1400,39.17,1800,39.18,4300,39.19,2500,39.2,3000,39.21,3700,39.22,2300,39.23,400,39.24,2200
2026-01-16 09:31:32,39.135,39.14,1,39.13,3400,39.14,2400,39.14,39.13,39.13,3400,39.12,4600,39.11,3400,39.1,9300,,,,,,,,,,,,,39.14,2400,39.15,23800,39.16,1900,39.17,1800,39.18,4300,39.19,2500,39.2,3000,39.21,3700,39.22,2300,39.23,400
2026-01-16 09:31:33,39.135,39.1,14,39.13,1400,39.14,2200,39.14,39.13,39.13,1400,39.12,2200,39.11,2200,39.1,2600,39.09,1900,,,,,,,,,,,39.14,2200,39.15,23800,39.16,1900,39.17,1800,39.18,4300,39.19,2500,39.2,3000,39.21,3700,39.22,2300,39.23,400
2026-01-16 09:31:34,39.145,39.15,1,39.14,400,39.15,23700,39.15,39.14,39.14,400,39.13,1700,39.12,2200,39.11,2200,39.1,2600,39.09,1900,,,,,,,,,39.15,23700,39.16,1900,39.17,1800,39.18,4300,39.19,2500,39.2,3000,39.21,3700,39.22,2300,39.23,400,39.24,2200
2026-01-16 09:31:35,39.145,39.14,13,39.14,1800,39.15,23700,39.15,39.14,39.14,1800,39.13,1700,39.12,2200,39.11,2200,39.1,2600,39.09,1900,,,,,,,,,39.15,23700,39.16,1900,39.17,1800,39.18,4300,39.19,2500,39.2,3000,39.21,3700,39.22,2300,39.23,400,39.24,2200
2026-01-16 09:31:36,39.145,39.15,1,39.14,2500,39.15,4400,39.15,39.14,39.14,2500,39.13,1700,39.12,2200,39.11,2200,39.1,2600,39.09,1900,,,,,,,,,39.15,4400,39.16,1900,39.17,1800,39.18,4300,39.19,2500,39.2,3000,39.21,3700,39.22,2300,39.23,400,39.24,2200
2026-01-16 09:31:37,39.145,39.15,1,39.14,2400,39.15,8000,39.15,39.14,39.14,2400,39.13,1700,39.12,2200,39.11,2200,39.1,2600,39.09,1900,,,,,,,,,39.15,8000,39.16,1900,39.17,1800,39.18,4300,39.19,2500,39.2,3000,39.21,3700,39.22,2300,39.23,400,39.24,2200
2026-01-16 09:31:38,39.13,39.13,3,39.12,3100,39.14,2300,39.14,39.12,39.12,3100,39.11,2200,39.1,2600,39.09,1900,,,,,,,,,,,,,39.14,2300,39.15,8200,39.16,1900,39.17,1800,39.18,4300,39.19,2500,39.2,3000,39.21,3700,39.22,2300,39.23,400
2026-01-16 09:31:39,39.13,39.13,2,39.12,3100,39.14,2300,39.14,39.12,39.12,3100,39.11,2200,39.1,2600,39.09,1900,,,,,,,,,,,,,39.14,2300,39.15,8200,39.16,1900,39.17,1800,39.18,4300,39.19,2500,39.2,3000,39.21,3700,39.22,2300,39.23,400
2026-01-16 09:31:40,39.13,39.14,5,39.12,3100,39.14,2400,39.14,39.12,39.12,3100,39.11,2200,39.1,2600,39.09,1900,,,,,,,,,,,,,39.14,2400,39.15,8200,39.16,1900,39.17,1800,39.18,4300,39.19,2500,39.2,3000,39.21,3700,39.22,2300,39.23,400
2026-01-16 09:31:41,39.13,39.13,4,39.12,3300,39.14,1900,39.14,39.12,39.12,3300,39.11,2200,39.1,2600,39.09,1900,,,,,,,,,,,,,39.14,1900,39.15,8200,39.16,1900,39.17,1800,39.18,4300,39.19,2500,39.2,3000,39.21,3700,39.22,2300,39.23,400
2026-01-16 09:31:42,39.13,39.13,1,39.12,3300,39.14,1900,39.14,39.12,39.12,3300,39.11,2200,39.1,2600,39.09,1900,,,,,,,,,,,,,39.14,1900,39.15,8200,39.16,1900,39.17,1800,39.18,4300,39.19,2500,39.2,3000,39.21,3700,39.22,2300,39.23,400
2026-01-16 09:31:43,39.13,39.13,1,39.12,3300,39.14,1900,39.14,39.12,39.12,3300,39.11,2200,39.1,2600,39.09,1900,,,,,,,,,,,,,39.14,1900,39.15,8200,39.16,1900,39.17,1800,39.18,4300,39.19,2500,39.2,3000,39.21,3700,39.22,2300,39.23,400
2026-01-16 09:31:44,39.13,39.13,1,39.12,3300,39.14,1900,39.14,39.12,39.12,3300,39.11,2200,39.1,2600,39.09,1900,,,,,,,,,,,,,39.14,1900,39.15,8200,39.16,1900,39.17,1800,39.18,4300,39.19,2500,39.2,3000,39.21,3700,39.22,2300,39.23,400
2026-01-16 09:31:45,39.13,39.13,1,39.12,3300,39.14,1900,39.14,39.12,39.12,3300,39.11,2200,39.1,2600,39.09,1900,,,,,,,,,,,,,39.14,1900,39.15,8200,39.16,1900,39.17,1800,39.18,4300,39.19,2500,39.2,3000,39.21,3700,39.22,2300,39.23,400
2026-01-16 09:31:46,39.13,39.13,1,39.12,3300,39.14,1900,39.14,39.12,39.12,3300,39.11,2200,39.1,2600,39.09,1900,,,,,,,,,,,,,39.14,1900,39.15,8200,39.16,1900,39.17,1800,39.18,4300,39.19,2500,39.2,3000,39.21,3700,39.22,2300,39.23,400
2026-01-16 09:31:47,39.13,39.13,2,39.12,2800,39.14,2300,39.14,39.12,39.12,2800,39.11,2200,39.1,2600,39.09,1900,,,,,,,,,,,,,39.14,2300,39.15,8200,39.16,1900,39.17,1800,39.18,4300,39.19,2500,39.2,3000,39.21,3700,39.22,2300,39.23,400
2026-01-16 09:31:48,39.13,39.13,2,39.12,2800,39.14,2300,39.14,39.12,39.12,2800,39.11,2200,39.1,2600,39.09,1900,,,,,,,,,,,,,39.14,2300,39.15,8200,39.16,1900,39.17,1800,39.18,4300,39.19,2500,39.2,3000,39.21,3700,39.22,2300,39.23,400
2026-01-16 09:31:49,39.13,39.13,2,39.12,2800,39.14,2800,39.14,39.12,39.12,2800,39.11,2200,39.1,2600,39.09,1900,,,,,,,,,,,,,39.14,2800,39.15,8200,39.16,1900,39.17,1800,39.18,4300,39.19,2500,39.2,3000,39.21,3700,39.22,2300,39.23,400
2026-01-16 09:31:50,39.13,39.13,9,39.12,3400,39.14,2700,39.14,39.12,39.12,3400,39.11,2200,39.1,2600,39.09,1900,,,,,,,,,,,,,39.14,2700,39.15,8200,39.16,1900,39.17,1800,39.18,4300,39.19,2500,39.2,3000,39.21,3700,39.22,2300,39.23,400
2026-01-16 09:31:51,39.13,39.13,12,39.12,3400,39.14,2600,39.14,39.12,39.12,3400,39.11,2200,39.1,2600,39.09,1900,,,,,,,,,,,,,39.14,2600,39.15,8200,39.16,1900,39.17,1800,39.18,4300,39.19,2500,39.2,3000,39.21,3700,39.22,2300,39.23,400
2026-01-16 09:31:52,39.13,39.13,12,39.12,3400,39.14,2600,39.14,39.12,39.12,3400,39.11,2200,39.1,2600,39.09,1900,,,,,,,,,,,,,39.14,2600,39.15,8200,39.16,1900,39.17,1800,39.18,4300,39.19,2500,39.2,3000,39.21,3700,39.22,2300,39.23,400
2026-01-16 09:31:53,39.13,39.13,12,39.12,3400,39.14,2700,39.14,39.12,39.12,3400,39.11,2200,39.1,2600,39.09,1900,,,,,,,,,,,,,39.14,2700,39.15,8200,39.16,1900,39.17,1800,39.18,4300,39.19,2500,39.2,3000,39.21,3700,39.22,2300,39.23,400
2026-01-16 09:31:54,39.13,39.13,8,39.12,3400,39.14,2700,39.14,39.12,39.12,3400,39.11,2200,39.1,2600,39.09,1900,,,,,,,,,,,,,39.14,2700,39.15,8200,39.16,1900,39.17,1800,39.18,4300,39.19,2500,39.2,3000,39.21,3700,39.22,2300,39.23,400
2026-01-16 09:31:55,39.13,39.13,5,39.12,3400,39.14,2500,39.14,39.12,39.12,3400,39.11,2200,39.1,2600,39.09,1900,,,,,,,,,,,,,39.14,2500,39.15,8200,39.16,1900,39.17,1800,39.18,4300,39.19,2500,39.2,3000,39.21,3700,39.22,2300,39.23,400
2026-01-16 09:31:56,39.13,39.13,12,39.12,3400,39.14,2500,39.14,39.12,39.12,3400,39.11,2200,39.1,2600,39.09,1900,,,,,,,,,,,,,39.14,2500,39.15,8200,39.16,1900,39.17,1800,39.18,4300,39.19,2500,39.2,3000,39.21,3700,39.22,2300,39.23,400
2026-01-16 09:31:57,39.125,39.13,1,39.12,3400,39.13,800,39.13,39.12,39.12,3400,39.11,2200,39.1,2600,39.09,1900,,,,,,,,,,,,,39.13,800,39.14,2800,39.15,8200,39.16,1900,39.17,1800,39.18,4300,39.19,2500,39.2,3000,39.21,3700,39.22,2300
2026-01-16 09:31:58,39.135,39.14,1,39.13,2900,39.14,800,39.14,39.13,39.13,2900,39.12,3400,39.11,2200,39.1,2600,39.09,1900,,,,,,,,,,,39.14,800,39.15,8000,39.16,1900,39.17,1800,39.18,4300,39.19,2500,39.2,3000,39.21,3700,39.22,2300,39.23,400
2026-01-16 09:31:59,39.14,39.14,2,39.13,3100,39.15,8100,39.15,39.13,39.13,3100,39.12,3400,39.11,2200,39.1,2600,39.09,1900,,,,,,,,,,,39.15,8100,39.16,1900,39.17,1800,39.18,4300,39.19,2500,39.2,3000,39.21,3700,39.22,2300,39.23,400,39.24,2200
2026-01-16 09:32:00,39.145,39.14,2,39.14,300,39.15,10100,39.15,39.14,39.14,300,39.13,3900,39.12,3400,39.11,2200,39.1,2600,39.09,1900,,,,,,,,,39.15,10100,39.16,1900,39.17,1800,39.18,4300,39.19,2500,39.2,3000,39.21,3700,39.22,2300,39.23,400,39.24,2200
2026-01-16 09:32:01,39.145,39.15,2,39.14,700,39.15,10100,39.15,39.14,39.14,700,39.13,3900,39.12,3400,39.11,2200,39.1,2600,39.09,1900,,,,,,,,,39.15,10100,39.16,1900,39.17,1800,39.18,4300,39.19,2500,39.2,3000,39.21,3700,39.22,2300,39.23,400,39.24,2200
2026-01-16 09:32:02,39.145,39.15,3,39.14,600,39.15,10100,39.15,39.14,39.14,600,39.13,3900,39.12,3400,39.11,2200,39.1,2600,39.09,1900,,,,,,,,,39.15,10100,39.16,1900,39.17,1800,39.18,4300,39.19,2500,39.2,3000,39.21,3700,39.22,2300,39.23,400,39.24,2200
2026-01-16 09:32:03,39.145,39.15,1,39.14,600,39.15,10100,39.15,39.14,39.14,600,39.13,3900,39.12,3400,39.11,2200,39.1,2600,39.09,1900,,,,,,,,,39.15,10100,39.16,1900,39.17,1800,39.18,4300,39.19,2500,39.2,3000,39.21,3700,39.22,2300,39.23,400,39.24,2200
2026-01-16 09:32:04,39.145,39.15,1,39.14,700,39.15,10200,39.15,39.14,39.14,700,39.13,3900,39.12,3400,39.11,2200,39.1,2600,39.09,1900,,,,,,,,,39.15,10200,39.16,1900,39.17,1800,39.18,4300,39.19,2500,39.2,3000,39.21,3700,39.22,2300,39.23,400,39.24,2200
2026-01-16 09:32:05,39.145,39.15,1,39.14,900,39.15,10200,39.15,39.14,39.14,900,39.13,3900,39.12,3400,39.11,2200,39.1,2600,39.09,1900,,,,,,,,,39.15,10200,39.16,1900,39.17,1800,39.18,4300,39.19,2500,39.2,3000,39.21,3700,39.22,2300,39.23,400,39.24,2200
2026-01-16 09:32:06,39.145,39.15,2,39.14,800,39.15,10200,39.15,39.14,39.14,800,39.13,3900,39.12,3400,39.11,2200,39.1,2600,39.09,1900,,,,,,,,,39.15,10200,39.16,1900,39.17,1800,39.18,4300,39.19,2500,39.2,3000,39.21,3700,39.22,2300,39.23,400,39.24,2200
2026-01-16 09:32:07,39.145,39.14,9,39.14,1700,39.15,10200,39.15,39.14,39.14,1700,39.13,3900,39.12,3400,39.11,2200,39.1,2600,39.09,1900,,,,,,,,,39.15,10200,39.16,1900,39.17,1800,39.18,4300,39.19,2500,39.2,3000,39.21,3700,39.22,2300,39.23,400,39.24,2200
2026-01-16 09:32:08,39.145,39.14,9,39.14,1700,39.15,10200,39.15,39.14,39.14,1700,39.13,3900,39.12,3400,39.11,2200,39.1,2600,39.09,1900,,,,,,,,,39.15,10200,39.16,1900,39.17,1800,39.18,4300,39.19,2500,39.2,3000,39.21,3700,39.22,2300,39.23,400,39.24,2200
2026-01-16 09:32:09,39.145,39.14,5,39.14,1700,39.15,10200,39.15,39.14,39.14,1700,39.13,3900,39.12,3400,39.11,2200,39.1,2600,39.09,1900,,,,,,,,,39.15,10200,39.16,1900,39.17,1800,39.18,4300,39.19,2500,39.2,3000,39.21,3700,39.22,2300,39.23,400,39.24,2200
2026-01-16 09:32:10,39.145,39.14,5,39.14,1700,39.15,10200,39.15,39.14,39.14,1700,39.13,3900,39.12,3400,39.11,2200,39.1,2600,39.09,1900,,,,,,,,,39.15,10200,39.16,1900,39.17,1800,39.18,4300,39.19,2500,39.2,3000,39.21,3700,39.22,2300,39.23,400,39.24,2200
2026-01-16 09:32:11,39.135,39.13,2,39.13,4700,39.14,3100,39.14,39.13,39.13,4700,39.12,3400,39.11,2200,39.1,2600,39.09,1900,,,,,,,,,,,39.14,3100,39.15,10300,39.16,1900,39.17,1800,39.18,4300,39.19,2500,39.2,3000,39.21,3700,39.22,2300,39.23,400
2026-01-16 09:32:12,39.135,39.13,2,39.13,4700,39.14,3000,39.14,39.13,39.13,4700,39.12,3400,39.11,2200,39.1,2600,39.09,1900,,,,,,,,,,,39.14,3000,39.15,10300,39.16,1900,39.17,1800,39.18,4300,39.19,2500,39.2,3000,39.21,3700,39.22,2300,39.23,400
2026-01-16 09:32:13,39.145,39.14,6,39.14,900,39.15,10100,39.15,39.14,39.14,900,39.13,3100,39.12,3700,39.11,2200,39.1,2600,39.09,1900,,,,,,,,,39.15,10100,39.16,1900,39.17,1800,39.18,4300,39.19,2500,39.2,3000,39.21,3700,39.22,2300,39.23,400,39.24,2200
2026-01-16 09:32:14,39.135,39.14,1,39.13,2300,39.14,4100,39.14,39.13,39.13,2300,39.12,3700,39.11,2200,39.1,2600,39.09,1900,,,,,,,,,,,39.14,4100,39.15,9800,39.16,1900,39.17,1800,39.18,4300,39.19,2500,39.2,3000,39.21,3700,39.22,2300,39.23,400
2026-01-16 09:32:15,39.135,39.13,1,39.13,2600,39.14,3800,39.14,39.13,39.13,2600,39.12,3700,39.11,2200,39.1,2600,39.09,1900,,,,,,,,,,,39.14,3800,39.15,9800,39.16,1900,39.17,1800,39.18,4300,39.19,2500,39.2,3000,39.21,3700,39.22,2300,39.23,400
2026-01-16 09:32:16,39.135,39.13,1,39.13,2800,39.14,4100,39.14,39.13,39.13,2800,39.12,3700,39.11,2200,39.1,2600,39.09,1900,,,,,,,,,,,39.14,4100,39.15,9800,39.16,1900,39.17,1800,39.18,4300,39.19,2500,39.2,3000,39.21,3700,39.22,2300,39.23,400
2026-01-16 09:32:17,39.135,39.13,1,39.13,2700,39.14,4200,39.14,39.13,39.13,2700,39.12,3700,39.11,2200,39.1,2600,39.09,1900,,,,,,,,,,,39.14,4200,39.15,9800,39.16,1900,39.17,1800,39.18,4300,39.19,2500,39.2,3000,39.21,3700,39.22,2300,39.23,400
2026-01-16 09:32:18,39.13,39.12,2,39.12,4700,39.14,4400,39.14,39.12,39.12,4700,39.11,2200,39.1,2600,39.09,1900,,,,,,,,,,,,,39.14,4400,39.15,9800,39.16,1900,39.17,1800,39.18,4300,39.19,2500,39.2,3000,39.21,3700,39.22,2300,39.23,400
2026-01-16 09:32:19,39.135,39.13,12,39.13,1900,39.14,4300,39.14,39.13,39.13,1900,39.12,4700,39.11,2200,39.1,2600,39.09,1900,,,,,,,,,,,39.14,4300,39.15,9800,39.16,1900,39.17,1800,39.18,4300,39.19,2500,39.2,3000,39.21,3700,39.22,2300,39.23,400
2026-01-16 09:32:20,39.135,39.13,12,39.13,800,39.14,4300,39.14,39.13,39.13,800,39.12,4700,39.11,2200,39.1,2600,39.09,1900,,,,,,,,,,,39.14,4300,39.15,9800,39.16,1900,39.17,1800,39.18,4300,39.19,2500,39.2,3000,39.21,3700,39.22,2300,39.23,400
2026-01-16 09:32:21,39.135,39.13,1,39.13,800,39.14,4300,39.14,39.13,39.13,800,39.12,4700,39.11,2200,39.1,2600,39.09,1900,,,,,,,,,,,39.14,4300,39.15,9800,39.16,1900,39.17,1800,39.18,4300,39.19,2500,39.2,3000,39.21,3700,39.22,2300,39.23,400
2026-01-16 09:32:22,39.125,39.13,1,39.12,2700,39.13,1500,39.13,39.12,39.12,2700,39.11,2200,39.1,2600,39.09,1900,,,,,,,,,,,,,39.13,1500,39.14,4400,39.15,9800,39.16,1900,39.17,1800,39.18,4300,39.19,2500,39.2,3000,39.21,3700,39.22,2300
2026-01-16 09:32:24,39.125,39.13,3,39.12,6700,39.13,1300,39.13,39.12,39.12,6700,39.11,2200,39.1,2600,39.09,1900,,,,,,,,,,,,,39.13,1300,39.14,4400,39.15,9800,39.16,1900,39.17,1800,39.18,4300,39.19,2500,39.2,3000,39.21,3700,39.22,2300
2026-01-16 09:32:25,39.155,39.16,1,39.15,6000,39.16,1200,39.16,39.15,39.15,6000,39.14,6500,39.13,5200,39.12,6900,39.11,2200,39.1,2600,39.09,1900,,,,,,,39.16,1200,39.17,1800,39.18,4300,39.19,2500,39.2,3000,39.21,3700,39.22,2300,39.23,400,39.24,2200,39.25,1400
2026-01-16 09:32:26,39.165,39.17,2,39.16,1200,39.17,2500,39.17,39.16,39.16,1200,39.15,4000,39.14,4800,39.13,5200,39.12,6900,39.11,2200,39.1,2600,39.09,1900,,,,,39.17,2500,39.18,4300,39.19,2500,39.2,3000,39.21,3700,39.22,2300,39.23,400,39.24,2200,39.25,1400,39.26,1400
2026-01-16 09:32:26,39.175,39.17,1,39.17,900,39.18,3800,39.18,39.17,39.17,900,39.16,1900,39.15,4000,39.14,4800,39.13,5200,39.12,6900,39.11,2200,39.1,2600,39.09,1900,,,39.18,3800,39.19,2500,39.2,3000,39.21,3700,39.22,2300,39.23,400,39.24,2200,39.25,1400,39.26,1400,39.27,100
2026-01-16 09:32:28,39.155,39.16,2,39.15,3200,39.16,2400,39.16,39.15,39.15,3200,39.14,4800,39.13,5200,39.12,6900,39.11,2200,39.1,2600,39.09,1900,,,,,,,39.16,2400,39.17,1500,39.18,4300,39.19,2500,39.2,3000,39.21,3700,39.22,2300,39.23,400,39.24,2200,39.25,1400
2026-01-16 09:32:29,39.145,39.15,1,39.14,3300,39.15,500,39.15,39.14,39.14,3300,39.13,5200,39.12,6900,39.11,2200,39.1,2600,39.09,1900,,,,,,,,,39.15,500,39.16,3000,39.17,1500,39.18,4300,39.19,2500,39.2,3000,39.21,3700,39.22,2300,39.23,400,39.24,2200
2026-01-16 09:32:30,39.145,39.15,5,39.14,2000,39.15,1700,39.15,39.14,39.14,2000,39.13,5200,39.12,6900,39.11,2200,39.1,2600,39.09,1900,,,,,,,,,39.15,1700,39.16,3100,39.17,1500,39.18,4300,39.19,2500,39.2,3000,39.21,3700,39.22,2300,39.23,400,39.24,2200
2026-01-16 09:32:31,39.145,39.15,5,39.14,1800,39.15,2400,39.15,39.14,39.14,1800,39.13,5200,39.12,6900,39.11,2200,39.1,2600,39.09,1900,,,,,,,,,39.15,2400,39.16,3100,39.17,1500,39.18,4300,39.19,2500,39.2,3000,39.21,3700,39.22,2300,39.23,400,39.24,2200
2026-01-16 09:32:31,39.145,39.14,1,39.14,400,39.15,2500,39.15,39.14,39.14,400,39.13,5600,39.12,6900,39.11,2200,39.1,2600,39.09,1900,,,,,,,,,39.15,2500,39.16,3100,39.17,1500,39.18,4300,39.19,2500,39.2,3000,39.21,3700,39.22,2300,39.23,400,39.24,2200
2026-01-16 09:32:33,39.145,39.14,1,39.14,700,39.15,1300,39.15,39.14,39.14,700,39.13,5600,39.12,6900,39.11,2200,39.1,2600,39.09,1900,,,,,,,,,39.15,1300,39.16,3100,39.17,1500,39.18,4300,39.19,2500,39.2,3000,39.21,3700,39.22,2300,39.23,400,39.24,2200
2026-01-16 09:32:33,39.145,39.15,1,39.14,1100,39.15,1600,39.15,39.14,39.14,1100,39.13,5600,39.12,6900,39.11,2200,39.1,2600,39.09,1900,,,,,,,,,39.15,1600,39.16,3100,39.17,1500,39.18,4300,39.19,2500,39.2,3000,39.21,3700,39.22,2300,39.23,400,39.24,2200
2026-01-16 09:32:35,39.155,39.15,1,39.15,1500,39.16,4500,39.16,39.15,39.15,1500,39.14,1700,39.13,5600,39.12,6900,39.11,2200,39.1,2600,39.09,1900,,,,,,,39.16,4500,39.17,1500,39.18,4300,39.19,2500,39.2,3000,39.21,3700,39.22,2300,39.23,400,39.24,2200,39.25,1400
2026-01-16 09:32:36,39.145,39.14,2,39.14,1700,39.15,1000,39.15,39.14,39.14,1700,39.13,5600,39.12,6900,39.11,2200,39.1,2600,39.09,1900,,,,,,,,,39.15,1000,39.16,4600,39.17,1500,39.18,4300,39.19,2500,39.2,3000,39.21,3700,39.22,2300,39.23,400,39.24,2200
2026-01-16 09:32:36,39.155,39.16,3,39.15,2200,39.16,4200,39.16,39.15,39.15,2200,39.14,1700,39.13,5600,39.12,6900,39.11,2200,39.1,2600,39.09,1900,,,,,,,39.16,4200,39.17,1500,39.18,4300,39.19,2500,39.2,3000,39.21,3700,39.22,2300,39.23,400,39.24,2200,39.25,1400
2026-01-16 09:32:37,39.155,39.16,3,39.15,700,39.16,4400,39.16,39.15,39.15,700,39.14,1700,39.13,5600,39.12,6900,39.11,2200,39.1,2600,39.09,1900,,,,,,,39.16,4400,39.17,1500,39.18,4300,39.19,2500,39.2,3000,39.21,3700,39.22,2300,39.23,400,39.24,2200,39.25,1400
2026-01-16 09:32:39,39.155,39.16,3,39.15,700,39.16,4400,39.16,39.15,39.15,700,39.14,1700,39.13,5600,39.12,6900,39.11,2200,39.1,2600,39.09,1900,,,,,,,39.16,4400,39.17,1500,39.18,4300,39.19,2500,39.2,3000,39.21,3700,39.22,2300,39.23,400,39.24,2200,39.25,1400
2026-01-16 09:32:40,39.155,39.16,1,39.15,900,39.16,4300,39.16,39.15,39.15,900,39.14,1700,39.13,5600,39.12,6900,39.11,2200,39.1,2600,39.09,1900,,,,,,,39.16,4300,39.17,1500,39.18,4300,39.19,2500,39.2,3000,39.21,3700,39.22,2300,39.23,400,39.24,2200,39.25,1400
2026-01-16 09:32:41,39.155,39.16,1,39.15,900,39.16,4200,39.16,39.15,39.15,900,39.14,1700,39.13,5600,39.12,6900,39.11,2200,39.1,2600,39.09,1900,,,,,,,39.16,4200,39.17,1500,39.18,4300,39.19,2500,39.2,3000,39.21,3700,39.22,2300,39.23,400,39.24,2200,39.25,1400
2026-01-16 09:32:42,39.155,39.16,1,39.15,1000,39.16,4200,39.16,39.15,39.15,1000,39.14,1700,39.13,5600,39.12,6900,39.11,2200,39.1,2600,39.09,1900,,,,,,,39.16,4200,39.17,1500,39.18,4300,39.19,2500,39.2,3000,39.21,3700,39.22,2300,39.23,400,39.24,2200,39.25,1400
2026-01-16 09:32:43,39.155,39.16,1,39.15,1100,39.16,4200,39.16,39.15,39.15,1100,39.14,1700,39.13,5600,39.12,6900,39.11,2200,39.1,2600,39.09,1900,,,,,,,39.16,4200,39.17,1500,39.18,4300,39.19,2500,39.2,3000,39.21,3700,39.22,2300,39.23,400,39.24,2200,39.25,1400
2026-01-16 09:32:44,39.155,39.16,1,39.15,2100,39.16,4200,39.16,39.15,39.15,2100,39.14,1700,39.13,5600,39.12,6900,39.11,2200,39.1,2600,39.09,1900,,,,,,,39.16,4200,39.17,1500,39.18,4300,39.19,2500,39.2,3000,39.21,3700,39.22,2300,39.23,400,39.24,2200,39.25,1400
2026-01-16 09:32:45,39.155,39.16,1,39.15,2100,39.16,4200,39.16,39.15,39.15,2100,39.14,1700,39.13,5600,39.12,6900,39.11,2200,39.1,2600,39.09,1900,,,,,,,39.16,4200,39.17,1500,39.18,4300,39.19,2500,39.2,3000,39.21,3700,39.22,2300,39.23,400,39.24,2200,39.25,1400
2026-01-16 09:32:46,39.165,39.16,2,39.16,4000,39.17,1600,39.17,39.16,39.16,4000,39.15,4600,39.14,1700,39.13,5600,39.12,6900,39.11,2200,39.1,2600,39.09,1900,,,,,39.17,1600,39.18,4300,39.19,2500,39.2,3000,39.21,3700,39.22,2300,39.23,400,39.24,2200,39.25,1400,39.26,1400
2026-01-16 09:32:47,39.175,39.17,5,39.17,400,39.18,4000,39.18,39.17,39.17,400,39.16,5200,39.15,4600,39.14,1700,39.13,5600,39.12,6900,39.11,2200,39.1,2600,39.09,1900,,,39.18,4000,39.19,2500,39.2,3000,39.21,3700,39.22,2300,39.23,400,39.24,2200,39.25,1400,39.26,1400,39.27,100
2026-01-16 09:32:48,39.175,39.17,5,39.17,400,39.18,4000,39.18,39.17,39.17,400,39.16,5200,39.15,4600,39.14,1700,39.13,5600,39.12,6900,39.11,2200,39.1,2600,39.09,1900,,,39.18,4000,39.19,2500,39.2,3000,39.21,3700,39.22,2300,39.23,400,39.24,2200,39.25,1400,39.26,1400,39.27,100
2026-01-16 09:32:48,39.165,39.17,1,39.16,3700,39.17,700,39.17,39.16,39.16,3700,39.15,4600,39.14,1700,39.13,5600,39.12,6900,39.11,2200,39.1,2600,39.09,1900,,,,,39.17,700,39.18,4800,39.19,2500,39.2,3000,39.21,3700,39.22,2300,39.23,400,39.24,2200,39.25,1400,39.26,1400
2026-01-16 09:32:50,39.175,39.17,30,39.17,600,39.18,4900,39.18,39.17,39.17,600,39.16,3800,39.15,4600,39.14,1700,39.13,5600,39.12,6900,39.11,2200,39.1,2600,39.09,1900,,,39.18,4900,39.19,2500,39.2,3000,39.21,3700,39.22,2300,39.23,400,39.24,2200,39.25,1400,39.26,1400,39.27,100
2026-01-16 09:32:51,39.175,39.17,30,39.17,800,39.18,4900,39.18,39.17,39.17,800,39.16,3800,39.15,4600,39.14,1700,39.13,5600,39.12,6900,39.11,2200,39.1,2600,39.09,1900,,,39.18,4900,39.19,2500,39.2,3000,39.21,3700,39.22,2300,39.23,400,39.24,2200,39.25,1400,39.26,1400,39.27,100
2026-01-16 09:32:52,39.19,39.19,1,39.18,3500,39.2,3000,39.2,39.18,39.18,3500,39.17,3000,39.16,3800,39.15,4600,39.14,1700,39.13,5600,39.12,6900,39.11,2200,39.1,2600,39.09,1900,39.2,3000,39.21,3700,39.22,2300,39.23,400,39.24,2200,39.25,1400,39.26,1400,39.27,100,,,,
2026-01-16 09:32:52,39.195,39.2,3,39.19,1900,39.2,3200,39.2,39.19,39.19,1900,39.18,3500,39.17,3000,39.16,3800,39.15,4600,39.14,1700,39.13,5600,39.12,6900,39.11,2200,39.1,2600,39.2,3200,39.21,3700,39.22,2300,39.23,400,39.24,2200,39.25,1400,39.26,1400,39.27,100,,,,
2026-01-16 09:32:54,39.205,39.2,1,39.2,800,39.21,2800,39.21,39.2,39.2,800,39.19,3000,39.18,3500,39.17,3000,39.16,3800,39.15,4600,39.14,1700,39.13,5600,39.12,6900,39.11,2200,39.21,2800,39.22,2300,39.23,400,39.24,2200,39.25,1400,39.26,1400,39.27,100,,,,,,
2026-01-16 09:32:55,39.215,39.22,1,39.21,1100,39.22,1500,39.22,39.21,39.21,1100,39.2,1100,39.19,3000,39.18,3500,39.17,3000,39.16,3800,39.15,4600,39.14,1700,39.13,5600,39.12,6900,39.22,1500,39.23,400,39.24,2200,39.25,1400,39.26,1400,39.27,100,,,,,,,,
2026-01-16 09:32:56,39.225,39.23,3,39.22,400,39.23,1900,39.23,39.22,39.22,400,39.21,1700,39.2,1100,39.19,3000,39.18,3500,39.17,3000,39.16,3800,39.15,4600,39.14,1700,39.13,5600,39.23,1900,39.24,2200,39.25,1400,39.26,1400,39.27,100,,,,,,,,,,
2026-01-16 09:32:57,39.225,39.23,5,39.22,600,39.23,900,39.23,39.22,39.22,600,39.21,1700,39.2,1100,39.19,3000,39.18,3500,39.17,3000,39.16,3800,39.15,4600,39.14,1700,39.13,5600,39.23,900,39.24,2200,39.25,1400,39.26,1400,39.27,100,,,,,,,,,,
2026-01-16 09:32:58,39.225,39.23,1,39.22,600,39.23,600,39.23,39.22,39.22,600,39.21,1700,39.2,1100,39.19,3000,39.18,3500,39.17,3000,39.16,3800,39.15,4600,39.14,1700,39.13,5600,39.23,600,39.24,2200,39.25,1400,39.26,1400,39.27,100,,,,,,,,,,
2026-01-16 09:32:59,39.235,39.24,1,39.23,2500,39.24,400,39.24,39.23,39.23,2500,39.22,2100,39.21,1700,39.2,1100,39.19,3000,39.18,3500,39.17,3000,39.16,3800,39.15,4600,39.14,1700,39.24,400,39.25,1900,39.26,1400,39.27,100,,,,,,,,,,,,
2026-01-16 09:33:00,39.235,39.24,1,39.23,2500,39.24,600,39.24,39.23,39.23,2500,39.22,2100,39.21,1700,39.2,1100,39.19,3000,39.18,3500,39.17,3000,39.16,3800,39.15,4600,39.14,1700,39.24,600,39.25,1800,39.26,1400,39.27,100,,,,,,,,,,,,
2026-01-16 09:33:01,39.235,39.23,1,39.23,2600,39.24,1000,39.24,39.23,39.23,2600,39.22,2100,39.21,1700,39.2,1100,39.19,3000,39.18,3500,39.17,3000,39.16,3800,39.15,4600,39.14,1700,39.24,1000,39.25,2400,39.26,1400,39.27,100,,,,,,,,,,,,
2026-01-16 09:33:02,39.235,39.24,1,39.23,2300,39.24,1000,39.24,39.23,39.23,2300,39.22,2100,39.21,1700,39.2,1100,39.19,3000,39.18,3500,39.17,3000,39.16,3800,39.15,4600,39.14,1700,39.24,1000,39.25,2400,39.26,1400,39.27,100,,,,,,,,,,,,
2026-01-16 09:33:03,39.215,39.22,2,39.21,2100,39.22,1900,39.22,39.21,39.21,2100,39.2,1100,39.19,3000,39.18,3500,39.17,3000,39.16,3800,39.15,4600,39.14,1700,39.13,5600,39.12,6900,39.22,1900,39.23,3800,39.24,3300,39.25,2400,39.26,1400,39.27,100,,,,,,,,
2026-01-16 09:33:04,39.22,39.22,6,39.21,2100,39.23,3500,39.23,39.21,39.21,2100,39.2,1100,39.19,3000,39.18,3500,39.17,3000,39.16,3800,39.15,4600,39.14,1700,39.13,5600,39.12,6900,39.23,3500,39.24,3300,39.25,2400,39.26,1400,39.27,100,,,,,,,,,,
2026-01-16 09:33:05,39.22,39.22,6,39.21,2100,39.23,3500,39.23,39.21,39.21,2100,39.2,1100,39.19,3000,39.18,3500,39.17,3000,39.16,3800,39.15,4600,39.14,1700,39.13,5600,39.12,6900,39.23,3500,39.24,3300,39.25,2400,39.26,1400,39.27,100,,,,,,,,,,
2026-01-16 09:33:06,39.215,39.21,1,39.21,2700,39.22,2900,39.22,39.21,39.21,2700,39.2,3000,39.19,3000,39.18,3500,39.17,3000,39.16,3800,39.15,4600,39.14,1700,39.13,5600,39.12,6900,39.22,2900,39.23,3300,39.24,3300,39.25,2400,39.26,1400,39.27,100,,,,,,,,
2026-01-16 09:33:07,39.225,39.22,1,39.22,600,39.23,3600,39.23,39.22,39.22,600,39.21,2300,39.2,3000,39.19,3000,39.18,3500,39.17,3000,39.16,3800,39.15,4600,39.14,1700,39.13,5600,39.23,3600,39.24,3300,39.25,2400,39.26,1400,39.27,100,,,,,,,,,,
2026-01-16 09:33:08,39.225,39.23,9,39.22,500,39.23,2300,39.23,39.22,39.22,500,39.21,2300,39.2,3000,39.19,3000,39.18,3500,39.17,3000,39.16,3800,39.15,4600,39.14,1700,39.13,5600,39.23,2300,39.24,3300,39.25,2400,39.26,1400,39.27,100,,,,,,,,,,
2026-01-16 09:33:09,39.225,39.23,1,39.22,800,39.23,1900,39.23,39.22,39.22,800,39.21,2300,39.2,3000,39.19,3000,39.18,3500,39.17,3000,39.16,3800,39.15,4600,39.14,1700,39.13,5600,39.23,1900,39.24,3300,39.25,2400,39.26,1400,39.27,100,,,,,,,,,,
2026-01-16 09:33:10,39.195,39.2,4,39.19,2000,39.2,2300,39.2,39.19,39.19,2000,39.18,3500,39.17,3000,39.16,3800,39.15,4600,39.14,1700,39.13,5600,39.12,6900,39.11,2200,39.1,2600,39.2,2300,39.21,2100,39.22,1800,39.23,2000,39.24,3300,39.25,2400,39.26,1400,39.27,100,,,,
2026-01-16 09:33:11,39.195,39.2,2,39.19,1800,39.2,2300,39.2,39.19,39.19,1800,39.18,3500,39.17,3000,39.16,3800,39.15,4600,39.14,1700,39.13,5600,39.12,6900,39.11,2200,39.1,2600,39.2,2300,39.21,2100,39.22,1800,39.23,2000,39.24,3300,39.25,2400,39.26,1400,39.27,100,,,,
2026-01-16 09:33:12,39.195,39.2,1,39.19,1600,39.2,2800,39.2,39.19,39.19,1600,39.18,3500,39.17,3000,39.16,3800,39.15,4600,39.14,1700,39.13,5600,39.12,6900,39.11,2200,39.1,2600,39.2,2800,39.21,2100,39.22,1800,39.23,2000,39.24,3300,39.25,2400,39.26,1400,39.27,100,,,,
2026-01-16 09:33:13,39.185,39.18,2,39.18,2300,39.19,1800,39.19,39.18,39.18,2300,39.17,3000,39.16,3800,39.15,4600,39.14,1700,39.13,5600,39.12,6900,39.11,2200,39.1,2600,39.09,1900,39.19,1800,39.2,3600,39.21,2100,39.22,1800,39.23,2000,39.24,3300,39.25,2400,39.26,1400,39.27,100,,
2026-01-16 09:33:14,39.195,39.2,1,39.19,3200,39.2,2600,39.2,39.19,39.19,3200,39.18,3100,39.17,3000,39.16,3800,39.15,4600,39.14,1700,39.13,5600,39.12,6900,39.11,2200,39.1,2600,39.2,2600,39.21,4600,39.22,1800,39.23,2000,39.24,3300,39.25,2400,39.26,1400,39.27,100,,,,
2026-01-16 09:33:15,39.195,39.2,1,39.19,3200,39.2,2700,39.2,39.19,39.19,3200,39.18,3100,39.17,3000,39.16,3800,39.15,4600,39.14,1700,39.13,5600,39.12,6900,39.11,2200,39.1,2600,39.2,2700,39.21,4600,39.22,1800,39.23,2000,39.24,3300,39.25,2400,39.26,1400,39.27,100,,,,
2026-01-16 09:33:16,39.195,39.2,2,39.19,3100,39.2,2700,39.2,39.19,39.19,3100,39.18,3100,39.17,3000,39.16,3800,39.15,4600,39.14,1700,39.13,5600,39.12,6900,39.11,2200,39.1,2600,39.2,2700,39.21,4600,39.22,1800,39.23,2000,39.24,3300,39.25,2400,39.26,1400,39.27,100,,,,
2026-01-16 09:33:17,39.215,39.2,8,39.21,2500,39.22,2600,39.22,39.21,39.21,2500,39.2,1600,39.19,3500,39.18,3100,39.17,3000,39.16,3800,39.15,4600,39.14,1700,39.13,5600,39.12,6900,39.22,2600,39.23,2000,39.24,3300,39.25,2400,39.26,1400,39.27,100,,,,,,,,
2026-01-16 09:33:18,39.225,39.15,2,39.22,700,39.23,2700,39.23,39.22,39.22,700,39.21,3900,39.2,1600,39.19,3500,39.18,3100,39.17,3000,39.16,3800,39.15,4600,39.14,1700,39.13,5600,39.23,2700,39.24,3300,39.25,2400,39.26,1400,39.27,100,,,,,,,,,,
2026-01-16 09:33:19,39.215,39.22,1,39.21,3300,39.22,2200,39.22,39.21,39.21,3300,39.2,1600,39.19,3500,39.18,3100,39.17,3000,39.16,3800,39.15,4600,39.14,1700,39.13,5600,39.12,6900,39.22,2200,39.23,3900,39.24,3300,39.25,2400,39.26,1400,39.27,100,,,,,,,,
2026-01-16 09:33:20,39.225,39.23,5,39.22,1900,39.23,2900,39.23,39.22,39.22,1900,39.21,3900,39.2,1600,39.19,3500,39.18,3100,39.17,3000,39.16,3800,39.15,4600,39.14,1700,39.13,5600,39.23,2900,39.24,3300,39.25,2400,39.26,1400,39.27,100,,,,,,,,,,
2026-01-16 09:33:21,39.225,39.22,1,39.22,1800,39.23,2900,39.23,39.22,39.22,1800,39.21,3900,39.2,1600,39.19,3500,39.18,3100,39.17,3000,39.16,3800,39.15,4600,39.14,1700,39.13,5600,39.23,2900,39.24,3300,39.25,2400,39.26,1400,39.27,100,,,,,,,,,,
2026-01-16 09:33:22,39.225,39.22,1,39.22,1900,39.23,2900,39.23,39.22,39.22,1900,39.21,3900,39.2,1600,39.19,3500,39.18,3100,39.17,3000,39.16,3800,39.15,4600,39.14,1700,39.13,5600,39.23,2900,39.24,3300,39.25,2400,39.26,1400,39.27,100,,,,,,,,,,
2026-01-16 09:33:23,39.225,39.22,1,39.22,1800,39.23,2900,39.23,39.22,39.22,1800,39.21,3900,39.2,1600,39.19,3500,39.18,3100,39.17,3000,39.16,3800,39.15,4600,39.14,1700,39.13,5600,39.23,2900,39.24,3300,39.25,2400,39.26,1400,39.27,100,,,,,,,,,,
2026-01-16 09:33:24,39.225,39.23,1,39.22,1700,39.23,2300,39.23,39.22,39.22,1700,39.21,3900,39.2,1600,39.19,3500,39.18,3100,39.17,3000,39.16,3800,39.15,4600,39.14,1700,39.13,5600,39.23,2300,39.24,3300,39.25,2400,39.26,1400,39.27,100,,,,,,,,,,
2026-01-16 09:33:25,39.225,39.23,3,39.22,2700,39.23,2900,39.23,39.22,39.22,2700,39.21,3900,39.2,1600,39.19,3500,39.18,3100,39.17,3000,39.16,3800,39.15,4600,39.14,1700,39.13,5600,39.23,2900,39.24,3300,39.25,2400,39.26,1400,39.27,100,,,,,,,,,,
2026-01-16 09:33:26,39.225,39.23,7,39.22,2600,39.23,3700,39.23,39.22,39.22,2600,39.21,3900,39.2,1600,39.19,3500,39.18,3100,39.17,3000,39.16,3800,39.15,4600,39.14,1700,39.13,5600,39.23,3700,39.24,3300,39.25,2400,39.26,1400,39.27,100,,,,,,,,,,
2026-01-16 09:33:27,39.225,39.23,2,39.22,2600,39.23,3700,39.23,39.22,39.22,2600,39.21,3900,39.2,1600,39.19,3500,39.18,3100,39.17,3000,39.16,3800,39.15,4600,39.14,1700,39.13,5600,39.23,3700,39.24,3300,39.25,2400,39.26,1400,39.27,100,,,,,,,,,,
2026-01-16 09:33:28,39.215,39.22,1,39.21,2600,39.22,1900,39.22,39.21,39.21,2600,39.2,1600,39.19,3500,39.18,3100,39.17,3000,39.16,3800,39.15,4600,39.14,1700,39.13,5600,39.12,6900,39.22,1900,39.23,4800,39.24,3300,39.25,2400,39.26,1400,39.27,100,,,,,,,,
2026-01-16 09:33:29,39.215,39.22,1,39.21,2600,39.22,1800,39.22,39.21,39.21,2600,39.2,1600,39.19,3500,39.18,3100,39.17,3000,39.16,3800,39.15,4600,39.14,1700,39.13,5600,39.12,6900,39.22,1800,39.23,4800,39.24,3300,39.25,2400,39.26,1400,39.27,100,,,,,,,,
2026-01-16 09:33:30,39.215,39.22,1,39.21,2200,39.22,2700,39.22,39.21,39.21,2200,39.2,1600,39.19,3500,39.18,3100,39.17,3000,39.16,3800,39.15,4600,39.14,1700,39.13,5600,39.12,6900,39.22,2700,39.23,4800,39.24,3300,39.25,2400,39.26,1400,39.27,100,,,,,,,,
2026-01-16 09:33:31,39.205,39.21,1,39.2,2700,39.21,1900,39.21,39.2,39.2,2700,39.19,3500,39.18,3100,39.17,3000,39.16,3800,39.15,4600,39.14,1700,39.13,5600,39.12,6900,39.11,2200,39.21,1900,39.22,3000,39.23,4800,39.24,3300,39.25,2400,39.26,1400,39.27,100,,,,,,
2026-01-16 09:33:32,39.215,39.22,1,39.21,1800,39.22,2100,39.22,39.21,39.21,1800,39.2,3500,39.19,3500,39.18,3100,39.17,3000,39.16,3800,39.15,4600,39.14,1700,39.13,5600,39.12,6900,39.22,2100,39.23,4800,39.24,3300,39.25,2400,39.26,1400,39.27,100,,,,,,,,
2026-01-16 09:33:33,39.23,39.23,1,39.22,3300,39.24,3200,39.24,39.22,39.22,3300,39.21,3800,39.2,6400,39.19,3500,39.18,3100,39.17,3000,39.16,3800,39.15,4600,39.14,1700,39.13,5600,39.24,3200,39.25,2400,39.26,1400,39.27,100,,,,,,,,,,,,
2026-01-16 09:33:34,39.225,39.23,1,39.22,800,39.23,2100,39.23,39.22,39.22,800,39.21,2500,39.2,6400,39.19,3500,39.18,3100,39.17,3000,39.16,3800,39.15,4600,39.14,1700,39.13,5600,39.23,2100,39.24,2800,39.25,3600,39.26,1400,39.27,100,,,,,,,,,,
2026-01-16 09:33:35,39.225,39.23,1,39.22,800,39.23,2100,39.23,39.22,39.22,800,39.21,2500,39.2,6400,39.19,3500,39.18,3100,39.17,3000,39.16,3800,39.15,4600,39.14,1700,39.13,5600,39.23,2100,39.24,2800,39.25,3600,39.26,1400,39.27,100,,,,,,,,,,
2026-01-16 09:33:36,39.225,39.23,5,39.22,900,39.23,2100,39.23,39.22,39.22,900,39.21,2500,39.2,6400,39.19,3500,39.18,3100,39.17,3000,39.16,3800,39.15,4600,39.14,1700,39.13,5600,39.23,2100,39.24,2800,39.25,3600,39.26,1400,39.27,100,,,,,,,,,,
2026-01-16 09:33:37,39.225,39.23,5,39.22,1400,39.23,1200,39.23,39.22,39.22,1400,39.21,2500,39.2,6400,39.19,3500,39.18,3100,39.17,3000,39.16,3800,39.15,4600,39.14,1700,39.13,5600,39.23,1200,39.24,2800,39.25,3600,39.26,1400,39.27,100,,,,,,,,,,
2026-01-16 09:33:38,39.225,39.23,5,39.22,1500,39.23,900,39.23,39.22,39.22,1500,39.21,2500,39.2,6400,39.19,3500,39.18,3100,39.17,3000,39.16,3800,39.15,4600,39.14,1700,39.13,5600,39.23,900,39.24,2800,39.25,3600,39.26,1400,39.27,100,,,,,,,,,,
2026-01-16 09:33:39,39.225,39.23,5,39.22,1500,39.23,1000,39.23,39.22,39.22,1500,39.21,2500,39.2,6400,39.19,3500,39.18,3100,39.17,3000,39.16,3800,39.15,4600,39.14,1700,39.13,5600,39.23,1000,39.24,2800,39.25,3600,39.26,1400,39.27,100,,,,,,,,,,
2026-01-16 09:33:40,39.225,39.23,5,39.22,1400,39.23,2200,39.23,39.22,39.22,1400,39.21,2500,39.2,6400,39.19,3500,39.18,3100,39.17,3000,39.16,3800,39.15,4600,39.14,1700,39.13,5600,39.23,2200,39.24,2800,39.25,3600,39.26,1400,39.27,100,,,,,,,,,,
2026-01-16 09:33:41,39.225,39.22,20,39.22,1400,39.23,2200,39.23,39.22,39.22,1400,39.21,2500,39.2,6400,39.19,3500,39.18,3100,39.17,3000,39.16,3800,39.15,4600,39.14,1700,39.13,5600,39.23,2200,39.24,2800,39.25,3600,39.26,1400,39.27,100,,,,,,,,,,
2026-01-16 09:33:42,39.225,39.18,1,39.22,1400,39.23,2600,39.23,39.22,39.22,1400,39.21,2500,39.2,6400,39.19,3500,39.18,3100,39.17,3000,39.16,3800,39.15,4600,39.14,1700,39.13,5600,39.23,2600,39.24,2800,39.25,3600,39.26,1400,39.27,100,,,,,,,,,,
2026-01-16 09:33:43,39.225,39.23,5,39.22,1400,39.23,2500,39.23,39.22,39.22,1400,39.21,2500,39.2,6400,39.19,3500,39.18,3100,39.17,3000,39.16,3800,39.15,4600,39.14,1700,39.13,5600,39.23,2500,39.24,2800,39.25,3600,39.26,1400,39.27,100,,,,,,,,,,
2026-01-16 09:33:44,39.225,39.23,2,39.22,2300,39.23,2500,39.23,39.22,39.22,2300,39.21,2500,39.2,6400,39.19,3500,39.18,3100,39.17,3000,39.16,3800,39.15,4600,39.14,1700,39.13,5600,39.23,2500,39.24,2800,39.25,3600,39.26,1400,39.27,100,,,,,,,,,,
2026-01-16 09:33:45,39.225,39.22,5,39.22,2300,39.23,2700,39.23,39.22,39.22,2300,39.21,2500,39.2,6400,39.19,3500,39.18,3100,39.17,3000,39.16,3800,39.15,4600,39.14,1700,39.13,5600,39.23,2700,39.24,2800,39.25,3600,39.26,1400,39.27,100,,,,,,,,,,
2026-01-16 09:33:46,39.215,39.22,1,39.21,2500,39.22,3600,39.22,39.21,39.21,2500,39.2,6400,39.19,3500,39.18,3100,39.17,3000,39.16,3800,39.15,4600,39.14,1700,39.13,5600,39.12,6900,39.22,3600,39.23,4500,39.24,2800,39.25,3600,39.26,1400,39.27,100,,,,,,,,
2026-01-16 09:33:47,39.215,39.22,1,39.21,2600,39.22,3000,39.22,39.21,39.21,2600,39.2,6400,39.19,3500,39.18,3100,39.17,3000,39.16,3800,39.15,4600,39.14,1700,39.13,5600,39.12,6900,39.22,3000,39.23,4500,39.24,2800,39.25,3600,39.26,1400,39.27,100,,,,,,,,
2026-01-16 09:33:48,39.215,39.21,7,39.21,2700,39.22,2500,39.22,39.21,39.21,2700,39.2,6400,39.19,3500,39.18,3100,39.17,3000,39.16,3800,39.15,4600,39.14,1700,39.13,5600,39.12,6900,39.22,2500,39.23,4500,39.24,2800,39.25,3600,39.26,1400,39.27,100,,,,,,,,
2026-01-16 09:33:49,39.215,39.22,1,39.21,2700,39.22,2800,39.22,39.21,39.21,2700,39.2,6400,39.19,3500,39.18,3100,39.17,3000,39.16,3800,39.15,4600,39.14,1700,39.13,5600,39.12,6900,39.22,2800,39.23,4500,39.24,2800,39.25,3600,39.26,1400,39.27,100,,,,,,,,
2026-01-16 09:33:50,39.215,39.22,1,39.21,1000,39.22,3500,39.22,39.21,39.21,1000,39.2,6400,39.19,3500,39.18,3100,39.17,3000,39.16,3800,39.15,4600,39.14,1700,39.13,5600,39.12,6900,39.22,3500,39.23,4500,39.24,2800,39.25,3600,39.26,1400,39.27,100,,,,,,,,
2026-01-16 09:33:51,39.215,39.22,1,39.21,1800,39.22,3500,39.22,39.21,39.21,1800,39.2,6400,39.19,3500,39.18,3100,39.17,3000,39.16,3800,39.15,4600,39.14,1700,39.13,5600,39.12,6900,39.22,3500,39.23,4500,39.24,2800,39.25,3600,39.26,1400,39.27,100,,,,,,,,
2026-01-16 09:33:52,39.215,39.22,2,39.21,1800,39.22,3200,39.22,39.21,39.21,1800,39.2,6400,39.19,3500,39.18,3100,39.17,3000,39.16,3800,39.15,4600,39.14,1700,39.13,5600,39.12,6900,39.22,3200,39.23,4500,39.24,2800,39.25,3600,39.26,1400,39.27,100,,,,,,,,
2026-01-16 09:33:53,39.215,39.21,5,39.21,1400,39.22,3200,39.22,39.21,39.21,1400,39.2,6400,39.19,3500,39.18,3100,39.17,3000,39.16,3800,39.15,4600,39.14,1700,39.13,5600,39.12,6900,39.22,3200,39.23,4500,39.24,2800,39.25,3600,39.26,1400,39.27,100,,,,,,,,
2026-01-16 09:33:54,39.215,39.21,5,39.21,1400,39.22,3200,39.22,39.21,39.21,1400,39.2,6400,39.19,3500,39.18,3100,39.17,3000,39.16,3800,39.15,4600,39.14,1700,39.13,5600,39.12,6900,39.22,3200,39.23,4500,39.24,2800,39.25,3600,39.26,1400,39.27,100,,,,,,,,
2026-01-16 09:33:55,39.215,39.21,5,39.21,1400,39.22,3200,39.22,39.21,39.21,1400,39.2,6400,39.19,3500,39.18,3100,39.17,3000,39.16,3800,39.15,4600,39.14,1700,39.13,5600,39.12,6900,39.22,3200,39.23,4500,39.24,2800,39.25,3600,39.26,1400,39.27,100,,,,,,,,
2026-01-16 09:33:56,39.215,39.22,1,39.21,1400,39.22,3200,39.22,39.21,39.21,1400,39.2,6400,39.19,3500,39.18,3100,39.17,3000,39.16,3800,39.15,4600,39.14,1700,39.13,5600,39.12,6900,39.22,3200,39.23,4500,39.24,2800,39.25,3600,39.26,1400,39.27,100,,,,,,,,
2026-01-16 09:33:57,39.215,39.22,1,39.21,1700,39.22,3200,39.22,39.21,39.21,1700,39.2,6400,39.19,3500,39.18,3100,39.17,3000,39.16,3800,39.15,4600,39.14,1700,39.13,5600,39.12,6900,39.22,3200,39.23,4500,39.24,2800,39.25,3600,39.26,1400,39.27,100,,,,,,,,
2026-01-16 09:33:58,39.205,39.21,1,39.2,9700,39.21,3000,39.21,39.2,39.2,9700,39.19,3500,39.18,3100,39.17,3000,39.16,3800,39.15,4600,39.14,1700,39.13,5600,39.12,6900,39.11,2200,39.21,3000,39.22,3200,39.23,4500,39.24,2800,39.25,3600,39.26,1400,39.27,100,,,,,,
2026-01-16 09:33:59,39.205,39.2,2,39.2,9600,39.21,3000,39.21,39.2,39.2,9600,39.19,3500,39.18,3100,39.17,3000,39.16,3800,39.15,4600,39.14,1700,39.13,5600,39.12,6900,39.11,2200,39.21,3000,39.22,3200,39.23,4500,39.24,2800,39.25,3600,39.26,1400,39.27,100,,,,,,
2026-01-16 09:34:00,39.205,39.2,2,39.2,9600,39.21,2900,39.21,39.2,39.2,9600,39.19,3500,39.18,3100,39.17,3000,39.16,3800,39.15,4600,39.14,1700,39.13,5600,39.12,6900,39.11,2200,39.21,2900,39.22,3200,39.23,4500,39.24,2800,39.25,3600,39.26,1400,39.27,100,,,,,,
2026-01-16 09:34:01,39.205,39.21,20,39.2,9600,39.21,4000,39.21,39.2,39.2,9600,39.19,3500,39.18,3100,39.17,3000,39.16,3800,39.15,4600,39.14,1700,39.13,5600,39.12,6900,39.11,2200,39.21,4000,39.22,3200,39.23,4500,39.24,2800,39.25,3600,39.26,1400,39.27,100,,,,,,
2026-01-16 09:34:02,39.205,39.21,20,39.2,9600,39.21,3900,39.21,39.2,39.2,9600,39.19,3500,39.18,3100,39.17,3000,39.16,3800,39.15,4600,39.14,1700,39.13,5600,39.12,6900,39.11,2200,39.21,3900,39.22,3200,39.23,4500,39.24,2800,39.25,3600,39.26,1400,39.27,100,,,,,,
2026-01-16 09:34:03,39.205,39.21,1,39.2,12000,39.21,4100,39.21,39.2,39.2,12000,39.19,3500,39.18,3100,39.17,3000,39.16,3800,39.15,4600,39.14,1700,39.13,5600,39.12,6900,39.11,2200,39.21,4100,39.22,3200,39.23,4500,39.24,2800,39.25,3600,39.26,1400,39.27,100,,,,,,
2026-01-16 09:34:04,39.205,39.2,1,39.2,12000,39.21,2000,39.21,39.2,39.2,12000,39.19,3500,39.18,3100,39.17,3000,39.16,3800,39.15,4600,39.14,1700,39.13,5600,39.12,6900,39.11,2200,39.21,2000,39.22,3200,39.23,4500,39.24,2800,39.25,3600,39.26,1400,39.27,100,,,,,,
2026-01-16 09:34:05,39.195,39.2,2,39.19,4800,39.2,3000,39.2,39.19,39.19,4800,39.18,3100,39.17,3000,39.16,3800,39.15,4600,39.14,1700,39.13,5600,39.12,6900,39.11,2200,39.1,2600,39.2,3000,39.21,5800,39.22,3200,39.23,4500,39.24,2800,39.25,3600,39.26,1400,39.27,100,,,,
2026-01-16 09:34:06,39.185,39.19,2,39.18,3400,39.19,2700,39.19,39.18,39.18,3400,39.17,3000,39.16,3800,39.15,4600,39.14,1700,39.13,5600,39.12,6900,39.11,2200,39.1,2600,39.09,1900,39.19,2700,39.2,4200,39.21,5800,39.22,3200,39.23,4500,39.24,2800,39.25,3600,39.26,1400,39.27,100,,
2026-01-16 09:34:07,39.185,39.19,2,39.18,3400,39.19,2800,39.19,39.18,39.18,3400,39.17,3000,39.16,3800,39.15,4600,39.14,1700,39.13,5600,39.12,6900,39.11,2200,39.1,2600,39.09,1900,39.19,2800,39.2,4200,39.21,5800,39.22,3200,39.23,4500,39.24,2800,39.25,3600,39.26,1400,39.27,100,,
2026-01-16 09:34:08,39.185,39.18,1,39.18,2100,39.19,4700,39.19,39.18,39.18,2100,39.17,14200,39.16,3800,39.15,4600,39.14,1700,39.13,5600,39.12,6900,39.11,2200,39.1,2600,39.09,1900,39.19,4700,39.2,4200,39.21,5800,39.22,3200,39.23,4500,39.24,2800,39.25,3600,39.26,1400,39.27,100,,
2026-01-16 09:34:09,39.185,39.18,5,39.18,2800,39.19,3400,39.19,39.18,39.18,2800,39.17,14900,39.16,3800,39.15,4600,39.14,1700,39.13,5600,39.12,6900,39.11,2200,39.1,2600,39.09,1900,39.19,3400,39.2,4200,39.21,5800,39.22,3200,39.23,4500,39.24,2800,39.25,3600,39.26,1400,39.27,100,,
2026-01-16 09:34:10,39.185,39.18,5,39.18,600,39.19,3400,39.19,39.18,39.18,600,39.17,14900,39.16,3800,39.15,4600,39.14,1700,39.13,5600,39.12,6900,39.11,2200,39.1,2600,39.09,1900,39.19,3400,39.2,4200,39.21,5800,39.22,3200,39.23,4500,39.24,2800,39.25,3600,39.26,1400,39.27,100,,
2026-01-16 09:34:11,39.185,39.18,5,39.18,1800,39.19,3400,39.19,39.18,39.18,1800,39.17,14900,39.16,3800,39.15,4600,39.14,1700,39.13,5600,39.12,6900,39.11,2200,39.1,2600,39.09,1900,39.19,3400,39.2,4200,39.21,5800,39.22,3200,39.23,4500,39.24,2800,39.25,3600,39.26,1400,39.27,100,,
2026-01-16 09:34:12,39.19,39.19,1,39.19,800,39.19,200,39.19,39.19,39.19,800,39.18,3900,39.17,14400,39.16,3800,39.15,4600,39.14,1700,39.13,5600,39.12,6900,39.11,2200,39.1,2600,39.19,200,39.2,5200,39.21,5800,39.22,3200,39.23,4500,39.24,2800,39.25,3600,39.26,1400,39.27,100,,
2026-01-16 09:34:13,39.185,39.19,1,39.18,3200,39.19,1600,39.19,39.18,39.18,3200,39.17,14400,39.16,3800,39.15,4600,39.14,1700,39.13,5600,39.12,6900,39.11,2200,39.1,2600,39.09,1900,39.19,1600,39.2,4600,39.21,5800,39.22,3200,39.23,4500,39.24,2800,39.25,3600,39.26,1400,39.27,100,,
2026-01-16 09:34:14,39.185,39.19,1,39.18,3200,39.19,1400,39.19,39.18,39.18,3200,39.17,14400,39.16,3800,39.15,4600,39.14,1700,39.13,5600,39.12,6900,39.11,2200,39.1,2600,39.09,1900,39.19,1400,39.2,4600,39.21,5800,39.22,3200,39.23,4500,39.24,2800,39.25,3600,39.26,1400,39.27,100,,
2026-01-16 09:34:15,39.185,39.18,1,39.18,3200,39.19,2200,39.19,39.18,39.18,3200,39.17,14400,39.16,3800,39.15,4600,39.14,1700,39.13,5600,39.12,6900,39.11,2200,39.1,2600,39.09,1900,39.19,2200,39.2,4600,39.21,5800,39.22,3200,39.23,4500,39.24,2800,39.25,3600,39.26,1400,39.27,100,,
2026-01-16 09:34:16,39.185,39.19,5,39.18,3200,39.19,2200,39.19,39.18,39.18,3200,39.17,14400,39.16,3800,39.15,4600,39.14,1700,39.13,5600,39.12,6900,39.11,2200,39.1,2600,39.09,1900,39.19,2200,39.2,4600,39.21,5800,39.22,3200,39.23,4500,39.24,2800,39.25,3600,39.26,1400,39.27,100,,
2026-01-16 09:34:17,39.185,39.19,9,39.18,3200,39.19,2300,39.19,39.18,39.18,3200,39.17,14400,39.16,3800,39.15,4600,39.14,1700,39.13,5600,39.12,6900,39.11,2200,39.1,2600,39.09,1900,39.19,2300,39.2,4600,39.21,5800,39.22,3200,39.23,4500,39.24,2800,39.25,3600,39.26,1400,39.27,100,,
2026-01-16 09:34:18,39.175,39.18,1,39.17,14200,39.18,1300,39.18,39.17,39.17,14200,39.16,3800,39.15,4600,39.14,1700,39.13,5600,39.12,6900,39.11,2200,39.1,2600,39.09,1900,,,39.18,1300,39.19,2400,39.2,4600,39.21,5800,39.22,3200,39.23,4500,39.24,2800,39.25,3600,39.26,1400,39.27,100
2026-01-16 09:34:19,39.185,39.19,1,39.18,4000,39.19,1100,39.19,39.18,39.18,4000,39.17,14700,39.16,3800,39.15,4600,39.14,1700,39.13,5600,39.12,6900,39.11,2200,39.1,2600,39.09,1900,39.19,1100,39.2,4600,39.21,5800,39.22,3200,39.23,4500,39.24,2800,39.25,3600,39.26,1400,39.27,100,,
2026-01-16 09:34:20,39.185,39.18,1,39.18,3700,39.19,1400,39.19,39.18,39.18,3700,39.17,14700,39.16,3800,39.15,4600,39.14,1700,39.13,5600,39.12,6900,39.11,2200,39.1,2600,39.09,1900,39.19,1400,39.2,4600,39.21,5800,39.22,3200,39.23,4500,39.24,2800,39.25,3600,39.26,1400,39.27,100,,
2026-01-16 09:34:21,39.185,39.19,2,39.18,2700,39.19,2900,39.19,39.18,39.18,2700,39.17,14700,39.16,3800,39.15,4600,39.14,1700,39.13,5600,39.12,6900,39.11,2200,39.1,2600,39.09,1900,39.19,2900,39.2,4600,39.21,5800,39.22,3200,39.23,4500,39.24,2800,39.25,3600,39.26,1400,39.27,100,,
2026-01-16 09:34:22,39.185,39.18,2,39.18,2600,39.19,2100,39.19,39.18,39.18,2600,39.17,14700,39.16,3800,39.15,4600,39.14,1700,39.13,5600,39.12,6900,39.11,2200,39.1,2600,39.09,1900,39.19,2100,39.2,4600,39.21,5800,39.22,3200,39.23,4500,39.24,2800,39.25,3600,39.26,1400,39.27,100,,
2026-01-16 09:34:23,39.175,39.17,1,39.17,14200,39.18,3000,39.18,39.17,39.17,14200,39.16,3800,39.15,4600,39.14,1700,39.13,5600,39.12,6900,39.11,2200,39.1,2600,39.09,1900,,,39.18,3000,39.19,6100,39.2,4600,39.21,5800,39.22,3200,39.23,4500,39.24,2800,39.25,3600,39.26,1400,39.27,100
2026-01-16 09:34:24,39.175,39.17,2,39.17,14200,39.18,2700,39.18,39.17,39.17,14200,39.16,3800,39.15,4600,39.14,1700,39.13,5600,39.12,6900,39.11,2200,39.1,2600,39.09,1900,,,39.18,2700,39.19,6100,39.2,4600,39.21,5800,39.22,3200,39.23,4500,39.24,2800,39.25,3600,39.26,1400,39.27,100
2026-01-16 09:34:25,39.175,39.17,5,39.17,2500,39.18,2700,39.18,39.17,39.17,2500,39.16,4100,39.15,4600,39.14,1700,39.13,5600,39.12,6900,39.11,2200,39.1,2600,39.09,1900,,,39.18,2700,39.19,6100,39.2,4600,39.21,5800,39.22,3200,39.23,4500,39.24,2800,39.25,3600,39.26,1400,39.27,100
2026-01-16 09:34:26,39.175,39.18,4,39.17,3600,39.18,1000,39.18,39.17,39.17,3600,39.16,4100,39.15,4600,39.14,1700,39.13,5600,39.12,6900,39.11,2200,39.1,2600,39.09,1900,,,39.18,1000,39.19,7400,39.2,4600,39.21,5800,39.22,3200,39.23,4500,39.24,2800,39.25,3600,39.26,1400,39.27,100
2026-01-16 09:34:27,39.175,39.17,2,39.17,2900,39.18,2600,39.18,39.17,39.17,2900,39.16,4100,39.15,4600,39.14,1700,39.13,5600,39.12,6900,39.11,2200,39.1,2600,39.09,1900,,,39.18,2600,39.19,7400,39.2,4600,39.21,5800,39.22,3200,39.23,4500,39.24,2800,39.25,3600,39.26,1400,39.27,100
2026-01-16 09:34:28,39.165,39.17,1,39.16,3700,39.17,1900,39.17,39.16,39.16,3700,39.15,4600,39.14,1700,39.13,5600,39.12,6900,39.11,2200,39.1,2600,39.09,1900,,,,,39.17,1900,39.18,2600,39.19,7400,39.2,4600,39.21,5800,39.22,3200,39.23,4500,39.24,2800,39.25,3600,39.26,1400
2026-01-16 09:34:29,39.165,39.17,1,39.16,3700,39.17,1800,39.17,39.16,39.16,3700,39.15,4600,39.14,1700,39.13,5600,39.12,6900,39.11,2200,39.1,2600,39.09,1900,,,,,39.17,1800,39.18,2600,39.19,7400,39.2,4600,39.21,5800,39.22,3200,39.23,4500,39.24,2800,39.25,3600,39.26,1400
2026-01-16 09:34:30,39.165,39.17,1,39.16,3700,39.17,1900,39.17,39.16,39.16,3700,39.15,4600,39.14,1700,39.13,5600,39.12,6900,39.11,2200,39.1,2600,39.09,1900,,,,,39.17,1900,39.18,2600,39.19,7400,39.2,4600,39.21,5800,39.22,3200,39.23,4500,39.24,2800,39.25,3600,39.26,1400
2026-01-16 09:34:31,39.155,39.16,2,39.15,9600,39.16,3500,39.16,39.15,39.15,9600,39.14,1700,39.13,5600,39.12,6900,39.11,2200,39.1,2600,39.09,1900,,,,,,,39.16,3500,39.17,3600,39.18,2600,39.19,7400,39.2,4600,39.21,5800,39.22,3200,39.23,4500,39.24,2800,39.25,3600
2026-01-16 09:34:32,39.155,39.16,1,39.15,9600,39.16,4500,39.16,39.15,39.15,9600,39.14,1700,39.13,5600,39.12,6900,39.11,2200,39.1,2600,39.09,1900,,,,,,,39.16,4500,39.17,3600,39.18,2600,39.19,7400,39.2,4600,39.21,5800,39.22,3200,39.23,4500,39.24,2800,39.25,3600
2026-01-16 09:34:33,39.155,39.16,1,39.15,9600,39.16,4300,39.16,39.15,39.15,9600,39.14,1700,39.13,5600,39.12,6900,39.11,2200,39.1,2600,39.09,1900,,,,,,,39.16,4300,39.17,3600,39.18,2600,39.19,7400,39.2,4600,39.21,5800,39.22,3200,39.23,4500,39.24,2800,39.25,3600
2026-01-16 09:34:34,39.165,39.17,1,39.16,3500,39.17,2300,39.17,39.16,39.16,3500,39.15,9600,39.14,1700,39.13,5600,39.12,6900,39.11,2200,39.1,2600,39.09,1900,,,,,39.17,2300,39.18,2600,39.19,7400,39.2,4600,39.21,5800,39.22,3200,39.23,4500,39.24,2800,39.25,3600,39.26,1400
2026-01-16 09:34:35,39.165,39.17,1,39.16,3500,39.17,2400,39.17,39.16,39.16,3500,39.15,9600,39.14,1700,39.13,5600,39.12,6900,39.11,2200,39.1,2600,39.09,1900,,,,,39.17,2400,39.18,2600,39.19,7400,39.2,4600,39.21,5800,39.22,3200,39.23,4500,39.24,2800,39.25,3600,39.26,1400
2026-01-16 09:34:36,39.165,39.16,1,39.16,2300,39.17,3600,39.17,39.16,39.16,2300,39.15,9600,39.14,1700,39.13,5600,39.12,6900,39.11,2200,39.1,2600,39.09,1900,,,,,39.17,3600,39.18,2600,39.19,7400,39.2,4600,39.21,5800,39.22,3200,39.23,4500,39.24,2800,39.25,3600,39.26,1400
2026-01-16 09:34:37,39.155,39.16,1,39.15,9600,39.16,1100,39.16,39.15,39.15,9600,39.14,1700,39.13,5600,39.12,6900,39.11,2200,39.1,2600,39.09,1900,,,,,,,39.16,1100,39.17,3600,39.18,2600,39.19,7400,39.2,4600,39.21,5800,39.22,3200,39.23,4500,39.24,2800,39.25,3600
2026-01-16 09:34:38,39.165,39.16,10,39.16,700,39.17,3400,39.17,39.16,39.16,700,39.15,9600,39.14,1700,39.13,5600,39.12,6900,39.11,2200,39.1,2600,39.09,1900,,,,,39.17,3400,39.18,2600,39.19,7400,39.2,4600,39.21,5800,39.22,3200,39.23,4500,39.24,2800,39.25,3600,39.26,1400
2026-01-16 09:34:39,39.165,39.16,1,39.16,800,39.17,3700,39.17,39.16,39.16,800,39.15,9600,39.14,1700,39.13,5600,39.12,6900,39.11,2200,39.1,2600,39.09,1900,,,,,39.17,3700,39.18,2600,39.19,7400,39.2,4600,39.21,5800,39.22,3200,39.23,4500,39.24,2800,39.25,3600,39.26,1400
2026-01-16 09:34:40,39.165,39.16,1,39.16,1300,39.17,3400,39.17,39.16,39.16,1300,39.15,9600,39.14,1700,39.13,5600,39.12,6900,39.11,2200,39.1,2600,39.09,1900,,,,,39.17,3400,39.18,2600,39.19,7400,39.2,4600,39.21,5800,39.22,3200,39.23,4500,39.24,2800,39.25,3600,39.26,1400
2026-01-16 09:34:41,39.165,39.16,1,39.16,1000,39.17,3500,39.17,39.16,39.16,1000,39.15,9600,39.14,1700,39.13,5600,39.12,6900,39.11,2200,39.1,2600,39.09,1900,,,,,39.17,3500,39.18,2600,39.19,7400,39.2,4600,39.21,5800,39.22,3200,39.23,4500,39.24,2800,39.25,3600,39.26,1400
2026-01-16 09:34:42,39.165,39.16,1,39.16,600,39.17,3500,39.17,39.16,39.16,600,39.15,9600,39.14,1700,39.13,5600,39.12,6900,39.11,2200,39.1,2600,39.09,1900,,,,,39.17,3500,39.18,2600,39.19,7400,39.2,4600,39.21,5800,39.22,3200,39.23,4500,39.24,2800,39.25,3600,39.26,1400
2026-01-16 09:34:43,39.165,39.17,1,39.16,600,39.17,3500,39.17,39.16,39.16,600,39.15,9600,39.14,1700,39.13,5600,39.12,6900,39.11,2200,39.1,2600,39.09,1900,,,,,39.17,3500,39.18,2600,39.19,7400,39.2,4600,39.21,5800,39.22,3200,39.23,4500,39.24,2800,39.25,3600,39.26,1400
2026-01-16 09:34:44,39.155,39.16,1,39.15,9600,39.16,1500,39.16,39.15,39.15,9600,39.14,1700,39.13,5600,39.12,6900,39.11,2200,39.1,2600,39.09,1900,,,,,,,39.16,1500,39.17,3500,39.18,2600,39.19,7400,39.2,4600,39.21,5800,39.22,3200,39.23,4500,39.24,2800,39.25,3600
2026-01-16 09:34:45,39.145,39.15,1,39.14,2100,39.15,2000,39.15,39.14,39.14,2100,39.13,5600,39.12,6900,39.11,2200,39.1,2600,39.09,1900,,,,,,,,,39.15,2000,39.16,4200,39.17,3500,39.18,2600,39.19,7400,39.2,4600,39.21,5800,39.22,3200,39.23,4500,39.24,2800
2026-01-16 09:34:46,39.125,39.13,1,39.12,5800,39.13,2800,39.13,39.12,39.12,5800,39.11,2200,39.1,2600,39.09,1900,,,,,,,,,,,,,39.13,2800,39.14,4000,39.15,3400,39.16,4200,39.17,3500,39.18,2600,39.19,7400,39.2,4600,39.21,5800,39.22,3200
2026-01-16 09:34:47,39.125,39.12,2,39.12,5400,39.13,2800,39.13,39.12,39.12,5400,39.11,2200,39.1,2600,39.09,1900,,,,,,,,,,,,,39.13,2800,39.14,4000,39.15,3400,39.16,4200,39.17,3500,39.18,2600,39.19,7400,39.2,4600,39.21,5800,39.22,3200
2026-01-16 09:34:48,39.125,39.12,10,39.12,5500,39.13,2600,39.13,39.12,39.12,5500,39.11,2200,39.1,2600,39.09,1900,,,,,,,,,,,,,39.13,2600,39.14,4000,39.15,3400,39.16,4200,39.17,3500,39.18,2600,39.19,7400,39.2,4600,39.21,5800,39.22,3200
2026-01-16 09:34:49,39.125,39.12,10,39.12,5500,39.13,3000,39.13,39.12,39.12,5500,39.11,2200,39.1,2600,39.09,1900,,,,,,,,,,,,,39.13,3000,39.14,4000,39.15,3400,39.16,4200,39.17,3500,39.18,2600,39.19,7400,39.2,4600,39.21,5800,39.22,3200
2026-01-16 09:34:50,39.125,39.19,1,39.12,5600,39.13,3000,39.13,39.12,39.12,5600,39.11,2200,39.1,2600,39.09,1900,,,,,,,,,,,,,39.13,3000,39.14,4000,39.15,3400,39.16,4200,39.17,3500,39.18,2600,39.19,7400,39.2,4600,39.21,5800,39.22,3200
2026-01-16 09:34:51,39.125,39.12,7,39.12,5600,39.13,3000,39.13,39.12,39.12,5600,39.11,2200,39.1,2600,39.09,1900,,,,,,,,,,,,,39.13,3000,39.14,4000,39.15,3400,39.16,4200,39.17,3500,39.18,2600,39.19,7400,39.2,4600,39.21,5800,39.22,3200
2026-01-16 09:34:52,39.135,39.13,1,39.13,600,39.14,4900,39.14,39.13,39.13,600,39.12,6700,39.11,2200,39.1,2600,39.09,1900,,,,,,,,,,,39.14,4900,39.15,3400,39.16,4200,39.17,3500,39.18,2600,39.19,7400,39.2,4600,39.21,5800,39.22,3200,39.23,4500
2026-01-16 09:34:53,39.125,39.13,2,39.12,6900,39.13,1200,39.13,39.12,39.12,6900,39.11,2200,39.1,2600,39.09,1900,,,,,,,,,,,,,39.13,1200,39.14,3200,39.15,3400,39.16,4200,39.17,3500,39.18,2600,39.19,7400,39.2,4600,39.21,5800,39.22,3200
2026-01-16 09:34:54,39.125,39.13,2,39.12,7000,39.13,1100,39.13,39.12,39.12,7000,39.11,2200,39.1,2600,39.09,1900,,,,,,,,,,,,,39.13,1100,39.14,3200,39.15,3400,39.16,4200,39.17,3500,39.18,2600,39.19,7400,39.2,4600,39.21,5800,39.22,3200
2026-01-16 09:34:55,39.125,39.13,1,39.12,6900,39.13,1500,39.13,39.12,39.12,6900,39.11,2200,39.1,2600,39.09,1900,,,,,,,,,,,,,39.13,1500,39.14,3200,39.15,3400,39.16,4200,39.17,3500,39.18,2600,39.19,7400,39.2,4600,39.21,5800,39.22,3200
2026-01-16 09:34:56,39.125,39.12,2,39.12,2800,39.13,3700,39.13,39.12,39.12,2800,39.11,2200,39.1,2600,39.09,1900,,,,,,,,,,,,,39.13,3700,39.14,3200,39.15,3400,39.16,4200,39.17,3500,39.18,2600,39.19,7400,39.2,4600,39.21,5800,39.22,3200
2026-01-16 09:34:57,39.135,39.13,1,39.13,1300,39.14,3300,39.14,39.13,39.13,1300,39.12,6100,39.11,2200,39.1,2600,39.09,1900,,,,,,,,,,,39.14,3300,39.15,3400,39.16,4200,39.17,3500,39.18,2600,39.19,7400,39.2,4600,39.21,5800,39.22,3200,39.23,4500
2026-01-16 09:34:58,39.135,39.13,4,39.13,2400,39.14,2700,39.14,39.13,39.13,2400,39.12,3800,39.11,2200,39.1,2600,39.09,1900,,,,,,,,,,,39.14,2700,39.15,3400,39.16,4200,39.17,3500,39.18,2600,39.19,7400,39.2,4600,39.21,5800,39.22,3200,39.23,4500
2026-01-16 09:34:59,39.135,39.13,4,39.13,2400,39.14,2600,39.14,39.13,39.13,2400,39.12,3800,39.11,2200,39.1,2600,39.09,1900,,,,,,,,,,,39.14,2600,39.15,3400,39.16,4200,39.17,3500,39.18,2600,39.19,7400,39.2,4600,39.21,5800,39.22,3200,39.23,4500
2026-01-16 09:35:00,39.135,39.13,6,39.13,3000,39.14,3000,39.14,39.13,39.13,3000,39.12,3800,39.11,2200,39.1,2600,39.09,1900,,,,,,,,,,,39.14,3000,39.15,3400,39.16,4200,39.17,3500,39.18,2600,39.19,7400,39.2,4600,39.21,5800,39.22,3200,39.23,4500
2026-01-16 09:35:01,39.125,39.13,9,39.12,3900,39.13,3100,39.13,39.12,39.12,3900,39.11,2200,39.1,2600,39.09,1900,,,,,,,,,,,,,39.13,3100,39.14,5100,39.15,3400,39.16,4200,39.17,3500,39.18,2600,39.19,7400,39.2,4600,39.21,5800,39.22,3200
2026-01-16 09:35:02,39.125,39.12,1,39.12,3000,39.13,4200,39.13,39.12,39.12,3000,39.11,2200,39.1,2600,39.09,1900,,,,,,,,,,,,,39.13,4200,39.14,5100,39.15,3400,39.16,4200,39.17,3500,39.18,2600,39.19,7400,39.2,4600,39.21,5800,39.22,3200
2026-01-16 09:35:03,39.125,39.13,1,39.12,3000,39.13,4100,39.13,39.12,39.12,3000,39.11,2200,39.1,2600,39.09,1900,,,,,,,,,,,,,39.13,4100,39.14,5100,39.15,3400,39.16,4200,39.17,3500,39.18,2600,39.19,7400,39.2,4600,39.21,5800,39.22,3200
2026-01-16 09:35:04,39.125,39.13,1,39.12,3100,39.13,3600,39.13,39.12,39.12,3100,39.11,2200,39.1,2600,39.09,1900,,,,,,,,,,,,,39.13,3600,39.14,5100,39.15,3400,39.16,4200,39.17,3500,39.18,2600,39.19,7400,39.2,4600,39.21,5800,39.22,3200
2026-01-16 09:35:05,39.125,39.12,1,39.12,2900,39.13,1600,39.13,39.12,39.12,2900,39.11,2200,39.1,2600,39.09,1900,,,,,,,,,,,,,39.13,1600,39.14,5100,39.15,3400,39.16,4200,39.17,3500,39.18,2600,39.19,7400,39.2,4600,39.21,5800,39.22,3200
2026-01-16 09:35:06,39.135,39.12,2,39.13,2200,39.14,5400,39.14,39.13,39.13,2200,39.12,2600,39.11,4400,39.1,2600,39.09,1900,,,,,,,,,,,39.14,5400,39.15,3400,39.16,4200,39.17,3500,39.18,2600,39.19,7400,39.2,4600,39.21,5800,39.22,3200,39.23,4500
2026-01-16 09:35:07,39.135,39.13,1,39.13,22100,39.14,4700,39.14,39.13,39.13,22100,39.12,2600,39.11,4400,39.1,2600,39.09,1900,,,,,,,,,,,39.14,4700,39.15,3400,39.16,4200,39.17,3500,39.18,2600,39.19,7400,39.2,4600,39.21,5800,39.22,3200,39.23,4500
2026-01-16 09:35:08,39.135,39.13,8,39.13,22100,39.14,4600,39.14,39.13,39.13,22100,39.12,2600,39.11,4400,39.1,2600,39.09,1900,,,,,,,,,,,39.14,4600,39.15,3400,39.16,4200,39.17,3500,39.18,2600,39.19,7400,39.2,4600,39.21,5800,39.22,3200,39.23,4500
2026-01-16 09:35:09,39.135,39.13,1,39.13,22100,39.14,3600,39.14,39.13,39.13,22100,39.12,2600,39.11,4400,39.1,2600,39.09,1900,,,,,,,,,,,39.14,3600,39.15,3400,39.16,4200,39.17,3500,39.18,2600,39.19,7400,39.2,4600,39.21,5800,39.22,3200,39.23,4500
2026-01-16 09:35:10,39.135,39.13,3,39.13,22100,39.14,3200,39.14,39.13,39.13,22100,39.12,2600,39.11,4400,39.1,2600,39.09,1900,,,,,,,,,,,39.14,3200,39.15,3400,39.16,4200,39.17,3500,39.18,2600,39.19,7400,39.2,4600,39.21,5800,39.22,3200,39.23,4500
2026-01-16 09:35:11,39.135,39.14,2,39.13,22100,39.14,3600,39.14,39.13,39.13,22100,39.12,2600,39.11,4400,39.1,2600,39.09,1900,,,,,,,,,,,39.14,3600,39.15,3400,39.16,4200,39.17,3500,39.18,2600,39.19,7400,39.2,4600,39.21,5800,39.22,3200,39.23,4500
2026-01-16 09:35:12,39.135,39.13,3,39.13,22100,39.14,3600,39.14,39.13,39.13,22100,39.12,2600,39.11,4400,39.1,2600,39.09,1900,,,,,,,,,,,39.14,3600,39.15,3400,39.16,4200,39.17,3500,39.18,2600,39.19,7400,39.2,4600,39.21,5800,39.22,3200,39.23,4500
2026-01-16 09:35:13,39.135,39.13,6,39.13,22100,39.14,2900,39.14,39.13,39.13,22100,39.12,2600,39.11,4400,39.1,2600,39.09,1900,,,,,,,,,,,39.14,2900,39.15,3400,39.16,4200,39.17,3500,39.18,2600,39.19,7400,39.2,4600,39.21,5800,39.22,3200,39.23,4500
2026-01-16 09:35:14,39.135,39.13,1,39.13,24100,39.14,2900,39.14,39.13,39.13,24100,39.12,2600,39.11,4400,39.1,2600,39.09,1900,,,,,,,,,,,39.14,2900,39.15,3400,39.16,4200,39.17,3500,39.18,2600,39.19,7400,39.2,4600,39.21,5800,39.22,3200,39.23,4500
2026-01-16 09:35:15,39.135,39.14,1,39.13,24100,39.14,3000,39.14,39.13,39.13,24100,39.12,2600,39.11,4400,39.1,2600,39.09,1900,,,,,,,,,,,39.14,3000,39.15,3400,39.16,4200,39.17,3500,39.18,2600,39.19,7400,39.2,4600,39.21,5800,39.22,3200,39.23,4500
2026-01-16 09:35:16,39.135,39.14,1,39.13,24100,39.14,3300,39.14,39.13,39.13,24100,39.12,2600,39.11,4400,39.1,2600,39.09,1900,,,,,,,,,,,39.14,3300,39.15,3400,39.16,4200,39.17,3500,39.18,2600,39.19,7400,39.2,4600,39.21,5800,39.22,3200,39.23,4500
2026-01-16 09:35:17,39.135,39.14,1,39.13,24100,39.14,3300,39.14,39.13,39.13,24100,39.12,2600,39.11,4400,39.1,2600,39.09,1900,,,,,,,,,,,39.14,3300,39.15,3400,39.16,4200,39.17,3500,39.18,2600,39.19,7400,39.2,4600,39.21,5800,39.22,3200,39.23,4500
2026-01-16 09:35:18,39.135,39.17,2,39.13,24100,39.14,3300,39.14,39.13,39.13,24100,39.12,2600,39.11,4400,39.1,2600,39.09,1900,,,,,,,,,,,39.14,3300,39.15,3400,39.16,4200,39.17,3500,39.18,2600,39.19,7400,39.2,4600,39.21,5800,39.22,3200,39.23,4500
2026-01-16 09:35:19,39.145,39.15,2,39.14,4200,39.15,4500,39.15,39.14,39.14,4200,39.13,24300,39.12,2600,39.11,4400,39.1,2600,39.09,1900,,,,,,,,,39.15,4500,39.16,4200,39.17,3500,39.18,2600,39.19,7400,39.2,4600,39.21,5800,39.22,3200,39.23,4500,39.24,2800
2026-01-16 09:35:20,39.145,39.15,2,39.14,4000,39.15,3100,39.15,39.14,39.14,4000,39.13,24300,39.12,2600,39.11,4400,39.1,2600,39.09,1900,,,,,,,,,39.15,3100,39.16,4200,39.17,3500,39.18,2600,39.19,7400,39.2,4600,39.21,5800,39.22,3200,39.23,4500,39.24,2800
2026-01-16 09:35:21,39.145,39.15,2,39.14,3700,39.15,3100,39.15,39.14,39.14,3700,39.13,24300,39.12,2600,39.11,4400,39.1,2600,39.09,1900,,,,,,,,,39.15,3100,39.16,4200,39.17,3500,39.18,2600,39.19,7400,39.2,4600,39.21,5800,39.22,3200,39.23,4500,39.24,2800
2026-01-16 09:35:22,39.145,39.15,2,39.14,3700,39.15,3100,39.15,39.14,39.14,3700,39.13,24300,39.12,2600,39.11,4400,39.1,2600,39.09,1900,,,,,,,,,39.15,3100,39.16,4200,39.17,3500,39.18,2600,39.19,7400,39.2,4600,39.21,5800,39.22,3200,39.23,4500,39.24,2800
2026-01-16 09:35:23,39.145,39.15,1,39.14,3300,39.15,3100,39.15,39.14,39.14,3300,39.13,24300,39.12,2600,39.11,4400,39.1,2600,39.09,1900,,,,,,,,,39.15,3100,39.16,4200,39.17,3500,39.18,2600,39.19,7400,39.2,4600,39.21,5800,39.22,3200,39.23,4500,39.24,2800
2026-01-16 09:35:24,39.145,39.15,1,39.14,3300,39.15,3100,39.15,39.14,39.14,3300,39.13,24300,39.12,2600,39.11,4400,39.1,2600,39.09,1900,,,,,,,,,39.15,3100,39.16,4200,39.17,3500,39.18,2600,39.19,7400,39.2,4600,39.21,5800,39.22,3200,39.23,4500,39.24,2800
2026-01-16 09:35:25,39.145,39.14,1,39.14,1600,39.15,5500,39.15,39.14,39.14,1600,39.13,24300,39.12,2600,39.11,4400,39.1,2600,39.09,1900,,,,,,,,,39.15,5500,39.16,4200,39.17,3500,39.18,2600,39.19,7400,39.2,4600,39.21,5800,39.22,3200,39.23,4500,39.24,2800
2026-01-16 09:35:26,39.145,39.14,1,39.14,1700,39.15,4000,39.15,39.14,39.14,1700,39.13,24300,39.12,2600,39.11,4400,39.1,2600,39.09,1900,,,,,,,,,39.15,4000,39.16,4200,39.17,3500,39.18,2600,39.19,7400,39.2,4600,39.21,5800,39.22,3200,39.23,4500,39.24,2800
2026-01-16 09:35:27,39.145,39.15,1,39.14,1700,39.15,4000,39.15,39.14,39.14,1700,39.13,24300,39.12,2600,39.11,4400,39.1,2600,39.09,1900,,,,,,,,,39.15,4000,39.16,4200,39.17,3500,39.18,2600,39.19,7400,39.2,4600,39.21,5800,39.22,3200,39.23,4500,39.24,2800
2026-01-16 09:35:28,39.145,39.15,1,39.14,1500,39.15,3900,39.15,39.14,39.14,1500,39.13,24300,39.12,2600,39.11,4400,39.1,2600,39.09,1900,,,,,,,,,39.15,3900,39.16,4200,39.17,3500,39.18,2600,39.19,7400,39.2,4600,39.21,5800,39.22,3200,39.23,4500,39.24,2800
2026-01-16 09:35:29,39.145,39.15,1,39.14,2600,39.15,1500,39.15,39.14,39.14,2600,39.13,24300,39.12,2600,39.11,4400,39.1,2600,39.09,1900,,,,,,,,,39.15,1500,39.16,5500,39.17,3500,39.18,2600,39.19,7400,39.2,4600,39.21,5800,39.22,3200,39.23,4500,39.24,2800
2026-01-16 09:35:30,39.145,39.15,1,39.14,1900,39.15,2800,39.15,39.14,39.14,1900,39.13,24300,39.12,2600,39.11,4400,39.1,2600,39.09,1900,,,,,,,,,39.15,2800,39.16,5500,39.17,3500,39.18,2600,39.19,7400,39.2,4600,39.21,5800,39.22,3200,39.23,4500,39.24,2800
2026-01-16 09:35:31,39.145,39.14,1,39.14,2900,39.15,8100,39.15,39.14,39.14,2900,39.13,25200,39.12,2600,39.11,4400,39.1,2600,39.09,1900,,,,,,,,,39.15,8100,39.16,5500,39.17,3500,39.18,2600,39.19,7400,39.2,4600,39.21,5800,39.22,3200,39.23,4500,39.24,2800
2026-01-16 09:35:32,39.145,39.15,2,39.14,2900,39.15,7600,39.15,39.14,39.14,2900,39.13,25200,39.12,2600,39.11,4400,39.1,2600,39.09,1900,,,,,,,,,39.15,7600,39.16,5500,39.17,3500,39.18,2600,39.19,7400,39.2,4600,39.21,5800,39.22,3200,39.23,4500,39.24,2800
2026-01-16 09:35:33,39.145,39.15,4,39.14,2900,39.15,6000,39.15,39.14,39.14,2900,39.13,25200,39.12,2600,39.11,4400,39.1,2600,39.09,1900,,,,,,,,,39.15,6000,39.16,5500,39.17,3500,39.18,2600,39.19,7400,39.2,4600,39.21,5800,39.22,3200,39.23,4500,39.24,2800
2026-01-16 09:35:34,39.145,39.15,4,39.14,2900,39.15,5800,39.15,39.14,39.14,2900,39.13,25200,39.12,2600,39.11,4400,39.1,2600,39.09,1900,,,,,,,,,39.15,5800,39.16,5500,39.17,3500,39.18,2600,39.19,7400,39.2,4600,39.21,5800,39.22,3200,39.23,4500,39.24,2800
2026-01-16 09:35:35,39.145,39.15,4,39.14,2100,39.15,4300,39.15,39.14,39.14,2100,39.13,25200,39.12,2600,39.11,4400,39.1,2600,39.09,1900,,,,,,,,,39.15,4300,39.16,5500,39.17,3500,39.18,2600,39.19,7400,39.2,4600,39.21,5800,39.22,3200,39.23,4500,39.24,2800
2026-01-16 09:35:36,39.145,39.15,3,39.14,3600,39.15,3800,39.15,39.14,39.14,3600,39.13,25200,39.12,2600,39.11,4400,39.1,2600,39.09,1900,,,,,,,,,39.15,3800,39.16,5500,39.17,3500,39.18,2600,39.19,7400,39.2,4600,39.21,5800,39.22,3200,39.23,4500,39.24,2800
2026-01-16 09:35:37,39.155,39.15,10,39.15,2000,39.16,4800,39.16,39.15,39.15,2000,39.14,3600,39.13,25200,39.12,2600,39.11,4400,39.1,2600,39.09,1900,,,,,,,39.16,4800,39.17,3500,39.18,2600,39.19,7400,39.2,4600,39.21,5800,39.22,3200,39.23,4500,39.24,2800,39.25,3600
2026-01-16 09:35:38,39.155,39.15,10,39.15,1700,39.16,4900,39.16,39.15,39.15,1700,39.14,3600,39.13,25200,39.12,2600,39.11,4400,39.1,2600,39.09,1900,,,,,,,39.16,4900,39.17,3500,39.18,2600,39.19,7400,39.2,4600,39.21,5800,39.22,3200,39.23,4500,39.24,2800,39.25,3600
2026-01-16 09:35:39,39.155,39.15,10,39.15,2000,39.16,4100,39.16,39.15,39.15,2000,39.14,3600,39.13,25200,39.12,2600,39.11,4400,39.1,2600,39.09,1900,,,,,,,39.16,4100,39.17,3500,39.18,2600,39.19,7400,39.2,4600,39.21,5800,39.22,3200,39.23,4500,39.24,2800,39.25,3600
2026-01-16 09:35:40,39.155,39.15,10,39.15,2200,39.16,4000,39.16,39.15,39.15,2200,39.14,3600,39.13,25200,39.12,2600,39.11,4400,39.1,2600,39.09,1900,,,,,,,39.16,4000,39.17,3500,39.18,2600,39.19,7400,39.2,4600,39.21,5800,39.22,3200,39.23,4500,39.24,2800,39.25,3600
2026-01-16 09:35:41,39.155,39.15,10,39.15,2000,39.16,4100,39.16,39.15,39.15,2000,39.14,3600,39.13,25200,39.12,2600,39.11,4400,39.1,2600,39.09,1900,,,,,,,39.16,4100,39.17,3500,39.18,2600,39.19,7400,39.2,4600,39.21,5800,39.22,3200,39.23,4500,39.24,2800,39.25,3600
2026-01-16 09:35:42,39.155,39.16,1,39.15,2400,39.16,4000,39.16,39.15,39.15,2400,39.14,3600,39.13,25200,39.12,2600,39.11,4400,39.1,2600,39.09,1900,,,,,,,39.16,4000,39.17,3500,39.18,2600,39.19,7400,39.2,4600,39.21,5800,39.22,3200,39.23,4500,39.24,2800,39.25,3600
2026-01-16 09:35:43,39.155,39.16,1,39.15,2600,39.16,3900,39.16,39.15,39.15,2600,39.14,3600,39.13,25200,39.12,2600,39.11,4400,39.1,2600,39.09,1900,,,,,,,39.16,3900,39.17,3500,39.18,2600,39.19,7400,39.2,4600,39.21,5800,39.22,3200,39.23,4500,39.24,2800,39.25,3600
2026-01-16 09:35:44,39.155,39.16,1,39.15,2300,39.16,3900,39.16,39.15,39.15,2300,39.14,3600,39.13,25200,39.12,2600,39.11,4400,39.1,2600,39.09,1900,,,,,,,39.16,3900,39.17,3500,39.18,2600,39.19,7400,39.2,4600,39.21,5800,39.22,3200,39.23,4500,39.24,2800,39.25,3600
2026-01-16 09:35:45,39.145,39.15,1,39.14,4200,39.15,2300,39.15,39.14,39.14,4200,39.13,25200,39.12,2600,39.11,4400,39.1,2600,39.09,1900,,,,,,,,,39.15,2300,39.16,5300,39.17,3500,39.18,2600,39.19,7400,39.2,4600,39.21,5800,39.22,3200,39.23,4500,39.24,2800
2026-01-16 09:35:46,39.145,39.15,1,39.14,3500,39.15,2300,39.15,39.14,39.14,3500,39.13,25200,39.12,2600,39.11,4400,39.1,2600,39.09,1900,,,,,,,,,39.15,2300,39.16,5300,39.17,3500,39.18,2600,39.19,7400,39.2,4600,39.21,5800,39.22,3200,39.23,4500,39.24,2800
2026-01-16 09:35:47,39.145,39.15,1,39.14,3500,39.15,2300,39.15,39.14,39.14,3500,39.13,25200,39.12,2600,39.11,4400,39.1,2600,39.09,1900,,,,,,,,,39.15,2300,39.16,5300,39.17,3500,39.18,2600,39.19,7400,39.2,4600,39.21,5800,39.22,3200,39.23,4500,39.24,2800
2026-01-16 09:35:48,39.145,39.15,1,39.14,3400,39.15,2300,39.15,39.14,39.14,3400,39.13,25200,39.12,2600,39.11,4400,39.1,2600,39.09,1900,,,,,,,,,39.15,2300,39.16,5300,39.17,3500,39.18,2600,39.19,7400,39.2,4600,39.21,5800,39.22,3200,39.23,4500,39.24,2800
2026-01-16 09:35:49,39.145,39.15,1,39.14,1600,39.15,5400,39.15,39.14,39.14,1600,39.13,24800,39.12,2600,39.11,4400,39.1,2600,39.09,1900,,,,,,,,,39.15,5400,39.16,5300,39.17,3500,39.18,2600,39.19,7400,39.2,4600,39.21,5800,39.22,3200,39.23,4500,39.24,2800
2026-01-16 09:35:50,39.135,39.13,1,39.13,24400,39.14,2400,39.14,39.13,39.13,24400,39.12,2600,39.11,4400,39.1,2600,39.09,1900,,,,,,,,,,,39.14,2400,39.15,7500,39.16,5300,39.17,3500,39.18,2600,39.19,7400,39.2,4600,39.21,5800,39.22,3200,39.23,4500
2026-01-16 09:35:51,39.135,39.14,15,39.13,24400,39.14,2400,39.14,39.13,39.13,24400,39.12,2600,39.11,4400,39.1,2600,39.09,1900,,,,,,,,,,,39.14,2400,39.15,7500,39.16,5300,39.17,3500,39.18,2600,39.19,7400,39.2,4600,39.21,5800,39.22,3200,39.23,4500
2026-01-16 09:35:52,39.125,39.13,1,39.12,2500,39.13,4900,39.13,39.12,39.12,2500,39.11,4400,39.1,2600,39.09,1900,,,,,,,,,,,,,39.13,4900,39.14,5200,39.15,7500,39.16,5300,39.17,3500,39.18,2600,39.19,7400,39.2,4600,39.21,5800,39.22,3200
2026-01-16 09:35:53,39.125,39.13,3,39.12,2500,39.13,4800,39.13,39.12,39.12,2500,39.11,4400,39.1,2600,39.09,1900,,,,,,,,,,,,,39.13,4800,39.14,5200,39.15,7500,39.16,5300,39.17,3500,39.18,2600,39.19,7400,39.2,4600,39.21,5800,39.22,3200
2026-01-16 09:35:54,39.135,39.13,2,39.13,3200,39.14,4300,39.14,39.13,39.13,3200,39.12,2700,39.11,4400,39.1,2600,39.09,1900,,,,,,,,,,,39.14,4300,39.15,7500,39.16,5300,39.17,3500,39.18,2600,39.19,7400,39.2,4600,39.21,5800,39.22,3200,39.23,4500
2026-01-16 09:35:55,39.135,39.13,10,39.13,3200,39.14,4500,39.14,39.13,39.13,3200,39.12,2700,39.11,4400,39.1,2600,39.09,1900,,,,,,,,,,,39.14,4500,39.15,7500,39.16,5300,39.17,3500,39.18,2600,39.19,7400,39.2,4600,39.21,5800,39.22,3200,39.23,4500
2026-01-16 09:35:56,39.135,39.13,50,39.13,3000,39.14,3700,39.14,39.13,39.13,3000,39.12,2700,39.11,4400,39.1,2600,39.09,1900,,,,,,,,,,,39.14,3700,39.15,7500,39.16,5300,39.17,3500,39.18,2600,39.19,7400,39.2,4600,39.21,5800,39.22,3200,39.23,4500
2026-01-16 09:35:57,39.135,39.13,6,39.13,3000,39.14,3700,39.14,39.13,39.13,3000,39.12,2700,39.11,4400,39.1,2600,39.09,1900,,,,,,,,,,,39.14,3700,39.15,7500,39.16,5300,39.17,3500,39.18,2600,39.19,7400,39.2,4600,39.21,5800,39.22,3200,39.23,4500
2026-01-16 09:35:58,39.135,39.13,1,39.13,2600,39.14,4700,39.14,39.13,39.13,2600,39.12,2700,39.11,4400,39.1,2600,39.09,1900,,,,,,,,,,,39.14,4700,39.15,7500,39.16,5300,39.17,3500,39.18,2600,39.19,7400,39.2,4600,39.21,5800,39.22,3200,39.23,4500
2026-01-16 09:35:59,39.135,39.13,10,39.13,2600,39.14,4700,39.14,39.13,39.13,2600,39.12,2700,39.11,4400,39.1,2600,39.09,1900,,,,,,,,,,,39.14,4700,39.15,7500,39.16,5300,39.17,3500,39.18,2600,39.19,7400,39.2,4600,39.21,5800,39.22,3200,39.23,4500
2026-01-16 09:36:00,39.135,39.13,3,39.13,2800,39.14,3900,39.14,39.13,39.13,2800,39.12,2700,39.11,4400,39.1,2600,39.09,1900,,,,,,,,,,,39.14,3900,39.15,7500,39.16,5300,39.17,3500,39.18,2600,39.19,7400,39.2,4600,39.21,5800,39.22,3200,39.23,4500
2026-01-16 09:36:01,39.135,39.14,5,39.13,2800,39.14,3800,39.14,39.13,39.13,2800,39.12,2700,39.11,4400,39.1,2600,39.09,1900,,,,,,,,,,,39.14,3800,39.15,7500,39.16,5300,39.17,3500,39.18,2600,39.19,7400,39.2,4600,39.21,5800,39.22,3200,39.23,4500
2026-01-16 09:36:02,39.135,39.13,1,39.13,2500,39.14,4000,39.14,39.13,39.13,2500,39.12,2700,39.11,4400,39.1,2600,39.09,1900,,,,,,,,,,,39.14,4000,39.15,7500,39.16,5300,39.17,3500,39.18,2600,39.19,7400,39.2,4600,39.21,5800,39.22,3200,39.23,4500
2026-01-16 09:36:03,39.135,39.13,5,39.13,2700,39.14,4000,39.14,39.13,39.13,2700,39.12,2700,39.11,4400,39.1,2600,39.09,1900,,,,,,,,,,,39.14,4000,39.15,7500,39.16,5300,39.17,3500,39.18,2600,39.19,7400,39.2,4600,39.21,5800,39.22,3200,39.23,4500
2026-01-16 09:36:04,39.135,39.13,1,39.13,2700,39.14,4500,39.14,39.13,39.13,2700,39.12,2700,39.11,4400,39.1,2600,39.09,1900,,,,,,,,,,,39.14,4500,39.15,7500,39.16,5300,39.17,3500,39.18,2600,39.19,7400,39.2,4600,39.21,5800,39.22,3200,39.23,4500
2026-01-16 09:36:05,39.145,39.15,4,39.14,2200,39.15,6800,39.15,39.14,39.14,2200,39.13,3700,39.12,2700,39.11,4400,39.1,2600,39.09,1900,,,,,,,,,39.15,6800,39.16,5300,39.17,3500,39.18,2600,39.19,7400,39.2,4600,39.21,5800,39.22,3200,39.23,4500,39.24,2800
2026-01-16 09:36:06,39.145,39.15,4,39.14,2200,39.15,6300,39.15,39.14,39.14,2200,39.13,3700,39.12,2700,39.11,4400,39.1,2600,39.09,1900,,,,,,,,,39.15,6300,39.16,5300,39.17,3500,39.18,2600,39.19,7400,39.2,4600,39.21,5800,39.22,3200,39.23,4500,39.24,2800
2026-01-16 09:36:07,39.145,39.15,1,39.14,1800,39.15,3100,39.15,39.14,39.14,1800,39.13,3700,39.12,2700,39.11,4400,39.1,2600,39.09,1900,,,,,,,,,39.15,3100,39.16,5300,39.17,3500,39.18,2600,39.19,7400,39.2,4600,39.21,5800,39.22,3200,39.23,4500,39.24,2800
2026-01-16 09:36:08,39.145,39.15,1,39.14,2300,39.15,2400,39.15,39.14,39.14,2300,39.13,3700,39.12,2700,39.11,4400,39.1,2600,39.09,1900,,,,,,,,,39.15,2400,39.16,5300,39.17,3500,39.18,2600,39.19,7400,39.2,4600,39.21,5800,39.22,3200,39.23,4500,39.24,2800
2026-01-16 09:36:09,39.145,39.15,1,39.14,1900,39.15,2400,39.15,39.14,39.14,1900,39.13,3700,39.12,2700,39.11,4400,39.1,2600,39.09,1900,,,,,,,,,39.15,2400,39.16,5300,39.17,3500,39.18,2600,39.19,7400,39.2,4600,39.21,5800,39.22,3200,39.23,4500,39.24,2800
2026-01-16 09:36:10,39.145,39.14,2,39.14,2000,39.15,2400,39.15,39.14,39.14,2000,39.13,3700,39.12,2700,39.11,4400,39.1,2600,39.09,1900,,,,,,,,,39.15,2400,39.16,5300,39.17,3500,39.18,2600,39.19,7400,39.2,4600,39.21,5800,39.22,3200,39.23,4500,39.24,2800
2026-01-16 09:36:11,39.145,39.15,2,39.14,1900,39.15,2400,39.15,39.14,39.14,1900,39.13,3700,39.12,2700,39.11,4400,39.1,2600,39.09,1900,,,,,,,,,39.15,2400,39.16,5300,39.17,3500,39.18,2600,39.19,7400,39.2,4600,39.21,5800,39.22,3200,39.23,4500,39.24,2800
2026-01-16 09:36:12,39.135,39.13,1,39.13,4300,39.14,3400,39.14,39.13,39.13,4300,39.12,2700,39.11,4400,39.1,2600,39.09,1900,,,,,,,,,,,39.14,3400,39.15,4900,39.16,5300,39.17,3500,39.18,2600,39.19,7400,39.2,4600,39.21,5800,39.22,3200,39.23,4500
2026-01-16 09:36:13,39.135,39.13,1,39.13,3600,39.14,4000,39.14,39.13,39.13,3600,39.12,5200,39.11,4400,39.1,2600,39.09,1900,,,,,,,,,,,39.14,4000,39.15,4900,39.16,5300,39.17,3500,39.18,2600,39.19,7400,39.2,4600,39.21,5800,39.22,3200,39.23,4500
2026-01-16 09:36:14,39.135,39.13,1,39.13,3600,39.14,3800,39.14,39.13,39.13,3600,39.12,5200,39.11,4400,39.1,2600,39.09,1900,,,,,,,,,,,39.14,3800,39.15,4900,39.16,5300,39.17,3500,39.18,2600,39.19,7400,39.2,4600,39.21,5800,39.22,3200,39.23,4500
2026-01-16 09:36:15,39.135,39.14,3,39.13,3600,39.14,3700,39.14,39.13,39.13,3600,39.12,5200,39.11,4400,39.1,2600,39.09,1900,,,,,,,,,,,39.14,3700,39.15,4900,39.16,5300,39.17,3500,39.18,2600,39.19,7400,39.2,4600,39.21,5800,39.22,3200,39.23,4500
2026-01-16 09:36:16,39.135,39.13,13,39.13,3400,39.14,3800,39.14,39.13,39.13,3400,39.12,5200,39.11,4400,39.1,2600,39.09,1900,,,,,,,,,,,39.14,3800,39.15,4900,39.16,5300,39.17,3500,39.18,2600,39.19,7400,39.2,4600,39.21,5800,39.22,3200,39.23,4500
2026-01-16 09:36:17,39.165,39.16,1,39.16,2400,39.17,3100,39.17,39.16,39.16,2400,39.15,4000,39.14,3400,39.13,4100,39.12,5200,39.11,4400,39.1,2600,39.09,1900,,,,,39.17,3100,39.18,2600,39.19,7400,39.2,4600,39.21,5800,39.22,3200,39.23,4500,39.24,2800,39.25,3600,39.26,1400
2026-01-16 09:36:18,39.145,39.15,1,39.14,3500,39.15,1700,39.15,39.14,39.14,3500,39.13,4100,39.12,5200,39.11,4400,39.1,2600,39.09,1900,,,,,,,,,39.15,1700,39.16,4000,39.17,5200,39.18,2600,39.19,7400,39.2,4600,39.21,5800,39.22,3200,39.23,4500,39.24,2800
2026-01-16 09:36:19,39.145,39.14,1,39.14,3800,39.15,1400,39.15,39.14,39.14,3800,39.13,4100,39.12,5200,39.11,4400,39.1,2600,39.09,1900,,,,,,,,,39.15,1400,39.16,4000,39.17,5200,39.18,2600,39.19,7400,39.2,4600,39.21,5800,39.22,3200,39.23,4500,39.24,2800
2026-01-16 09:36:20,39.145,39.14,1,39.14,3800,39.15,1600,39.15,39.14,39.14,3800,39.13,4100,39.12,5200,39.11,4400,39.1,2600,39.09,1900,,,,,,,,,39.15,1600,39.16,4000,39.17,5200,39.18,2600,39.19,7400,39.2,4600,39.21,5800,39.22,3200,39.23,4500,39.24,2800
2026-01-16 09:36:21,39.145,39.14,6,39.14,3500,39.15,1600,39.15,39.14,39.14,3500,39.13,4100,39.12,5200,39.11,4400,39.1,2600,39.09,1900,,,,,,,,,39.15,1600,39.16,4000,39.17,5200,39.18,2600,39.19,7400,39.2,4600,39.21,5800,39.22,3200,39.23,4500,39.24,2800
2026-01-16 09:36:22,39.145,39.15,1,39.14,3700,39.15,1200,39.15,39.14,39.14,3700,39.13,4100,39.12,5200,39.11,4400,39.1,2600,39.09,1900,,,,,,,,,39.15,1200,39.16,4000,39.17,5200,39.18,2600,39.19,7400,39.2,4600,39.21,5800,39.22,3200,39.23,4500,39.24,2800
2026-01-16 09:36:23,39.145,39.14,1,39.14,3500,39.15,1500,39.15,39.14,39.14,3500,39.13,4100,39.12,5200,39.11,4400,39.1,2600,39.09,1900,,,,,,,,,39.15,1500,39.16,4000,39.17,5200,39.18,2600,39.19,7400,39.2,4600,39.21,5800,39.22,3200,39.23,4500,39.24,2800
2026-01-16 09:36:25,39.145,39.14,5,39.14,4000,39.15,700,39.15,39.14,39.14,4000,39.13,4100,39.12,5200,39.11,4400,39.1,2600,39.09,1900,,,,,,,,,39.15,700,39.16,4000,39.17,5200,39.18,2600,39.19,7400,39.2,4600,39.21,5800,39.22,3200,39.23,4500,39.24,2800
2026-01-16 09:36:26,39.145,39.14,5,39.14,9100,39.15,900,39.15,39.14,39.14,9100,39.13,4100,39.12,5200,39.11,4400,39.1,2600,39.09,1900,,,,,,,,,39.15,900,39.16,4000,39.17,5200,39.18,2600,39.19,7400,39.2,4600,39.21,5800,39.22,3200,39.23,4500,39.24,2800
2026-01-16 09:36:27,39.155,39.16,2,39.15,2100,39.16,3500,39.16,39.15,39.15,2100,39.14,9100,39.13,4100,39.12,5200,39.11,4400,39.1,2600,39.09,1900,,,,,,,39.16,3500,39.17,5200,39.18,2600,39.19,7400,39.2,4600,39.21,5800,39.22,3200,39.23,4500,39.24,2800,39.25,3600
2026-01-16 09:36:28,39.155,39.16,4,39.15,1900,39.16,2800,39.16,39.15,39.15,1900,39.14,9100,39.13,4100,39.12,5200,39.11,4400,39.1,2600,39.09,1900,,,,,,,39.16,2800,39.17,5200,39.18,2600,39.19,7400,39.2,4600,39.21,5800,39.22,3200,39.23,4500,39.24,2800,39.25,3600
2026-01-16 09:36:29,39.155,39.16,7,39.15,1900,39.16,2400,39.16,39.15,39.15,1900,39.14,9100,39.13,4100,39.12,5200,39.11,4400,39.1,2600,39.09,1900,,,,,,,39.16,2400,39.17,5200,39.18,2600,39.19,7400,39.2,4600,39.21,5800,39.22,3200,39.23,4500,39.24,2800,39.25,3600
2026-01-16 09:36:30,39.155,39.16,7,39.15,2100,39.16,2400,39.16,39.15,39.15,2100,39.14,9100,39.13,4100,39.12,5200,39.11,4400,39.1,2600,39.09,1900,,,,,,,39.16,2400,39.17,5200,39.18,2600,39.19,7400,39.2,4600,39.21,5800,39.22,3200,39.23,4500,39.24,2800,39.25,3600
2026-01-16 09:36:31,39.155,39.16,7,39.15,2300,39.16,2400,39.16,39.15,39.15,2300,39.14,9100,39.13,4100,39.12,5200,39.11,4400,39.1,2600,39.09,1900,,,,,,,39.16,2400,39.17,5200,39.18,2600,39.19,7400,39.2,4600,39.21,5800,39.22,3200,39.23,4500,39.24,2800,39.25,3600
2026-01-16 09:36:32,39.155,39.16,7,39.15,2100,39.16,2700,39.16,39.15,39.15,2100,39.14,9100,39.13,4100,39.12,5200,39.11,4400,39.1,2600,39.09,1900,,,,,,,39.16,2700,39.17,5200,39.18,2600,39.19,7400,39.2,4600,39.21,5800,39.22,3200,39.23,4500,39.24,2800,39.25,3600
2026-01-16 09:36:33,39.155,39.16,2,39.15,2000,39.16,3100,39.16,39.15,39.15,2000,39.14,9100,39.13,4100,39.12,5200,39.11,4400,39.1,2600,39.09,1900,,,,,,,39.16,3100,39.17,5200,39.18,2600,39.19,7400,39.2,4600,39.21,5800,39.22,3200,39.23,4500,39.24,2800,39.25,3600
2026-01-16 09:36:34,39.155,39.16,7,39.15,2000,39.16,2400,39.16,39.15,39.15,2000,39.14,9100,39.13,4100,39.12,5200,39.11,4400,39.1,2600,39.09,1900,,,,,,,39.16,2400,39.17,5200,39.18,2600,39.19,7400,39.2,4600,39.21,5800,39.22,3200,39.23,4500,39.24,2800,39.25,3600
2026-01-16 09:36:35,39.145,39.15,1,39.14,9100,39.15,1900,39.15,39.14,39.14,9100,39.13,4100,39.12,5200,39.11,4400,39.1,2600,39.09,1900,,,,,,,,,39.15,1900,39.16,4700,39.17,5200,39.18,2600,39.19,7400,39.2,4600,39.21,5800,39.22,3200,39.23,4500,39.24,2800
2026-01-16 09:36:36,39.145,39.15,6,39.14,9100,39.15,2700,39.15,39.14,39.14,9100,39.13,4100,39.12,5200,39.11,4400,39.1,2600,39.09,1900,,,,,,,,,39.15,2700,39.16,4700,39.17,5200,39.18,2600,39.19,7400,39.2,4600,39.21,5800,39.22,3200,39.23,4500,39.24,2800
2026-01-16 09:36:37,39.145,39.15,2,39.14,9100,39.15,1900,39.15,39.14,39.14,9100,39.13,4100,39.12,5200,39.11,4400,39.1,2600,39.09,1900,,,,,,,,,39.15,1900,39.16,4700,39.17,5200,39.18,2600,39.19,7400,39.2,4600,39.21,5800,39.22,3200,39.23,4500,39.24,2800
2026-01-16 09:36:38,39.145,39.14,1,39.14,9100,39.15,1900,39.15,39.14,39.14,9100,39.13,4100,39.12,5200,39.11,4400,39.1,2600,39.09,1900,,,,,,,,,39.15,1900,39.16,4700,39.17,5200,39.18,2600,39.19,7400,39.2,4600,39.21,5800,39.22,3200,39.23,4500,39.24,2800
2026-01-16 09:36:39,39.155,39.16,1,39.15,3200,39.16,2600,39.16,39.15,39.15,3200,39.14,9200,39.13,4100,39.12,5200,39.11,4400,39.1,2600,39.09,1900,,,,,,,39.16,2600,39.17,5200,39.18,2600,39.19,7400,39.2,4600,39.21,5800,39.22,3200,39.23,4500,39.24,2800,39.25,3600
2026-01-16 09:36:40,39.155,39.16,2,39.15,4400,39.16,2100,39.16,39.15,39.15,4400,39.14,9200,39.13,4100,39.12,5200,39.11,4400,39.1,2600,39.09,1900,,,,,,,39.16,2100,39.17,6500,39.18,2600,39.19,7400,39.2,4600,39.21,5800,39.22,3200,39.23,4500,39.24,2800,39.25,3600
2026-01-16 09:36:41,39.155,39.15,2,39.15,700,39.16,3600,39.16,39.15,39.15,700,39.14,9000,39.13,4100,39.12,5200,39.11,4400,39.1,2600,39.09,1900,,,,,,,39.16,3600,39.17,6500,39.18,2600,39.19,7400,39.2,4600,39.21,5800,39.22,3200,39.23,4500,39.24,2800,39.25,3600
2026-01-16 09:36:42,39.155,39.16,2,39.15,1100,39.16,2700,39.16,39.15,39.15,1100,39.14,9000,39.13,4100,39.12,5200,39.11,4400,39.1,2600,39.09,1900,,,,,,,39.16,2700,39.17,6500,39.18,2600,39.19,7400,39.2,4600,39.21,5800,39.22,3200,39.23,4500,39.24,2800,39.25,3600
2026-01-16 09:36:43,39.155,39.15,1,39.15,1500,39.16,3700,39.16,39.15,39.15,1500,39.14,9000,39.13,4100,39.12,5200,39.11,4400,39.1,2600,39.09,1900,,,,,,,39.16,3700,39.17,6500,39.18,2600,39.19,7400,39.2,4600,39.21,5800,39.22,3200,39.23,4500,39.24,2800,39.25,3600
2026-01-16 09:36:44,39.155,39.15,1,39.15,2000,39.16,4000,39.16,39.15,39.15,2000,39.14,9000,39.13,4100,39.12,5200,39.11,4400,39.1,2600,39.09,1900,,,,,,,39.16,4000,39.17,6500,39.18,2600,39.19,7400,39.2,4600,39.21,5800,39.22,3200,39.23,4500,39.24,2800,39.25,3600
2026-01-16 09:36:45,39.155,39.16,2,39.15,2000,39.16,4000,39.16,39.15,39.15,2000,39.14,9000,39.13,4100,39.12,5200,39.11,4400,39.1,2600,39.09,1900,,,,,,,39.16,4000,39.17,6500,39.18,2600,39.19,7400,39.2,4600,39.21,5800,39.22,3200,39.23,4500,39.24,2800,39.25,3600
2026-01-16 09:36:46,39.155,39.16,1,39.15,1900,39.16,4100,39.16,39.15,39.15,1900,39.14,9100,39.13,4100,39.12,5200,39.11,4400,39.1,2600,39.09,1900,,,,,,,39.16,4100,39.17,6500,39.18,2600,39.19,7400,39.2,4600,39.21,5800,39.22,3200,39.23,4500,39.24,2800,39.25,3600
2026-01-16 09:36:47,39.145,39.15,2,39.14,9100,39.15,1200,39.15,39.14,39.14,9100,39.13,4100,39.12,5200,39.11,4400,39.1,2600,39.09,1900,,,,,,,,,39.15,1200,39.16,3200,39.17,6500,39.18,2600,39.19,7400,39.2,4600,39.21,5800,39.22,3200,39.23,4500,39.24,2800
2026-01-16 09:36:48,39.155,39.15,1,39.15,1900,39.16,3200,39.16,39.15,39.15,1900,39.14,9300,39.13,4100,39.12,5200,39.11,4400,39.1,2600,39.09,1900,,,,,,,39.16,3200,39.17,6500,39.18,2600,39.19,7400,39.2,4600,39.21,5800,39.22,3200,39.23,4500,39.24,2800,39.25,3600
2026-01-16 09:36:49,39.145,39.15,1,39.14,9100,39.15,2400,39.15,39.14,39.14,9100,39.13,4100,39.12,5200,39.11,4400,39.1,2600,39.09,1900,,,,,,,,,39.15,2400,39.16,3500,39.17,6500,39.18,2600,39.19,7400,39.2,4600,39.21,5800,39.22,3200,39.23,4500,39.24,2800
2026-01-16 09:36:50,39.145,39.15,1,39.14,9100,39.15,2300,39.15,39.14,39.14,9100,39.13,4100,39.12,5200,39.11,4400,39.1,2600,39.09,1900,,,,,,,,,39.15,2300,39.16,3500,39.17,6500,39.18,2600,39.19,7400,39.2,4600,39.21,5800,39.22,3200,39.23,4500,39.24,2800
2026-01-16 09:36:51,39.145,39.14,1,39.14,9100,39.15,2100,39.15,39.14,39.14,9100,39.13,4100,39.12,5200,39.11,4400,39.1,2600,39.09,1900,,,,,,,,,39.15,2100,39.16,3500,39.17,6500,39.18,2600,39.19,7400,39.2,4600,39.21,5800,39.22,3200,39.23,4500,39.24,2800
2026-01-16 09:36:52,39.145,39.15,2,39.14,9100,39.15,1400,39.15,39.14,39.14,9100,39.13,4100,39.12,5200,39.11,4400,39.1,2600,39.09,1900,,,,,,,,,39.15,1400,39.16,3500,39.17,6500,39.18,2600,39.19,7400,39.2,4600,39.21,5800,39.22,3200,39.23,4500,39.24,2800
2026-01-16 09:36:53,39.145,39.15,2,39.14,9100,39.15,2300,39.15,39.14,39.14,9100,39.13,4100,39.12,5200,39.11,4400,39.1,2600,39.09,1900,,,,,,,,,39.15,2300,39.16,3500,39.17,6500,39.18,2600,39.19,7400,39.2,4600,39.21,5800,39.22,3200,39.23,4500,39.24,2800
2026-01-16 09:36:54,39.145,39.15,1,39.14,9100,39.15,2300,39.15,39.14,39.14,9100,39.13,4100,39.12,5200,39.11,4400,39.1,2600,39.09,1900,,,,,,,,,39.15,2300,39.16,3500,39.17,6500,39.18,2600,39.19,7400,39.2,4600,39.21,5800,39.22,3200,39.23,4500,39.24,2800
2026-01-16 09:36:55,39.145,39.15,1,39.14,9100,39.15,2300,39.15,39.14,39.14,9100,39.13,4100,39.12,5200,39.11,4400,39.1,2600,39.09,1900,,,,,,,,,39.15,2300,39.16,3500,39.17,6500,39.18,2600,39.19,7400,39.2,4600,39.21,5800,39.22,3200,39.23,4500,39.24,2800
2026-01-16 09:36:56,39.145,39.14,13,39.14,9100,39.15,2000,39.15,39.14,39.14,9100,39.13,4100,39.12,5200,39.11,4400,39.1,2600,39.09,1900,,,,,,,,,39.15,2000,39.16,3500,39.17,6500,39.18,2600,39.19,7400,39.2,4600,39.21,5800,39.22,3200,39.23,4500,39.24,2800
2026-01-16 09:36:57,39.165,39.16,1,39.16,1100,39.17,7600,39.17,39.16,39.16,1100,39.15,5000,39.14,9300,39.13,4100,39.12,5200,39.11,4400,39.1,2600,39.09,1900,,,,,39.17,7600,39.18,2600,39.19,7400,39.2,4600,39.21,5800,39.22,3200,39.23,4500,39.24,2800,39.25,3600,39.26,1400
2026-01-16 09:36:58,39.165,39.17,2,39.16,1100,39.17,6700,39.17,39.16,39.16,1100,39.15,5000,39.14,9300,39.13,4100,39.12,5200,39.11,4400,39.1,2600,39.09,1900,,,,,39.17,6700,39.18,2600,39.19,7400,39.2,4600,39.21,5800,39.22,3200,39.23,4500,39.24,2800,39.25,3600,39.26,1400
2026-01-16 09:36:59,39.155,39.15,2,39.15,6300,39.16,3200,39.16,39.15,39.15,6300,39.14,9300,39.13,4100,39.12,5200,39.11,4400,39.1,2600,39.09,1900,,,,,,,39.16,3200,39.17,6600,39.18,2600,39.19,7400,39.2,4600,39.21,5800,39.22,3200,39.23,4500,39.24,2800,39.25,3600
2026-01-16 09:37:00,39.155,39.16,1,39.15,6100,39.16,3200,39.16,39.15,39.15,6100,39.14,9300,39.13,4100,39.12,5200,39.11,4400,39.1,2600,39.09,1900,,,,,,,39.16,3200,39.17,6600,39.18,2600,39.19,7400,39.2,4600,39.21,5800,39.22,3200,39.23,4500,39.24,2800,39.25,3600
2026-01-16 09:37:01,39.155,39.16,3,39.15,6100,39.16,3200,39.16,39.15,39.15,6100,39.14,9300,39.13,4100,39.12,5200,39.11,4400,39.1,2600,39.09,1900,,,,,,,39.16,3200,39.17,6600,39.18,2600,39.19,7400,39.2,4600,39.21,5800,39.22,3200,39.23,4500,39.24,2800,39.25,3600
2026-01-16 09:37:02,39.155,39.15,1,39.15,6100,39.16,4700,39.16,39.15,39.15,6100,39.14,9300,39.13,4100,39.12,5200,39.11,4400,39.1,2600,39.09,1900,,,,,,,39.16,4700,39.17,6600,39.18,2600,39.19,7400,39.2,4600,39.21,5800,39.22,3200,39.23,4500,39.24,2800,39.25,3600
2026-01-16 09:37:03,39.155,39.15,1,39.15,6100,39.16,4700,39.16,39.15,39.15,6100,39.14,9300,39.13,4100,39.12,5200,39.11,4400,39.1,2600,39.09,1900,,,,,,,39.16,4700,39.17,6600,39.18,2600,39.19,7400,39.2,4600,39.21,5800,39.22,3200,39.23,4500,39.24,2800,39.25,3600
2026-01-16 09:37:04,39.155,39.16,7,39.15,6100,39.16,4700,39.16,39.15,39.15,6100,39.14,9300,39.13,4100,39.12,5200,39.11,4400,39.1,2600,39.09,1900,,,,,,,39.16,4700,39.17,6600,39.18,2600,39.19,7400,39.2,4600,39.21,5800,39.22,3200,39.23,4500,39.24,2800,39.25,3600
2026-01-16 09:37:05,39.155,39.16,7,39.15,6100,39.16,3900,39.16,39.15,39.15,6100,39.14,9300,39.13,4100,39.12,5200,39.11,4400,39.1,2600,39.09,1900,,,,,,,39.16,3900,39.17,6600,39.18,2600,39.19,7400,39.2,4600,39.21,5800,39.22,3200,39.23,4500,39.24,2800,39.25,3600
2026-01-16 09:37:06,39.155,39.16,2,39.15,6100,39.16,3900,39.16,39.15,39.15,6100,39.14,9300,39.13,4100,39.12,5200,39.11,4400,39.1,2600,39.09,1900,,,,,,,39.16,3900,39.17,6600,39.18,2600,39.19,7400,39.2,4600,39.21,5800,39.22,3200,39.23,4500,39.24,2800,39.25,3600
2026-01-16 09:37:07,39.155,39.15,2,39.15,6100,39.16,3900,39.16,39.15,39.15,6100,39.14,9300,39.13,4100,39.12,5200,39.11,4400,39.1,2600,39.09,1900,,,,,,,39.16,3900,39.17,6600,39.18,2600,39.19,7400,39.2,4600,39.21,5800,39.22,3200,39.23,4500,39.24,2800,39.25,3600
2026-01-16 09:37:08,39.145,39.15,13,39.14,9100,39.15,6100,39.15,39.14,39.14,9100,39.13,4100,39.12,5200,39.11,4400,39.1,2600,39.09,1900,,,,,,,,,39.15,6100,39.16,6200,39.17,6600,39.18,2600,39.19,7400,39.2,4600,39.21,5800,39.22,3200,39.23,4500,39.24,2800
2026-01-16 09:37:09,39.145,39.15,13,39.14,9100,39.15,6100,39.15,39.14,39.14,9100,39.13,4100,39.12,5200,39.11,4400,39.1,2600,39.09,1900,,,,,,,,,39.15,6100,39.16,6200,39.17,6600,39.18,2600,39.19,7400,39.2,4600,39.21,5800,39.22,3200,39.23,4500,39.24,2800
2026-01-16 09:37:10,39.145,39.15,1,39.14,9100,39.15,7100,39.15,39.14,39.14,9100,39.13,4100,39.12,5200,39.11,4400,39.1,2600,39.09,1900,,,,,,,,,39.15,7100,39.16,6200,39.17,6600,39.18,2600,39.19,7400,39.2,4600,39.21,5800,39.22,3200,39.23,4500,39.24,2800
2026-01-16 09:37:11,39.145,39.14,2,39.14,9100,39.15,7100,39.15,39.14,39.14,9100,39.13,4100,39.12,5200,39.11,4400,39.1,2600,39.09,1900,,,,,,,,,39.15,7100,39.16,6200,39.17,6600,39.18,2600,39.19,7400,39.2,4600,39.21,5800,39.22,3200,39.23,4500,39.24,2800
2026-01-16 09:37:12,39.145,39.15,2,39.14,9100,39.15,7100,39.15,39.14,39.14,9100,39.13,4100,39.12,5200,39.11,4400,39.1,2600,39.09,1900,,,,,,,,,39.15,7100,39.16,6200,39.17,6600,39.18,2600,39.19,7400,39.2,4600,39.21,5800,39.22,3200,39.23,4500,39.24,2800
2026-01-16 09:37:13,39.145,39.15,3,39.14,9100,39.15,7100,39.15,39.14,39.14,9100,39.13,4100,39.12,5200,39.11,4400,39.1,2600,39.09,1900,,,,,,,,,39.15,7100,39.16,6200,39.17,6600,39.18,2600,39.19,7400,39.2,4600,39.21,5800,39.22,3200,39.23,4500,39.24,2800
2026-01-16 09:37:14,39.155,39.15,2,39.15,5000,39.16,5300,39.16,39.15,39.15,5000,39.14,9400,39.13,4100,39.12,5200,39.11,4400,39.1,2600,39.09,1900,,,,,,,39.16,5300,39.17,6600,39.18,2600,39.19,7400,39.2,4600,39.21,5800,39.22,3200,39.23,4500,39.24,2800,39.25,3600
2026-01-16 09:37:15,39.155,39.15,2,39.15,4000,39.16,5300,39.16,39.15,39.15,4000,39.14,9400,39.13,4100,39.12,5200,39.11,4400,39.1,2600,39.09,1900,,,,,,,39.16,5300,39.17,6600,39.18,2600,39.19,7400,39.2,4600,39.21,5800,39.22,3200,39.23,4500,39.24,2800,39.25,3600
2026-01-16 09:37:16,39.155,39.15,1,39.15,3800,39.16,5300,39.16,39.15,39.15,3800,39.14,9400,39.13,4100,39.12,5200,39.11,4400,39.1,2600,39.09,1900,,,,,,,39.16,5300,39.17,6600,39.18,2600,39.19,7400,39.2,4600,39.21,5800,39.22,3200,39.23,4500,39.24,2800,39.25,3600
2026-01-16 09:37:17,39.155,39.15,25,39.15,3800,39.16,4000,39.16,39.15,39.15,3800,39.14,9400,39.13,4100,39.12,5200,39.11,4400,39.1,2600,39.09,1900,,,,,,,39.16,4000,39.17,6600,39.18,2600,39.19,7400,39.2,4600,39.21,5800,39.22,3200,39.23,4500,39.24,2800,39.25,3600
2026-01-16 09:37:18,39.145,39.15,1,39.14,9100,39.15,3300,39.15,39.14,39.14,9100,39.13,4100,39.12,5200,39.11,4400,39.1,2600,39.09,1900,,,,,,,,,39.15,3300,39.16,5000,39.17,6600,39.18,2600,39.19,7400,39.2,4600,39.21,5800,39.22,3200,39.23,4500,39.24,2800
2026-01-16 09:37:19,39.145,39.15,1,39.14,9100,39.15,3300,39.15,39.14,39.14,9100,39.13,4100,39.12,5200,39.11,4400,39.1,2600,39.09,1900,,,,,,,,,39.15,3300,39.16,5000,39.17,6600,39.18,2600,39.19,7400,39.2,4600,39.21,5800,39.22,3200,39.23,4500,39.24,2800
