sim_time,mid_price,last_price,last_size,best_bid_price,best_bid_size,best_ask_price,best_ask_size,close_price_buy,close_price_sell,bid1_price,bid1_size,bid2_price,bid2_size,bid3_price,bid3_size,bid4_price,bid4_size,bid5_price,bid5_size,bid6_price,bid6_size,bid7_price,bid7_size,bid8_price,bid8_size,bid9_price,bid9_size,bid10_price,bid10_size,ask1_price,ask1_size,ask2_price,ask2_size,ask3_price,ask3_size,ask4_price,ask4_size,ask5_price,ask5_size,ask6_price,ask6_size,ask7_price,ask7_size,ask8_price,ask8_size,ask9_price,ask9_size,ask10_price,ask10_size
2026-01-16 09:30:36,,0.0,0,,,,,,,,,,,,,,,,,,,,,,,,,,,,,,,,,,,,,,,,,,,,,,
2026-01-16 09:30:37,,0.0,0,,,,,,,,,,,,,,,,,,,,,,,,,,,,,,,,,,,,,,,,,,,,,,
2026-01-16 09:30:38,,0.0,0,,,,,,,,,,,,,,,,,,,,,,,,,,,,,,,,,,,,,,,,,,,,,,
2026-01-16 09:30:38,,0.0,0,,,,,,,,,,,,,,,,,,,,,,,,,,,,,,,,,,,,,,,,,,,,,,
2026-01-16 09:30:39,,0.0,0,,,,,,,,,,,,,,,,,,,,,,,,,,,,,,,,,,,,,,,,,,,,,,
2026-01-16 09:30:39,,0.0,0,,,,,,,,,,,,,,,,,,,,,,,,,,,,,,,,,,,,,,,,,,,,,,
2026-01-16 09:30:41,,0.0,0,,,,,,,,,,,,,,,,,,,,,,,,,,,,,,,,,,,,,,,,,,,,,,
2026-01-16 09:30:43,,0.0,0,,,,,,,,,,,,,,,,,,,,,,,,,,,,,,,,,,,,,,,,,,,,,,
2026-01-16 09:30:44,118.395,118.41,1,117.09,200,119.7,200,119.7,117.09,117.09,200,117.05,100,,,,,,,,,,,,,,,,,119.7,200,120.4,200,121.36,100,,,,,,,,,,,,,,
2026-01-16 09:30:45,117.825,118.5,2,117.09,200,118.56,100,118.56,117.09,117.09,200,117.05,100,,,,,,,,,,,,,,,,,118.56,100,119.7,200,120.4,200,121.36,100,,,,,,,,,,,,
2026-01-16 09:30:46,117.82,118.5,2,117.09,200,118.55,100,118.55,117.09,117.09,200,117.05,100,,,,,,,,,,,,,,,,,118.55,100,118.56,100,119.7,200,120.4,200,121.36,100,,,,,,,,,,
2026-01-16 09:30:47,117.82,118.5,2,117.09,200,118.55,100,118.55,117.09,117.09,200,117.05,100,,,,,,,,,,,,,,,,,118.55,100,118.56,100,119.7,200,120.4,200,121.36,100,,,,,,,,,,
2026-01-16 09:30:48,117.82,118.5,2,117.09,200,118.55,200,118.55,117.09,117.09,200,117.05,100,,,,,,,,,,,,,,,,,118.55,200,118.56,100,119.7,200,120.4,200,121.36,100,,,,,,,,,,
2026-01-16 09:30:49,117.82,118.5,2,117.09,200,118.55,200,118.55,117.09,117.09,200,117.05,100,,,,,,,,,,,,,,,,,118.55,200,118.56,100,119.7,200,120.4,200,121.36,100,,,,,,,,,,
2026-01-16 09:30:50,117.82,118.5,2,117.09,200,118.55,200,118.55,117.09,117.09,200,117.05,100,,,,,,,,,,,,,,,,,118.55,200,118.56,100,119.7,200,120.4,200,121.36,100,,,,,,,,,,
2026-01-16 09:30:51,117.82,118.5,2,117.09,200,118.55,200,118.55,117.09,117.09,200,117.05,100,,,,,,,,,,,,,,,,,118.55,200,118.56,100,119.7,200,120.4,200,121.36,100,,,,,,,,,,
2026-01-16 09:30:52,118.315,118.5,2,118.08,100,118.55,200,118.55,118.08,118.08,100,117.09,200,117.05,100,,,,,,,,,,,,,,,118.55,200,118.56,100,119.7,200,120.4,200,121.36,100,,,,,,,,,,
2026-01-16 09:30:53,117.82,118.5,2,117.09,200,118.55,200,118.55,117.09,117.09,200,117.05,100,,,,,,,,,,,,,,,,,118.55,200,118.56,100,119.7,200,120.4,200,121.36,100,,,,,,,,,,
2026-01-16 09:30:54,117.81,118.5,2,117.09,200,118.53,100,118.53,117.09,117.09,200,117.05,100,,,,,,,,,,,,,,,,,118.53,100,118.55,200,118.56,100,119.7,200,120.4,200,121.36,100,,,,,,,,
2026-01-16 09:30:55,117.82,118.5,2,117.09,200,118.55,200,118.55,117.09,117.09,200,117.05,100,,,,,,,,,,,,,,,,,118.55,200,118.56,100,119.7,200,120.4,200,121.36,100,,,,,,,,,,
2026-01-16 09:30:56,117.82,118.5,2,117.09,200,118.55,200,118.55,117.09,117.09,200,117.05,100,,,,,,,,,,,,,,,,,118.55,200,118.56,100,119.7,200,120.4,200,121.36,100,,,,,,,,,,
2026-01-16 09:30:57,117.82,118.5,2,117.09,200,118.55,200,118.55,117.09,117.09,200,117.05,100,,,,,,,,,,,,,,,,,118.55,200,118.56,100,119.7,200,120.4,200,121.36,100,,,,,,,,,,
2026-01-16 09:30:58,117.82,118.5,2,117.09,200,118.55,200,118.55,117.09,117.09,200,117.05,100,,,,,,,,,,,,,,,,,118.55,200,118.56,100,119.7,200,120.4,200,121.36,100,,,,,,,,,,
2026-01-16 09:30:59,117.82,118.5,2,117.09,200,118.55,200,118.55,117.09,117.09,200,117.05,100,,,,,,,,,,,,,,,,,118.55,200,118.56,100,119.7,200,120.4,200,121.36,100,,,,,,,,,,
2026-01-16 09:31:00,117.82,118.5,2,117.09,200,118.55,200,118.55,117.09,117.09,200,117.05,100,,,,,,,,,,,,,,,,,118.55,200,118.56,100,119.7,200,120.4,200,121.36,100,,,,,,,,,,
2026-01-16 09:31:01,118.38,118.5,2,118.21,500,118.55,200,118.55,118.21,118.21,500,117.09,200,117.05,100,,,,,,,,,,,,,,,118.55,200,118.56,100,119.7,200,120.4,200,121.36,100,,,,,,,,,,
2026-01-16 09:31:02,118.355,118.5,2,118.21,500,118.5,100,118.5,118.21,118.21,500,117.09,200,117.05,100,,,,,,,,,,,,,,,118.5,100,118.55,200,118.56,100,119.7,200,120.4,200,121.36,100,,,,,,,,
2026-01-16 09:31:03,118.38,118.5,2,118.21,500,118.55,200,118.55,118.21,118.21,500,117.09,200,117.05,100,,,,,,,,,,,,,,,118.55,200,118.56,100,119.7,200,120.4,200,121.36,100,,,,,,,,,,
2026-01-16 09:31:04,118.475,118.55,1,118.21,500,118.74,500,118.74,118.21,118.21,500,117.09,200,117.05,100,,,,,,,,,,,,,,,118.74,500,119.7,200,120.4,200,121.36,100,,,,,,,,,,,,
2026-01-16 09:31:05,118.475,118.55,1,118.21,500,118.74,400,118.74,118.21,118.21,500,117.09,200,117.05,100,,,,,,,,,,,,,,,118.74,400,119.7,200,120.4,200,121.36,100,,,,,,,,,,,,
2026-01-16 09:31:06,118.385,118.55,1,118.21,500,118.56,100,118.56,118.21,118.21,500,117.09,200,117.05,100,,,,,,,,,,,,,,,118.56,100,118.74,400,119.7,200,120.4,200,121.36,100,,,,,,,,,,
2026-01-16 09:31:07,118.385,118.55,1,118.21,500,118.56,200,118.56,118.21,118.21,500,117.09,200,117.05,100,,,,,,,,,,,,,,,118.56,200,118.74,400,119.7,200,120.4,200,121.36,100,,,,,,,,,,
2026-01-16 09:31:08,118.385,118.55,1,118.21,500,118.56,200,118.56,118.21,118.21,500,117.09,200,117.05,100,,,,,,,,,,,,,,,118.56,200,118.74,400,119.7,200,120.4,200,121.36,100,,,,,,,,,,
2026-01-16 09:31:09,118.51,118.58,1,118.28,400,118.74,400,118.74,118.28,118.28,400,117.09,200,117.05,100,,,,,,,,,,,,,,,118.74,400,119.7,200,120.4,200,121.36,100,,,,,,,,,,,,
2026-01-16 09:31:10,118.51,118.58,1,118.28,400,118.74,400,118.74,118.28,118.28,400,117.09,200,117.05,100,,,,,,,,,,,,,,,118.74,400,119.7,200,120.4,200,121.36,100,,,,,,,,,,,,
2026-01-16 09:31:11,118.55,118.58,1,118.28,400,118.82,400,118.82,118.28,118.28,400,117.09,200,117.05,100,,,,,,,,,,,,,,,118.82,400,119.7,200,120.4,200,121.36,100,,,,,,,,,,,,
2026-01-16 09:31:12,118.55,118.58,1,118.28,400,118.82,400,118.82,118.28,118.28,400,117.09,200,117.05,100,,,,,,,,,,,,,,,118.82,400,119.7,200,120.4,200,121.36,100,,,,,,,,,,,,
2026-01-16 09:31:13,118.55,118.58,1,118.28,400,118.82,400,118.82,118.28,118.28,400,117.09,200,117.05,100,,,,,,,,,,,,,,,118.82,400,119.7,200,120.4,200,121.36,100,,,,,,,,,,,,
2026-01-16 09:31:14,118.585,118.58,1,118.35,400,118.82,400,118.82,118.35,118.35,400,117.33,200,117.09,200,117.05,100,,,,,,,,,,,,,118.82,400,119.7,200,120.4,200,121.36,100,,,,,,,,,,,,
2026-01-16 09:31:15,118.505,118.58,1,118.35,400,118.66,100,118.66,118.35,118.35,400,117.33,200,117.09,200,117.05,100,,,,,,,,,,,,,118.66,100,118.82,400,119.7,200,120.4,200,121.36,100,,,,,,,,,,
2026-01-16 09:31:16,118.505,118.58,1,118.35,400,118.66,100,118.66,118.35,118.35,400,117.33,200,117.09,200,117.05,100,,,,,,,,,,,,,118.66,100,118.82,400,119.7,200,120.4,200,121.36,100,,,,,,,,,,
2026-01-16 09:31:17,118.505,118.58,1,118.35,400,118.66,100,118.66,118.35,118.35,400,117.33,200,117.09,200,117.05,100,,,,,,,,,,,,,118.66,100,118.82,400,119.7,200,120.4,200,121.36,100,,,,,,,,,,
2026-01-16 09:31:18,118.625,118.67,1,118.43,600,118.82,400,118.82,118.43,118.43,600,117.33,200,117.09,200,117.05,100,,,,,,,,,,,,,118.82,400,119.7,200,120.4,200,121.36,100,,,,,,,,,,,,
2026-01-16 09:31:19,118.575,118.67,1,118.43,500,118.72,200,118.72,118.43,118.43,500,117.33,200,117.09,200,117.05,100,,,,,,,,,,,,,118.72,200,118.89,500,119.7,200,120.4,200,121.36,100,,,,,,,,,,
2026-01-16 09:31:20,118.66,118.67,2,118.43,500,118.89,400,118.89,118.43,118.43,500,117.33,200,117.09,200,117.05,100,,,,,,,,,,,,,118.89,400,119.7,200,120.4,200,121.36,100,,,,,,,,,,,,
2026-01-16 09:31:21,118.66,118.67,2,118.43,500,118.89,400,118.89,118.43,118.43,500,117.33,200,117.09,200,117.05,100,,,,,,,,,,,,,118.89,400,119.7,200,120.4,200,121.36,100,,,,,,,,,,,,
2026-01-16 09:31:22,118.06,118.67,2,117.33,200,118.79,400,118.79,117.33,117.33,200,117.09,200,117.05,100,,,,,,,,,,,,,,,118.79,400,119.7,200,120.4,200,121.36,100,,,,,,,,,,,,
2026-01-16 09:31:23,118.38,118.67,2,117.97,400,118.79,400,118.79,117.97,117.97,400,117.33,200,117.09,200,117.05,100,,,,,,,,,,,,,118.79,400,119.7,200,120.4,200,121.36,100,,,,,,,,,,,,
2026-01-16 09:31:24,118.38,118.67,2,117.97,400,118.79,400,118.79,117.97,117.97,400,117.33,200,117.09,200,117.05,100,,,,,,,,,,,,,118.79,400,119.7,200,120.4,200,121.36,100,,,,,,,,,,,,
2026-01-16 09:31:25,118.38,118.67,2,117.97,400,118.79,400,118.79,117.97,117.97,400,117.33,200,117.09,200,117.05,100,,,,,,,,,,,,,118.79,400,119.7,200,120.4,200,121.36,100,,,,,,,,,,,,
2026-01-16 09:31:26,118.325,118.67,2,117.86,400,118.79,400,118.79,117.86,117.86,400,117.05,100,,,,,,,,,,,,,,,,,118.79,400,119.7,200,120.4,200,121.36,100,,,,,,,,,,,,
2026-01-16 09:31:27,118.24,118.67,2,117.86,400,118.62,400,118.62,117.86,117.86,400,117.05,100,,,,,,,,,,,,,,,,,118.62,400,119.7,200,120.4,200,121.36,100,,,,,,,,,,,,
2026-01-16 09:31:28,118.24,118.67,2,117.86,400,118.62,400,118.62,117.86,117.86,400,117.05,100,,,,,,,,,,,,,,,,,118.62,400,119.7,200,120.4,200,121.36,100,,,,,,,,,,,,
2026-01-16 09:31:29,118.24,118.18,1,117.86,400,118.62,400,118.62,117.86,117.86,400,117.05,100,,,,,,,,,,,,,,,,,118.62,400,119.7,200,120.4,200,121.36,100,,,,,,,,,,,,
2026-01-16 09:31:30,118.075,118.18,1,117.86,400,118.29,100,118.29,117.86,117.86,400,117.05,100,,,,,,,,,,,,,,,,,118.29,100,118.62,400,119.7,200,120.4,200,121.36,100,,,,,,,,,,
2026-01-16 09:31:31,118.075,118.18,1,117.86,400,118.29,100,118.29,117.86,117.86,400,117.05,100,,,,,,,,,,,,,,,,,118.29,100,118.62,400,119.7,200,120.4,200,121.36,100,,,,,,,,,,
2026-01-16 09:31:32,118.075,118.17,1,117.86,400,118.29,100,118.29,117.86,117.86,400,117.05,100,,,,,,,,,,,,,,,,,118.29,100,118.62,400,119.7,200,120.4,200,121.36,100,,,,,,,,,,
2026-01-16 09:31:33,118.215,118.17,1,118.14,100,118.29,100,118.29,118.14,118.14,100,117.86,400,117.05,100,,,,,,,,,,,,,,,118.29,100,118.62,400,119.7,200,120.4,200,121.36,100,,,,,,,,,,
2026-01-16 09:31:34,118.215,118.17,1,118.14,100,118.29,100,118.29,118.14,118.14,100,117.86,400,117.05,100,,,,,,,,,,,,,,,118.29,100,118.62,400,119.7,200,120.4,200,121.36,100,,,,,,,,,,
2026-01-16 09:31:35,118.215,118.17,1,118.14,100,118.29,100,118.29,118.14,118.14,100,117.86,400,117.05,100,,,,,,,,,,,,,,,118.29,100,118.62,400,119.7,200,120.4,200,121.36,100,,,,,,,,,,
2026-01-16 09:31:36,118.215,118.17,1,118.14,100,118.29,100,118.29,118.14,118.14,100,117.86,400,117.05,100,,,,,,,,,,,,,,,118.29,100,118.62,400,119.7,200,120.4,200,121.36,100,,,,,,,,,,
2026-01-16 09:31:37,118.215,118.17,1,118.14,100,118.29,100,118.29,118.14,118.14,100,117.86,400,117.05,100,,,,,,,,,,,,,,,118.29,100,118.62,400,119.7,200,120.4,200,121.36,100,,,,,,,,,,
2026-01-16 09:31:38,118.07,118.14,1,117.85,500,118.29,100,118.29,117.85,117.85,500,117.05,100,,,,,,,,,,,,,,,,,118.29,100,118.62,400,119.7,200,120.4,200,121.36,100,,,,,,,,,,
2026-01-16 09:31:39,118.07,118.14,1,117.85,500,118.29,100,118.29,117.85,117.85,500,117.05,100,,,,,,,,,,,,,,,,,118.29,100,118.62,400,119.7,200,120.4,200,121.36,100,,,,,,,,,,
2026-01-16 09:31:40,118.125,118.14,1,117.96,400,118.29,100,118.29,117.96,117.96,400,117.93,200,117.9,100,117.88,100,117.85,500,117.05,100,,,,,,,,,118.29,100,118.62,400,119.7,200,120.4,200,121.36,100,,,,,,,,,,
2026-01-16 09:31:41,118.11,118.14,1,117.93,100,118.29,100,118.29,117.93,117.93,100,117.9,100,117.88,100,117.85,500,117.05,100,,,,,,,,,,,118.29,100,118.62,400,119.7,200,120.4,200,121.36,100,,,,,,,,,,
2026-01-16 09:31:42,118.11,118.14,1,117.93,100,118.29,100,118.29,117.93,117.93,100,117.9,100,117.88,100,117.85,500,117.05,100,,,,,,,,,,,118.29,100,118.62,400,119.7,200,120.4,200,121.36,100,,,,,,,,,,
2026-01-16 09:31:43,118.17,118.14,1,118.05,100,118.29,100,118.29,118.05,118.05,100,117.93,100,117.9,100,117.88,100,117.85,500,117.05,100,,,,,,,,,118.29,100,118.62,400,119.7,200,120.4,200,121.36,100,,,,,,,,,,
2026-01-16 09:31:44,118.17,118.14,1,118.05,100,118.29,100,118.29,118.05,118.05,100,117.93,100,117.9,100,117.88,100,117.85,500,117.05,100,,,,,,,,,118.29,100,118.62,400,119.7,200,120.4,200,121.36,100,,,,,,,,,,
2026-01-16 09:31:45,118.17,118.14,1,118.05,100,118.29,100,118.29,118.05,118.05,100,117.93,100,117.9,100,117.88,100,117.85,500,117.05,100,,,,,,,,,118.29,100,118.62,400,119.7,200,120.4,200,121.36,100,,,,,,,,,,
2026-01-16 09:31:46,118.17,118.14,1,118.05,100,118.29,100,118.29,118.05,118.05,100,117.93,100,117.9,100,117.88,100,117.85,500,117.05,100,,,,,,,,,118.29,100,118.62,400,119.7,200,120.4,200,121.36,100,,,,,,,,,,
2026-01-16 09:31:47,118.17,118.14,1,118.05,100,118.29,100,118.29,118.05,118.05,100,117.93,100,117.9,100,117.88,100,117.85,500,117.05,100,,,,,,,,,118.29,100,118.62,400,119.7,200,120.4,200,121.36,100,,,,,,,,,,
2026-01-16 09:31:48,118.17,118.14,1,118.05,100,118.29,100,118.29,118.05,118.05,100,117.93,100,117.9,100,117.88,100,117.85,500,117.05,100,,,,,,,,,118.29,100,118.62,400,119.7,200,120.4,200,121.36,100,,,,,,,,,,
2026-01-16 09:31:49,118.18,118.05,1,117.94,400,118.42,400,118.42,117.94,117.94,400,117.05,100,,,,,,,,,,,,,,,,,118.42,400,118.62,400,119.7,200,120.4,200,121.36,100,,,,,,,,,,
2026-01-16 09:31:50,118.82,118.26,2,117.94,400,119.7,200,119.7,117.94,117.94,400,117.05,100,,,,,,,,,,,,,,,,,119.7,200,120.4,200,121.36,100,,,,,,,,,,,,,,
2026-01-16 09:31:51,118.325,118.26,2,118.04,400,118.61,400,118.61,118.04,118.04,400,117.05,100,,,,,,,,,,,,,,,,,118.61,400,119.7,200,120.4,200,121.36,100,,,,,,,,,,,,
2026-01-16 09:31:52,118.325,118.26,2,118.04,400,118.61,400,118.61,118.04,118.04,400,117.05,100,,,,,,,,,,,,,,,,,118.61,400,119.7,200,120.4,200,121.36,100,,,,,,,,,,,,
2026-01-16 09:31:53,118.22,118.26,2,118.04,400,118.4,100,118.4,118.04,118.04,400,117.05,100,,,,,,,,,,,,,,,,,118.4,100,118.61,400,119.7,200,120.4,200,121.36,100,,,,,,,,,,
2026-01-16 09:31:54,118.18,118.26,2,118.04,400,118.32,300,118.32,118.04,118.04,400,117.05,100,,,,,,,,,,,,,,,,,118.32,300,118.4,100,118.61,400,119.7,200,120.4,200,121.36,100,,,,,,,,
2026-01-16 09:31:55,118.22,118.26,2,118.04,400,118.4,100,118.4,118.04,118.04,400,117.05,100,,,,,,,,,,,,,,,,,118.4,100,118.61,400,119.7,200,120.4,200,121.36,100,,,,,,,,,,
2026-01-16 09:31:56,118.12,118.26,2,117.94,500,118.3,100,118.3,117.94,117.94,500,117.05,100,,,,,,,,,,,,,,,,,118.3,100,118.4,100,118.61,400,119.7,200,120.4,200,121.36,100,,,,,,,,
2026-01-16 09:31:57,118.115,118.26,2,117.94,500,118.29,100,118.29,117.94,117.94,500,117.05,100,,,,,,,,,,,,,,,,,118.29,100,118.3,100,118.4,100,118.61,400,119.7,200,120.4,200,121.36,100,,,,,,
2026-01-16 09:31:58,118.115,118.26,2,117.94,500,118.29,100,118.29,117.94,117.94,500,117.05,100,,,,,,,,,,,,,,,,,118.29,100,118.3,100,118.4,100,118.61,400,119.7,200,120.4,200,121.36,100,,,,,,
2026-01-16 09:31:59,118.215,118.3,1,118.03,500,118.4,100,118.4,118.03,118.03,500,117.05,100,,,,,,,,,,,,,,,,,118.4,100,118.61,400,119.7,200,120.4,200,121.36,100,,,,,,,,,,
2026-01-16 09:32:00,118.215,118.3,1,118.03,500,118.4,100,118.4,118.03,118.03,500,117.05,100,,,,,,,,,,,,,,,,,118.4,100,118.61,400,119.7,200,120.4,200,121.36,100,,,,,,,,,,
2026-01-16 09:32:01,118.215,118.3,1,118.03,500,118.4,100,118.4,118.03,118.03,500,117.05,100,,,,,,,,,,,,,,,,,118.4,100,118.61,400,119.7,200,120.4,200,121.36,100,,,,,,,,,,
2026-01-16 09:32:02,118.215,118.3,1,118.03,500,118.4,100,118.4,118.03,118.03,500,117.05,100,,,,,,,,,,,,,,,,,118.4,100,118.61,400,119.7,200,120.4,200,121.36,100,,,,,,,,,,
2026-01-16 09:32:03,118.32,118.3,1,118.24,100,118.4,100,118.4,118.24,118.24,100,118.03,500,117.05,100,,,,,,,,,,,,,,,118.4,100,118.61,400,119.7,200,120.4,200,121.36,100,,,,,,,,,,
2026-01-16 09:32:04,118.32,118.3,1,118.24,100,118.4,100,118.4,118.24,118.24,100,118.03,500,117.05,100,,,,,,,,,,,,,,,118.4,100,118.61,400,119.7,200,120.4,200,121.36,100,,,,,,,,,,
2026-01-16 09:32:05,118.43,118.42,1,118.24,100,118.62,400,118.62,118.24,118.24,100,118.03,500,117.05,100,,,,,,,,,,,,,,,118.62,400,119.7,200,120.4,200,121.36,100,,,,,,,,,,,,
2026-01-16 09:32:06,118.345,118.42,1,118.24,100,118.45,200,118.45,118.24,118.24,100,118.03,500,117.05,100,,,,,,,,,,,,,,,118.45,200,118.61,100,118.62,400,119.7,200,120.4,200,121.36,100,,,,,,,,
2026-01-16 09:32:07,118.455,118.42,1,118.29,100,118.62,400,118.62,118.29,118.29,100,118.24,100,118.03,500,117.05,100,,,,,,,,,,,,,118.62,400,119.7,200,120.4,200,121.36,100,,,,,,,,,,,,
2026-01-16 09:32:08,118.455,118.42,1,118.29,100,118.62,400,118.62,118.29,118.29,100,118.24,100,118.03,500,117.05,100,,,,,,,,,,,,,118.62,400,119.7,200,120.4,200,121.36,100,,,,,,,,,,,,
2026-01-16 09:32:09,118.455,118.42,1,118.29,100,118.62,400,118.62,118.29,118.29,100,118.24,100,118.03,500,117.05,100,,,,,,,,,,,,,118.62,400,119.7,200,120.4,200,121.36,100,,,,,,,,,,,,
2026-01-16 09:32:10,118.455,118.42,1,118.29,100,118.62,400,118.62,118.29,118.29,100,118.24,100,118.03,500,117.05,100,,,,,,,,,,,,,118.62,400,119.7,200,120.4,200,121.36,100,,,,,,,,,,,,
2026-01-16 09:32:11,118.455,118.42,1,118.29,100,118.62,400,118.62,118.29,118.29,100,118.24,100,118.03,500,117.05,100,,,,,,,,,,,,,118.62,400,119.7,200,120.4,200,121.36,100,,,,,,,,,,,,
2026-01-16 09:32:12,118.41,118.42,1,118.29,100,118.53,100,118.53,118.29,118.29,100,118.24,100,118.03,500,117.05,100,,,,,,,,,,,,,118.53,100,118.62,400,119.7,200,120.4,200,121.36,100,,,,,,,,,,
2026-01-16 09:32:13,118.605,118.53,1,118.37,100,118.84,500,118.84,118.37,118.37,100,118.29,100,118.24,100,118.03,500,117.05,100,,,,,,,,,,,118.84,500,119.7,200,120.4,200,121.36,100,,,,,,,,,,,,
2026-01-16 09:32:14,118.52,118.53,1,118.37,100,118.67,100,118.67,118.37,118.37,100,118.29,100,118.24,100,118.03,500,117.05,100,,,,,,,,,,,118.67,100,118.84,500,119.7,200,120.4,200,121.36,100,,,,,,,,,,
2026-01-16 09:32:15,118.605,118.67,1,118.37,100,118.84,500,118.84,118.37,118.37,100,118.29,100,118.24,100,118.03,500,117.05,100,,,,,,,,,,,118.84,500,119.7,200,120.4,200,121.36,100,,,,,,,,,,,,
2026-01-16 09:32:16,118.73,118.66,1,118.62,100,118.84,500,118.84,118.62,118.62,100,118.37,100,118.29,100,118.24,100,118.03,500,117.05,100,,,,,,,,,118.84,500,119.7,200,120.4,200,121.36,100,,,,,,,,,,,,
2026-01-16 09:32:17,118.605,118.62,1,118.37,100,118.84,500,118.84,118.37,118.37,100,118.29,100,118.24,100,118.03,500,117.05,100,,,,,,,,,,,118.84,500,119.7,200,120.4,200,121.36,100,,,,,,,,,,,,
2026-01-16 09:32:18,118.605,118.62,1,118.37,100,118.84,500,118.84,118.37,118.37,100,118.29,100,118.24,100,118.03,500,117.05,100,,,,,,,,,,,118.84,500,119.7,200,120.4,200,121.36,100,,,,,,,,,,,,
2026-01-16 09:32:19,118.775,118.62,1,118.61,100,118.94,400,118.94,118.61,118.61,100,118.39,100,118.37,100,118.29,100,118.24,100,118.03,500,117.05,100,,,,,,,118.94,400,119.7,200,120.4,200,121.36,100,,,,,,,,,,,,
2026-01-16 09:32:20,118.775,118.67,1,118.61,100,118.94,400,118.94,118.61,118.61,100,118.39,100,118.37,100,118.29,100,118.24,100,118.03,500,117.05,100,,,,,,,118.94,400,119.7,200,120.4,200,121.36,100,,,,,,,,,,,,
2026-01-16 09:32:21,118.775,118.67,1,118.61,100,118.94,400,118.94,118.61,118.61,100,118.39,100,118.37,100,118.29,100,118.24,100,118.03,500,117.05,100,,,,,,,118.94,400,119.7,200,120.4,200,121.36,100,,,,,,,,,,,,
2026-01-16 09:32:22,118.775,118.67,1,118.61,100,118.94,400,118.94,118.61,118.61,100,118.39,100,118.37,100,118.29,100,118.24,100,118.03,500,117.05,100,,,,,,,118.94,400,119.7,200,120.4,200,121.36,100,,,,,,,,,,,,
2026-01-16 09:32:24,118.775,118.67,1,118.61,100,118.94,400,118.94,118.61,118.61,100,118.39,100,118.37,100,118.29,100,118.24,100,118.03,500,117.05,100,,,,,,,118.94,400,119.7,200,120.4,200,121.36,100,,,,,,,,,,,,
2026-01-16 09:32:25,118.63,118.67,1,118.32,400,118.94,400,118.94,118.32,118.32,400,118.29,100,118.24,100,118.03,500,117.05,100,,,,,,,,,,,118.94,400,119.7,200,120.4,200,121.36,100,,,,,,,,,,,,
2026-01-16 09:32:26,118.78,118.67,1,118.62,200,118.94,400,118.94,118.62,118.62,200,118.32,400,118.29,100,118.24,100,118.03,500,117.05,100,,,,,,,,,118.94,400,119.7,200,120.4,200,121.36,100,,,,,,,,,,,,
2026-01-16 09:32:26,118.68,118.67,1,118.62,200,118.74,100,118.74,118.62,118.62,200,118.32,400,118.29,100,118.24,100,118.03,500,117.05,100,,,,,,,,,118.74,100,118.94,400,119.7,200,120.4,200,121.36,100,,,,,,,,,,
2026-01-16 09:32:28,118.68,118.67,1,118.62,100,118.74,100,118.74,118.62,118.62,100,118.32,400,118.29,100,118.24,100,118.03,500,117.05,100,,,,,,,,,118.74,100,118.94,400,119.7,200,120.4,200,121.36,100,,,,,,,,,,
2026-01-16 09:32:29,118.59,118.69,1,118.32,400,118.86,400,118.86,118.32,118.32,400,118.29,100,118.24,100,118.03,500,117.05,100,,,,,,,,,,,118.86,400,118.94,400,119.7,200,120.4,200,121.36,100,,,,,,,,,,
2026-01-16 09:32:30,118.635,118.69,1,118.41,400,118.86,400,118.86,118.41,118.41,400,117.26,200,117.05,100,,,,,,,,,,,,,,,118.86,400,118.94,400,119.7,200,120.4,200,121.36,100,,,,,,,,,,
2026-01-16 09:32:31,118.635,118.69,1,118.41,400,118.86,400,118.86,118.41,118.41,400,117.26,200,117.05,100,,,,,,,,,,,,,,,118.86,400,118.94,400,119.7,200,120.4,200,121.36,100,,,,,,,,,,
2026-01-16 09:32:31,118.68,118.69,1,118.41,400,118.95,400,118.95,118.41,118.41,400,117.26,200,117.05,100,,,,,,,,,,,,,,,118.95,400,119.7,200,120.4,200,121.36,100,,,,,,,,,,,,
2026-01-16 09:32:33,118.605,118.69,1,118.41,400,118.8,100,118.8,118.41,118.41,400,117.26,200,117.05,100,,,,,,,,,,,,,,,118.8,100,118.95,400,119.7,200,120.4,200,121.36,100,,,,,,,,,,
2026-01-16 09:32:33,118.655,118.69,1,118.51,100,118.8,100,118.8,118.51,118.51,100,118.41,400,117.26,200,117.05,100,,,,,,,,,,,,,118.8,100,118.95,400,119.7,200,120.4,200,121.36,100,,,,,,,,,,
2026-01-16 09:32:35,118.645,118.69,1,118.51,100,118.78,100,118.78,118.51,118.51,100,118.41,400,117.26,200,117.05,100,,,,,,,,,,,,,118.78,100,118.8,100,118.95,400,119.7,200,120.4,200,121.36,100,,,,,,,,
2026-01-16 09:32:36,118.665,118.69,1,118.55,100,118.78,100,118.78,118.55,118.55,100,118.51,100,118.41,400,117.26,200,117.05,100,,,,,,,,,,,118.78,100,118.8,100,118.95,400,119.7,200,120.4,200,121.36,100,,,,,,,,
2026-01-16 09:32:36,118.76,118.74,1,118.57,100,118.95,400,118.95,118.57,118.57,100,118.55,100,118.51,100,118.41,400,117.26,200,117.05,100,,,,,,,,,118.95,400,119.7,200,120.4,200,121.36,100,,,,,,,,,,,,
2026-01-16 09:32:37,118.76,118.74,1,118.57,100,118.95,400,118.95,118.57,118.57,100,118.55,100,118.51,100,118.41,400,117.26,200,117.05,100,,,,,,,,,118.95,400,119.7,200,120.4,200,121.36,100,,,,,,,,,,,,
2026-01-16 09:32:39,118.76,118.74,1,118.57,100,118.95,400,118.95,118.57,118.57,100,118.55,100,118.51,100,118.41,400,117.26,200,117.05,100,,,,,,,,,118.95,400,119.7,200,120.4,200,121.36,100,,,,,,,,,,,,
2026-01-16 09:32:40,118.775,118.74,1,118.6,100,118.95,400,118.95,118.6,118.6,100,118.57,100,118.55,100,118.51,100,118.41,400,117.26,200,117.05,100,,,,,,,118.95,400,119.7,200,120.4,200,121.36,100,,,,,,,,,,,,
2026-01-16 09:32:41,118.66,118.74,1,118.5,400,118.82,200,118.82,118.5,118.5,400,118.41,400,117.26,200,117.05,100,,,,,,,,,,,,,118.82,200,118.95,400,119.7,200,120.4,200,121.36,100,,,,,,,,,,
2026-01-16 09:32:42,118.66,118.74,1,118.5,400,118.82,200,118.82,118.5,118.5,400,118.41,400,117.26,200,117.05,100,,,,,,,,,,,,,118.82,200,118.95,400,119.7,200,120.4,200,121.36,100,,,,,,,,,,
2026-01-16 09:32:43,118.66,118.74,1,118.5,400,118.82,200,118.82,118.5,118.5,400,118.41,400,117.26,200,117.05,100,,,,,,,,,,,,,118.82,200,118.95,400,119.7,200,120.4,200,121.36,100,,,,,,,,,,
2026-01-16 09:32:44,118.66,118.74,1,118.5,400,118.82,200,118.82,118.5,118.5,400,118.41,400,117.26,200,117.05,100,,,,,,,,,,,,,118.82,200,118.95,400,119.7,200,120.4,200,121.36,100,,,,,,,,,,
2026-01-16 09:32:45,118.66,118.74,1,118.5,400,118.82,200,118.82,118.5,118.5,400,118.41,400,117.26,200,117.05,100,,,,,,,,,,,,,118.82,200,118.95,400,119.7,200,120.4,200,121.36,100,,,,,,,,,,
2026-01-16 09:32:46,118.775,118.82,1,118.5,400,119.05,400,119.05,118.5,118.5,400,118.41,400,117.26,200,117.05,100,,,,,,,,,,,,,119.05,400,119.96,200,120.4,200,121.36,100,,,,,,,,,,,,
2026-01-16 09:32:47,118.675,118.84,1,118.5,400,118.85,200,118.85,118.5,118.5,400,118.41,400,117.26,200,117.05,100,,,,,,,,,,,,,118.85,200,119.05,400,119.96,200,120.4,200,121.36,100,,,,,,,,,,
2026-01-16 09:32:48,118.675,118.84,1,118.5,400,118.85,100,118.85,118.5,118.5,400,118.41,400,117.26,200,117.05,100,,,,,,,,,,,,,118.85,100,119.05,400,119.96,200,120.4,200,121.36,100,,,,,,,,,,
2026-01-16 09:32:48,118.675,118.84,1,118.5,400,118.85,100,118.85,118.5,118.5,400,118.41,400,117.26,200,117.05,100,,,,,,,,,,,,,118.85,100,119.05,400,119.96,200,120.4,200,121.36,100,,,,,,,,,,
2026-01-16 09:32:50,118.675,118.84,1,118.5,400,118.85,100,118.85,118.5,118.5,400,118.41,400,117.26,200,117.05,100,,,,,,,,,,,,,118.85,100,119.05,400,119.96,200,120.4,200,121.36,100,,,,,,,,,,
2026-01-16 09:32:51,118.675,118.84,1,118.5,400,118.85,100,118.85,118.5,118.5,400,118.41,400,117.26,200,117.05,100,,,,,,,,,,,,,118.85,100,119.05,400,119.96,200,120.4,200,121.36,100,,,,,,,,,,
2026-01-16 09:32:52,118.675,118.84,1,118.5,400,118.85,100,118.85,118.5,118.5,400,118.41,400,117.26,200,117.05,100,,,,,,,,,,,,,118.85,100,119.05,400,119.96,200,120.4,200,121.36,100,,,,,,,,,,
2026-01-16 09:32:52,118.675,118.84,1,118.5,400,118.85,100,118.85,118.5,118.5,400,118.41,400,117.26,200,117.05,100,,,,,,,,,,,,,118.85,100,119.05,400,119.96,200,120.4,200,121.36,100,,,,,,,,,,
2026-01-16 09:32:54,118.675,118.84,1,118.5,400,118.85,100,118.85,118.5,118.5,400,118.41,400,117.26,200,117.05,100,,,,,,,,,,,,,118.85,100,119.05,400,119.96,200,120.4,200,121.36,100,,,,,,,,,,
2026-01-16 09:32:55,118.675,118.84,1,118.5,400,118.85,100,118.85,118.5,118.5,400,118.41,400,117.26,200,117.05,100,,,,,,,,,,,,,118.85,100,119.05,400,119.96,200,120.4,200,121.36,100,,,,,,,,,,
2026-01-16 09:32:56,118.675,118.84,1,118.5,400,118.85,200,118.85,118.5,118.5,400,118.41,400,117.26,200,117.05,100,,,,,,,,,,,,,118.85,200,119.05,400,119.96,200,120.4,200,121.36,100,,,,,,,,,,
2026-01-16 09:32:57,118.675,118.84,1,118.5,400,118.85,200,118.85,118.5,118.5,400,118.41,400,117.26,200,117.05,100,,,,,,,,,,,,,118.85,200,119.05,400,119.96,200,120.4,200,121.36,100,,,,,,,,,,
2026-01-16 09:32:58,118.71,118.84,1,118.57,400,118.85,200,118.85,118.57,118.57,400,117.51,200,117.26,200,117.05,100,,,,,,,,,,,,,118.85,200,119.05,400,119.96,200,120.4,200,121.36,100,,,,,,,,,,
2026-01-16 09:32:59,118.71,118.84,1,118.57,400,118.85,200,118.85,118.57,118.57,400,117.51,200,117.26,200,117.05,100,,,,,,,,,,,,,118.85,200,119.05,400,119.96,200,120.4,200,121.36,100,,,,,,,,,,
2026-01-16 09:33:00,118.71,118.84,1,118.57,400,118.85,200,118.85,118.57,118.57,400,117.51,200,117.26,200,117.05,100,,,,,,,,,,,,,118.85,200,119.05,400,119.96,200,120.4,200,121.36,100,,,,,,,,,,
2026-01-16 09:33:01,118.725,118.87,1,118.57,400,118.88,200,118.88,118.57,118.57,400,117.51,200,117.26,200,117.05,100,,,,,,,,,,,,,118.88,200,119.05,400,119.96,200,120.4,200,121.36,100,,,,,,,,,,
2026-01-16 09:33:02,118.725,118.87,1,118.57,400,118.88,200,118.88,118.57,118.57,400,117.51,200,117.26,200,117.05,100,,,,,,,,,,,,,118.88,200,119.05,400,119.96,200,120.4,200,121.36,100,,,,,,,,,,
2026-01-16 09:33:03,118.725,118.87,1,118.57,400,118.88,200,118.88,118.57,118.57,400,117.51,200,117.26,200,117.05,100,,,,,,,,,,,,,118.88,200,119.05,400,119.96,200,120.4,200,121.36,100,,,,,,,,,,
2026-01-16 09:33:04,118.725,118.87,1,118.57,400,118.88,100,118.88,118.57,118.57,400,117.51,200,117.26,200,117.05,100,,,,,,,,,,,,,118.88,100,119.05,400,119.96,200,120.4,200,121.36,100,,,,,,,,,,
2026-01-16 09:33:05,118.725,118.8,1,118.57,400,118.88,100,118.88,118.57,118.57,400,117.51,200,117.26,200,117.05,100,,,,,,,,,,,,,118.88,100,119.05,400,119.96,200,120.4,200,121.36,100,,,,,,,,,,
2026-01-16 09:33:06,118.725,118.8,1,118.57,400,118.88,100,118.88,118.57,118.57,400,117.51,200,117.26,200,117.05,100,,,,,,,,,,,,,118.88,100,119.05,400,119.96,200,120.4,200,121.36,100,,,,,,,,,,
2026-01-16 09:33:07,118.86,118.95,1,118.57,400,119.15,400,119.15,118.57,118.57,400,117.51,200,117.26,200,117.05,100,,,,,,,,,,,,,119.15,400,119.96,200,120.4,200,121.36,100,,,,,,,,,,,,
2026-01-16 09:33:08,118.95,118.95,1,118.66,400,119.24,500,119.24,118.66,118.66,400,117.51,200,117.26,200,117.05,100,,,,,,,,,,,,,119.24,500,119.96,200,120.4,200,121.36,100,,,,,,,,,,,,
2026-01-16 09:33:09,118.95,118.95,1,118.66,400,119.24,500,119.24,118.66,118.66,400,117.51,200,117.26,200,117.05,100,,,,,,,,,,,,,119.24,500,119.96,200,120.4,200,121.36,100,,,,,,,,,,,,
2026-01-16 09:33:10,118.95,118.95,1,118.66,400,119.24,500,119.24,118.66,118.66,400,117.51,200,117.26,200,117.05,100,,,,,,,,,,,,,119.24,500,119.96,200,120.4,200,121.36,100,,,,,,,,,,,,
2026-01-16 09:33:11,118.95,119.01,1,118.66,400,119.24,500,119.24,118.66,118.66,400,117.51,200,117.26,200,117.05,100,,,,,,,,,,,,,119.24,500,119.96,200,120.4,200,121.36,100,,,,,,,,,,,,
2026-01-16 09:33:12,118.85,119.01,1,118.66,400,119.04,100,119.04,118.66,118.66,400,117.51,200,117.26,200,117.05,100,,,,,,,,,,,,,119.04,100,119.13,100,119.24,500,119.96,200,120.4,200,121.36,100,,,,,,,,
2026-01-16 09:33:13,118.85,119.01,1,118.66,400,119.04,100,119.04,118.66,118.66,400,117.51,200,117.26,200,117.05,100,,,,,,,,,,,,,119.04,100,119.13,100,119.24,500,119.96,200,120.4,200,121.36,100,,,,,,,,
2026-01-16 09:33:14,118.85,119.01,1,118.66,400,119.04,100,119.04,118.66,118.66,400,117.51,200,117.26,200,117.05,100,,,,,,,,,,,,,119.04,100,119.13,100,119.24,500,119.96,200,120.4,200,121.36,100,,,,,,,,
2026-01-16 09:33:15,118.85,119.01,1,118.66,400,119.04,100,119.04,118.66,118.66,400,117.51,200,117.26,200,117.05,100,,,,,,,,,,,,,119.04,100,119.13,100,119.24,500,119.96,200,120.4,200,121.36,100,,,,,,,,
2026-01-16 09:33:16,118.85,119.01,1,118.66,400,119.04,100,119.04,118.66,118.66,400,117.51,200,117.26,200,117.05,100,,,,,,,,,,,,,119.04,100,119.13,100,119.24,500,119.96,200,120.4,200,121.36,100,,,,,,,,
2026-01-16 09:33:17,118.73,118.82,1,118.56,400,118.9,200,118.9,118.56,118.56,400,117.51,200,117.26,200,117.05,100,,,,,,,,,,,,,118.9,200,119.04,100,119.13,100,119.24,500,119.96,200,120.4,200,121.36,100,,,,,,
2026-01-16 09:33:18,118.73,118.82,1,118.56,400,118.9,200,118.9,118.56,118.56,400,117.51,200,117.26,200,117.05,100,,,,,,,,,,,,,118.9,200,119.04,100,119.13,100,119.24,500,119.96,200,120.4,200,121.36,100,,,,,,
2026-01-16 09:33:19,118.73,118.82,1,118.56,400,118.9,200,118.9,118.56,118.56,400,117.51,200,117.26,200,117.05,100,,,,,,,,,,,,,118.9,200,119.04,100,119.13,100,119.24,500,119.96,200,120.4,200,121.36,100,,,,,,
2026-01-16 09:33:20,118.755,118.82,1,118.46,400,119.05,400,119.05,118.46,118.46,400,117.51,200,117.26,200,117.05,100,,,,,,,,,,,,,119.05,400,119.13,100,119.24,500,119.96,200,120.4,200,121.36,100,,,,,,,,
2026-01-16 09:33:21,118.755,118.82,1,118.46,400,119.05,400,119.05,118.46,118.46,400,117.51,200,117.26,200,117.05,100,,,,,,,,,,,,,119.05,400,119.13,100,119.24,500,119.96,200,120.4,200,121.36,100,,,,,,,,
2026-01-16 09:33:22,118.755,118.82,1,118.46,400,119.05,400,119.05,118.46,118.46,400,117.51,200,117.26,200,117.05,100,,,,,,,,,,,,,119.05,400,119.13,100,119.24,500,119.96,200,120.4,200,121.36,100,,,,,,,,
2026-01-16 09:33:23,118.755,118.82,1,118.46,400,119.05,400,119.05,118.46,118.46,400,117.51,200,117.26,200,117.05,100,,,,,,,,,,,,,119.05,400,119.13,100,119.24,500,119.96,200,120.4,200,121.36,100,,,,,,,,
2026-01-16 09:33:24,118.755,118.82,1,118.46,400,119.05,400,119.05,118.46,118.46,400,117.51,200,117.26,200,117.05,100,,,,,,,,,,,,,119.05,400,119.13,100,119.24,500,119.96,200,120.4,200,121.36,100,,,,,,,,
2026-01-16 09:33:25,118.755,118.82,1,118.46,400,119.05,400,119.05,118.46,118.46,400,117.51,200,117.26,200,117.05,100,,,,,,,,,,,,,119.05,400,119.13,100,119.24,500,119.96,200,120.4,200,121.36,100,,,,,,,,
2026-01-16 09:33:26,118.755,118.76,1,118.46,400,119.05,400,119.05,118.46,118.46,400,117.51,200,117.26,200,117.05,100,,,,,,,,,,,,,119.05,400,119.13,100,119.24,500,119.96,200,120.4,200,121.36,100,,,,,,,,
2026-01-16 09:33:27,118.755,118.76,1,118.46,400,119.05,400,119.05,118.46,118.46,400,117.51,200,117.26,200,117.05,100,,,,,,,,,,,,,119.05,400,119.13,100,119.24,500,119.96,200,120.4,200,121.36,100,,,,,,,,
2026-01-16 09:33:28,118.755,118.76,1,118.46,400,119.05,400,119.05,118.46,118.46,400,117.51,200,117.26,200,117.05,100,,,,,,,,,,,,,119.05,400,119.13,100,119.24,500,119.96,200,120.4,200,121.36,100,,,,,,,,
2026-01-16 09:33:29,118.755,118.76,1,118.46,400,119.05,400,119.05,118.46,118.46,400,117.51,200,117.26,200,117.05,100,,,,,,,,,,,,,119.05,400,119.13,100,119.24,500,119.96,200,120.4,200,121.36,100,,,,,,,,
2026-01-16 09:33:30,118.755,118.76,1,118.46,400,119.05,400,119.05,118.46,118.46,400,117.51,200,117.26,200,117.05,100,,,,,,,,,,,,,119.05,400,119.13,100,119.24,500,119.96,200,120.4,200,121.36,100,,,,,,,,
2026-01-16 09:33:31,118.805,118.76,1,118.56,400,119.05,400,119.05,118.56,118.56,400,118.46,400,117.51,200,117.26,200,117.05,100,,,,,,,,,,,119.05,400,119.13,100,119.24,500,119.96,200,120.4,200,121.36,100,,,,,,,,
2026-01-16 09:33:32,118.805,118.76,1,118.56,400,119.05,400,119.05,118.56,118.56,400,118.46,400,117.51,200,117.26,200,117.05,100,,,,,,,,,,,119.05,400,119.13,100,119.24,500,119.96,200,120.4,200,121.36,100,,,,,,,,
2026-01-16 09:33:33,118.805,118.76,1,118.56,400,119.05,400,119.05,118.56,118.56,400,118.46,400,117.51,200,117.26,200,117.05,100,,,,,,,,,,,119.05,400,119.13,100,119.24,500,119.96,200,120.4,200,121.36,100,,,,,,,,
2026-01-16 09:33:34,118.805,118.76,1,118.56,400,119.05,400,119.05,118.56,118.56,400,118.46,400,117.51,200,117.26,200,117.05,100,,,,,,,,,,,119.05,400,119.13,100,119.24,500,119.96,200,120.4,200,121.36,100,,,,,,,,
2026-01-16 09:33:35,118.805,118.76,1,118.56,400,119.05,400,119.05,118.56,118.56,400,118.46,400,117.51,200,117.26,200,117.05,100,,,,,,,,,,,119.05,400,119.13,100,119.24,500,119.96,200,120.4,200,121.36,100,,,,,,,,
2026-01-16 09:33:36,118.805,118.76,1,118.56,400,119.05,400,119.05,118.56,118.56,400,118.46,400,117.51,200,117.26,200,117.05,100,,,,,,,,,,,119.05,400,119.13,100,119.24,500,119.96,200,120.4,200,121.36,100,,,,,,,,
2026-01-16 09:33:37,118.845,118.76,1,118.64,100,119.05,400,119.05,118.64,118.64,100,118.47,400,117.51,200,117.26,200,117.05,100,,,,,,,,,,,119.05,400,119.13,100,119.24,500,119.96,200,120.4,200,121.36,100,,,,,,,,
2026-01-16 09:33:38,118.845,118.76,1,118.64,100,119.05,400,119.05,118.64,118.64,100,118.47,400,117.51,200,117.26,200,117.05,100,,,,,,,,,,,119.05,400,119.13,100,119.24,500,119.96,200,120.4,200,121.36,100,,,,,,,,
2026-01-16 09:33:39,118.845,118.76,1,118.64,100,119.05,400,119.05,118.64,118.64,100,118.47,400,117.51,200,117.26,200,117.05,100,,,,,,,,,,,119.05,400,119.13,100,119.24,500,119.96,200,120.4,200,121.36,100,,,,,,,,
2026-01-16 09:33:40,118.845,118.76,1,118.64,100,119.05,400,119.05,118.64,118.64,100,118.47,400,117.51,200,117.26,200,117.05,100,,,,,,,,,,,119.05,400,119.13,100,119.24,500,119.96,200,120.4,200,121.36,100,,,,,,,,
2026-01-16 09:33:41,118.845,118.76,1,118.64,100,119.05,400,119.05,118.64,118.64,100,118.47,400,117.51,200,117.26,200,117.05,100,,,,,,,,,,,119.05,400,119.13,100,119.24,500,119.96,200,120.4,200,121.36,100,,,,,,,,
2026-01-16 09:33:42,118.845,118.76,1,118.64,100,119.05,400,119.05,118.64,118.64,100,118.47,400,117.51,200,117.26,200,117.05,100,,,,,,,,,,,119.05,400,119.13,100,119.24,500,119.96,200,120.4,200,121.36,100,,,,,,,,
2026-01-16 09:33:43,118.845,118.76,1,118.64,100,119.05,400,119.05,118.64,118.64,100,118.47,400,117.51,200,117.26,200,117.05,100,,,,,,,,,,,119.05,400,119.13,100,119.24,500,119.96,200,120.4,200,121.36,100,,,,,,,,
2026-01-16 09:33:44,118.845,118.76,1,118.64,100,119.05,400,119.05,118.64,118.64,100,118.47,400,117.51,200,117.26,200,117.05,100,,,,,,,,,,,119.05,400,119.13,100,119.24,500,119.96,200,120.4,200,121.36,100,,,,,,,,
2026-01-16 09:33:45,118.79,118.76,1,118.7,100,118.88,400,118.88,118.7,118.7,100,118.64,100,118.47,400,117.51,200,117.26,200,117.05,100,,,,,,,,,118.88,400,119.05,400,119.13,100,119.24,500,119.96,200,120.4,200,121.36,100,,,,,,
2026-01-16 09:33:46,118.79,118.76,1,118.7,100,118.88,400,118.88,118.7,118.7,100,118.64,100,118.47,400,117.51,200,117.26,200,117.05,100,,,,,,,,,118.88,400,119.05,400,119.13,100,119.24,500,119.96,200,120.4,200,121.36,100,,,,,,
2026-01-16 09:33:47,118.79,118.76,1,118.7,100,118.88,400,118.88,118.7,118.7,100,118.64,100,118.47,400,117.51,200,117.26,200,117.05,100,,,,,,,,,118.88,400,119.05,400,119.13,100,119.24,500,119.96,200,120.4,200,121.36,100,,,,,,
2026-01-16 09:33:48,118.79,118.76,1,118.7,100,118.88,400,118.88,118.7,118.7,100,118.64,100,118.47,400,117.51,200,117.26,200,117.05,100,,,,,,,,,118.88,400,119.05,400,119.13,100,119.24,500,119.96,200,120.4,200,121.36,100,,,,,,
2026-01-16 09:33:49,118.79,118.76,1,118.7,100,118.88,500,118.88,118.7,118.7,100,118.64,100,118.47,400,117.51,200,117.26,200,117.05,100,,,,,,,,,118.88,500,119.05,400,119.13,100,119.24,500,119.96,200,120.4,200,121.36,100,,,,,,
2026-01-16 09:33:50,118.675,118.76,1,118.47,400,118.88,500,118.88,118.47,118.47,400,117.51,200,117.26,200,117.05,100,,,,,,,,,,,,,118.88,500,119.05,400,119.13,100,119.24,500,119.96,200,120.4,200,121.36,100,,,,,,
2026-01-16 09:33:51,118.675,118.76,1,118.47,400,118.88,500,118.88,118.47,118.47,400,117.51,200,117.26,200,117.05,100,,,,,,,,,,,,,118.88,500,119.05,400,119.13,100,119.24,500,119.96,200,120.4,200,121.36,100,,,,,,
2026-01-16 09:33:52,118.675,118.68,1,118.47,400,118.88,500,118.88,118.47,118.47,400,117.51,200,117.26,200,117.05,100,,,,,,,,,,,,,118.88,500,119.05,400,119.13,100,119.24,500,119.96,200,120.4,200,121.36,100,,,,,,
2026-01-16 09:33:53,118.675,118.68,1,118.47,400,118.88,500,118.88,118.47,118.47,400,117.51,200,117.26,200,117.05,100,,,,,,,,,,,,,118.88,500,119.05,400,119.13,100,119.24,500,119.96,200,120.4,200,121.36,100,,,,,,
2026-01-16 09:33:54,118.675,118.68,1,118.47,400,118.88,500,118.88,118.47,118.47,400,117.51,200,117.26,200,117.05,100,,,,,,,,,,,,,118.88,500,119.05,400,119.13,100,119.24,500,119.96,200,120.4,200,121.36,100,,,,,,
2026-01-16 09:33:55,118.675,118.68,1,118.47,400,118.88,100,118.88,118.47,118.47,400,117.51,200,117.26,200,117.05,100,,,,,,,,,,,,,118.88,100,119.05,400,119.13,100,119.24,500,119.96,200,120.4,200,121.36,100,,,,,,
2026-01-16 09:33:56,118.675,118.68,1,118.47,400,118.88,100,118.88,118.47,118.47,400,117.51,200,117.26,200,117.05,100,,,,,,,,,,,,,118.88,100,119.05,400,119.13,100,119.24,500,119.96,200,120.4,200,121.36,100,,,,,,
2026-01-16 09:33:57,118.675,118.67,1,118.47,400,118.88,100,118.88,118.47,118.47,400,117.51,200,117.26,200,117.05,100,,,,,,,,,,,,,118.88,100,119.05,400,119.13,100,119.24,500,119.96,200,120.4,200,121.36,100,,,,,,
2026-01-16 09:33:58,118.675,118.67,1,118.47,400,118.88,100,118.88,118.47,118.47,400,117.51,200,117.26,200,117.05,100,,,,,,,,,,,,,118.88,100,119.05,400,119.13,100,119.24,500,119.96,200,120.4,200,121.36,100,,,,,,
2026-01-16 09:33:59,118.675,118.67,1,118.47,400,118.88,100,118.88,118.47,118.47,400,117.51,200,117.26,200,117.05,100,,,,,,,,,,,,,118.88,100,119.05,400,119.13,100,119.24,500,119.96,200,120.4,200,121.36,100,,,,,,
2026-01-16 09:34:00,118.675,118.67,1,118.47,400,118.88,100,118.88,118.47,118.47,400,117.51,200,117.26,200,117.05,100,,,,,,,,,,,,,118.88,100,119.05,400,119.13,100,119.24,500,119.96,200,120.4,200,121.36,100,,,,,,
2026-01-16 09:34:01,118.675,118.67,1,118.47,400,118.88,100,118.88,118.47,118.47,400,117.51,200,117.26,200,117.05,100,,,,,,,,,,,,,118.88,100,119.05,400,119.13,100,119.24,500,119.96,200,120.4,200,121.36,100,,,,,,
2026-01-16 09:34:02,118.63,118.6,1,118.38,400,118.88,200,118.88,118.38,118.38,400,117.51,200,117.26,200,117.05,100,,,,,,,,,,,,,118.88,200,119.05,400,119.13,100,119.24,500,119.96,200,120.4,200,121.36,100,,,,,,
2026-01-16 09:34:03,118.62,118.6,1,118.38,400,118.86,100,118.86,118.38,118.38,400,117.51,200,117.26,200,117.05,100,,,,,,,,,,,,,118.86,100,118.88,200,119.05,400,119.13,100,119.24,500,119.96,200,120.4,200,121.36,100,,,,
2026-01-16 09:34:04,118.62,118.6,1,118.38,400,118.86,100,118.86,118.38,118.38,400,117.51,200,117.26,200,117.05,100,,,,,,,,,,,,,118.86,100,118.88,200,119.05,400,119.13,100,119.24,500,119.96,200,120.4,200,121.36,100,,,,
2026-01-16 09:34:05,118.62,118.6,1,118.38,400,118.86,100,118.86,118.38,118.38,400,117.51,200,117.26,200,117.05,100,,,,,,,,,,,,,118.86,100,118.88,200,119.05,400,119.13,100,119.24,500,119.96,200,120.4,200,121.36,100,,,,
2026-01-16 09:34:06,118.62,118.6,1,118.38,400,118.86,100,118.86,118.38,118.38,400,117.51,200,117.26,200,117.05,100,,,,,,,,,,,,,118.86,100,118.88,200,119.05,400,119.13,100,119.24,500,119.96,200,120.4,200,121.36,100,,,,
2026-01-16 09:34:07,118.62,118.59,1,118.38,400,118.86,100,118.86,118.38,118.38,400,117.51,200,117.26,200,117.05,100,,,,,,,,,,,,,118.86,100,118.88,200,119.05,400,119.13,100,119.24,500,119.96,200,120.4,200,121.36,100,,,,
2026-01-16 09:34:08,118.62,118.59,1,118.38,400,118.86,100,118.86,118.38,118.38,400,117.51,200,117.26,200,117.05,100,,,,,,,,,,,,,118.86,100,118.88,200,119.05,400,119.13,100,119.24,500,119.96,200,120.4,200,121.36,100,,,,
2026-01-16 09:34:09,118.62,118.59,1,118.38,400,118.86,100,118.86,118.38,118.38,400,117.51,200,117.26,200,117.05,100,,,,,,,,,,,,,118.86,100,118.88,200,119.05,400,119.13,100,119.24,500,119.96,200,120.4,200,121.36,100,,,,
2026-01-16 09:34:10,118.595,118.59,1,118.38,400,118.81,100,118.81,118.38,118.38,400,117.51,200,117.26,200,117.05,100,,,,,,,,,,,,,118.81,100,118.86,100,118.88,200,119.05,400,119.13,100,119.24,500,119.96,200,120.4,200,121.36,100,,
2026-01-16 09:34:11,118.62,118.59,1,118.38,400,118.86,100,118.86,118.38,118.38,400,117.51,200,117.26,200,117.05,100,,,,,,,,,,,,,118.86,100,118.88,200,119.05,400,119.13,100,119.24,500,119.96,200,120.4,200,121.36,100,,,,
2026-01-16 09:34:12,118.505,118.59,1,118.38,400,118.63,300,118.63,118.38,118.38,400,117.51,200,117.26,200,117.05,100,,,,,,,,,,,,,118.63,300,118.86,100,118.88,200,119.05,400,119.13,100,119.24,500,119.96,200,120.4,200,121.36,100,,
2026-01-16 09:34:13,118.505,118.59,1,118.38,400,118.63,300,118.63,118.38,118.38,400,117.51,200,117.26,200,117.05,100,,,,,,,,,,,,,118.63,300,118.86,100,118.88,200,119.05,400,119.13,100,119.24,500,119.96,200,120.4,200,121.36,100,,
2026-01-16 09:34:14,118.505,118.59,1,118.38,400,118.63,300,118.63,118.38,118.38,400,117.51,200,117.26,200,117.05,100,,,,,,,,,,,,,118.63,300,118.86,100,118.88,200,119.05,400,119.13,100,119.24,500,119.96,200,120.4,200,121.36,100,,
2026-01-16 09:34:15,118.62,118.59,1,118.38,400,118.86,100,118.86,118.38,118.38,400,117.51,200,117.26,200,117.05,100,,,,,,,,,,,,,118.86,100,118.88,200,119.05,400,119.13,100,119.24,500,119.96,200,120.4,200,121.36,100,,,,
2026-01-16 09:34:16,118.51,118.59,1,118.38,400,118.64,100,118.64,118.38,118.38,400,117.51,200,117.26,200,117.05,100,,,,,,,,,,,,,118.64,100,118.83,100,118.86,100,118.88,200,119.05,400,119.13,100,119.24,500,119.96,200,120.4,200,121.36,100
2026-01-16 09:34:17,118.45,118.59,1,118.3,500,118.6,100,118.6,118.3,118.3,500,117.51,200,117.26,200,117.05,100,,,,,,,,,,,,,118.6,100,118.64,100,118.83,100,118.86,100,118.88,200,119.05,400,119.13,100,119.24,500,119.96,200,120.4,200
2026-01-16 09:34:18,118.45,118.59,1,118.3,500,118.6,200,118.6,118.3,118.3,500,117.51,200,117.26,200,117.05,100,,,,,,,,,,,,,118.6,200,118.64,100,118.83,100,118.86,100,118.88,200,119.05,400,119.13,100,119.24,500,119.96,200,120.4,200
2026-01-16 09:34:19,118.45,118.59,1,118.3,500,118.6,200,118.6,118.3,118.3,500,117.51,200,117.26,200,117.05,100,,,,,,,,,,,,,118.6,200,118.64,100,118.83,100,118.86,100,118.88,200,119.05,400,119.13,100,119.24,500,119.96,200,120.4,200
2026-01-16 09:34:20,118.45,118.59,1,118.3,500,118.6,200,118.6,118.3,118.3,500,117.51,200,117.26,200,117.05,100,,,,,,,,,,,,,118.6,200,118.64,100,118.83,100,118.86,100,118.88,200,119.05,400,119.13,100,119.24,500,119.96,200,120.4,200
2026-01-16 09:34:21,118.45,118.59,1,118.3,500,118.6,200,118.6,118.3,118.3,500,117.51,200,117.26,200,117.05,100,,,,,,,,,,,,,118.6,200,118.64,100,118.83,100,118.86,100,118.88,200,119.05,400,119.13,100,119.24,500,119.96,200,120.4,200
2026-01-16 09:34:22,118.45,118.59,1,118.3,500,118.6,200,118.6,118.3,118.3,500,117.51,200,117.26,200,117.05,100,,,,,,,,,,,,,118.6,200,118.64,100,118.83,100,118.86,100,118.88,200,119.05,400,119.13,100,119.24,500,119.96,200,120.4,200
2026-01-16 09:34:23,118.45,118.59,1,118.3,500,118.6,200,118.6,118.3,118.3,500,117.51,200,117.26,200,117.05,100,,,,,,,,,,,,,118.6,200,118.64,100,118.83,100,118.86,100,118.88,200,119.05,400,119.13,100,119.24,500,119.96,200,120.4,200
2026-01-16 09:34:24,118.45,118.59,1,118.3,500,118.6,200,118.6,118.3,118.3,500,117.51,200,117.26,200,117.05,100,,,,,,,,,,,,,118.6,200,118.64,100,118.83,100,118.86,100,118.88,200,119.05,400,119.13,100,119.24,500,119.96,200,120.4,200
2026-01-16 09:34:25,118.555,118.59,1,118.51,100,118.6,200,118.6,118.51,118.51,100,118.3,500,117.51,200,117.26,200,117.05,100,,,,,,,,,,,118.6,200,118.64,100,118.83,100,118.86,100,118.88,200,119.05,400,119.13,100,119.24,500,119.96,200,120.4,200
2026-01-16 09:34:26,118.555,118.59,1,118.51,100,118.6,200,118.6,118.51,118.51,100,118.3,500,117.51,200,117.26,200,117.05,100,,,,,,,,,,,118.6,200,118.64,100,118.83,100,118.86,100,118.88,200,119.05,400,119.13,100,119.24,500,119.96,200,120.4,200
2026-01-16 09:34:27,118.555,118.59,1,118.51,100,118.6,200,118.6,118.51,118.51,100,118.3,500,117.51,200,117.26,200,117.05,100,,,,,,,,,,,118.6,200,118.64,100,118.83,100,118.86,100,118.88,200,119.05,400,119.13,100,119.24,500,119.96,200,120.4,200
2026-01-16 09:34:28,118.555,118.59,1,118.51,100,118.6,200,118.6,118.51,118.51,100,118.3,500,117.51,200,117.26,200,117.05,100,,,,,,,,,,,118.6,200,118.64,100,118.83,100,118.86,100,118.88,200,119.05,400,119.13,100,119.24,500,119.96,200,120.4,200
2026-01-16 09:34:29,118.555,118.59,1,118.51,100,118.6,200,118.6,118.51,118.51,100,118.3,500,117.51,200,117.26,200,117.05,100,,,,,,,,,,,118.6,200,118.64,100,118.83,100,118.86,100,118.88,200,119.05,400,119.13,100,119.24,500,119.96,200,120.4,200
2026-01-16 09:34:30,118.395,118.59,1,118.3,500,118.49,200,118.49,118.3,118.3,500,117.51,200,117.26,200,117.05,100,,,,,,,,,,,,,118.49,200,118.58,100,118.6,200,118.64,100,118.83,100,118.86,100,118.88,200,119.05,400,119.13,100,119.24,500
2026-01-16 09:34:31,118.395,118.49,1,118.3,500,118.49,100,118.49,118.3,118.3,500,117.51,200,117.26,200,117.05,100,,,,,,,,,,,,,118.49,100,118.58,100,118.6,200,118.64,100,118.83,100,118.86,100,118.88,200,119.05,400,119.13,100,119.24,500
2026-01-16 09:34:32,118.44,118.49,1,118.3,500,118.58,100,118.58,118.3,118.3,500,117.51,200,117.26,200,117.05,100,,,,,,,,,,,,,118.58,100,118.6,200,118.64,100,118.83,100,118.86,100,118.88,200,119.05,400,119.13,100,119.24,500,119.96,200
2026-01-16 09:34:33,118.44,118.49,1,118.3,500,118.58,100,118.58,118.3,118.3,500,117.51,200,117.26,200,117.05,100,,,,,,,,,,,,,118.58,100,118.6,200,118.64,100,118.83,100,118.86,100,118.88,200,119.05,400,119.13,100,119.24,500,119.96,200
2026-01-16 09:34:34,118.44,118.49,1,118.3,500,118.58,100,118.58,118.3,118.3,500,117.51,200,117.26,200,117.05,100,,,,,,,,,,,,,118.58,100,118.6,200,118.64,100,118.83,100,118.86,100,118.88,200,119.05,400,119.13,100,119.24,500,119.96,200
2026-01-16 09:34:35,118.44,118.49,1,118.3,500,118.58,100,118.58,118.3,118.3,500,117.51,200,117.26,200,117.05,100,,,,,,,,,,,,,118.58,100,118.6,200,118.64,100,118.83,100,118.86,100,118.88,200,119.05,400,119.13,100,119.24,500,119.96,200
2026-01-16 09:34:36,118.44,118.49,1,118.3,500,118.58,100,118.58,118.3,118.3,500,117.51,200,117.26,200,117.05,100,,,,,,,,,,,,,118.58,100,118.6,200,118.64,100,118.83,100,118.86,100,118.88,200,119.05,400,119.13,100,119.24,500,119.96,200
2026-01-16 09:34:37,118.44,118.49,1,118.3,500,118.58,100,118.58,118.3,118.3,500,117.51,200,117.26,200,117.05,100,,,,,,,,,,,,,118.58,100,118.6,200,118.64,100,118.83,100,118.86,100,118.88,200,119.05,400,119.13,100,119.24,500,119.96,200
2026-01-16 09:34:38,118.42,118.49,1,118.3,500,118.54,100,118.54,118.3,118.3,500,117.51,200,117.26,200,117.05,100,,,,,,,,,,,,,118.54,100,118.58,100,118.6,200,118.64,100,118.83,100,118.86,100,118.88,200,119.05,400,119.13,100,119.24,500
2026-01-16 09:34:39,118.42,118.49,1,118.3,500,118.54,100,118.54,118.3,118.3,500,117.51,200,117.26,200,117.05,100,,,,,,,,,,,,,118.54,100,118.58,100,118.6,200,118.64,100,118.83,100,118.86,100,118.88,200,119.05,400,119.13,100,119.24,500
2026-01-16 09:34:40,118.4,118.49,1,118.3,500,118.5,300,118.5,118.3,118.3,500,117.51,200,117.26,200,117.05,100,,,,,,,,,,,,,118.5,300,118.54,100,118.58,100,118.6,200,118.64,100,118.83,100,118.86,100,118.88,200,119.05,400,119.13,100
2026-01-16 09:34:41,118.4,118.49,1,118.3,500,118.5,200,118.5,118.3,118.3,500,117.51,200,117.26,200,117.05,100,,,,,,,,,,,,,118.5,200,118.54,100,118.58,100,118.6,200,118.64,100,118.83,100,118.86,100,118.88,200,119.05,400,119.13,100
2026-01-16 09:34:42,118.4,118.49,1,118.3,500,118.5,200,118.5,118.3,118.3,500,117.51,200,117.26,200,117.05,100,,,,,,,,,,,,,118.5,200,118.54,100,118.58,100,118.6,200,118.64,100,118.83,100,118.86,100,118.88,200,119.05,400,119.13,100
2026-01-16 09:34:43,118.4,118.49,1,118.3,500,118.5,200,118.5,118.3,118.3,500,117.51,200,117.26,200,117.05,100,,,,,,,,,,,,,118.5,200,118.54,100,118.58,100,118.6,200,118.64,100,118.83,100,118.86,100,118.88,200,119.05,400,119.13,100
2026-01-16 09:34:44,118.4,118.49,1,118.3,500,118.5,200,118.5,118.3,118.3,500,117.51,200,117.26,200,117.05,100,,,,,,,,,,,,,118.5,200,118.54,100,118.58,100,118.6,200,118.64,100,118.83,100,118.86,100,118.88,200,119.05,400,119.13,100
2026-01-16 09:34:45,118.485,118.5,1,118.34,100,118.63,100,118.63,118.34,118.34,100,118.32,100,118.3,500,117.51,200,117.26,200,117.05,100,,,,,,,,,118.63,100,118.64,100,118.83,100,118.86,100,118.88,200,119.05,400,119.13,100,119.24,500,119.96,200,120.4,200
2026-01-16 09:34:46,118.555,118.53,1,118.3,500,118.81,400,118.81,118.3,118.3,500,117.51,200,117.26,200,117.05,100,,,,,,,,,,,,,118.81,400,119.97,200,120.4,200,121.36,100,,,,,,,,,,,,
2026-01-16 09:34:47,118.555,118.53,1,118.3,500,118.81,400,118.81,118.3,118.3,500,117.51,200,117.26,200,117.05,100,,,,,,,,,,,,,118.81,400,119.97,200,120.4,200,121.36,100,,,,,,,,,,,,
2026-01-16 09:34:48,118.555,118.53,1,118.3,500,118.81,400,118.81,118.3,118.3,500,117.51,200,117.26,200,117.05,100,,,,,,,,,,,,,118.81,400,119.97,200,120.4,200,121.36,100,,,,,,,,,,,,
2026-01-16 09:34:49,118.45,118.53,1,118.3,500,118.6,100,118.6,118.3,118.3,500,117.51,200,117.26,200,117.05,100,,,,,,,,,,,,,118.6,100,118.81,400,119.97,200,120.4,200,121.36,100,,,,,,,,,,
2026-01-16 09:34:50,118.45,118.53,1,118.3,500,118.6,100,118.6,118.3,118.3,500,117.51,200,117.26,200,117.05,100,,,,,,,,,,,,,118.6,100,118.81,400,119.97,200,120.4,200,121.36,100,,,,,,,,,,
2026-01-16 09:34:51,118.435,118.53,1,118.3,500,118.57,100,118.57,118.3,118.3,500,117.51,200,117.26,200,117.05,100,,,,,,,,,,,,,118.57,100,118.6,100,118.81,400,119.97,200,120.4,200,121.36,100,,,,,,,,
2026-01-16 09:34:52,118.415,118.53,1,118.3,500,118.53,200,118.53,118.3,118.3,500,117.51,200,117.26,200,117.05,100,,,,,,,,,,,,,118.53,200,118.65,100,118.74,400,118.81,400,119.97,200,120.4,200,121.36,100,,,,,,
2026-01-16 09:34:53,118.415,118.53,1,118.3,500,118.53,100,118.53,118.3,118.3,500,117.51,200,117.26,200,117.05,100,,,,,,,,,,,,,118.53,100,118.65,100,118.74,400,118.81,400,119.97,200,120.4,200,121.36,100,,,,,,
2026-01-16 09:34:54,118.415,118.53,1,118.3,500,118.53,100,118.53,118.3,118.3,500,117.51,200,117.26,200,117.05,100,,,,,,,,,,,,,118.53,100,118.65,100,118.74,400,118.81,400,119.97,200,120.4,200,121.36,100,,,,,,
2026-01-16 09:34:55,118.415,118.53,1,118.3,500,118.53,100,118.53,118.3,118.3,500,117.51,200,117.26,200,117.05,100,,,,,,,,,,,,,118.53,100,118.65,100,118.74,400,118.81,400,119.97,200,120.4,200,121.36,100,,,,,,
2026-01-16 09:34:56,118.475,118.53,1,118.3,500,118.65,100,118.65,118.3,118.3,500,117.51,200,117.26,200,117.05,100,,,,,,,,,,,,,118.65,100,118.74,400,118.81,400,119.97,200,120.4,200,121.36,100,,,,,,,,
2026-01-16 09:34:57,118.475,118.53,1,118.3,500,118.65,100,118.65,118.3,118.3,500,117.51,200,117.26,200,117.05,100,,,,,,,,,,,,,118.65,100,118.74,400,118.81,400,119.97,200,120.4,200,121.36,100,,,,,,,,
2026-01-16 09:34:58,118.455,118.53,1,118.3,500,118.61,200,118.61,118.3,118.3,500,117.51,200,117.26,200,117.05,100,,,,,,,,,,,,,118.61,200,118.65,100,118.74,400,118.81,400,119.97,200,120.4,200,121.36,100,,,,,,
2026-01-16 09:34:59,118.475,118.53,1,118.3,500,118.65,100,118.65,118.3,118.3,500,117.51,200,117.26,200,117.05,100,,,,,,,,,,,,,118.65,100,118.74,400,118.81,400,119.97,200,120.4,200,121.36,100,,,,,,,,
2026-01-16 09:35:00,118.475,118.53,1,118.3,500,118.65,100,118.65,118.3,118.3,500,117.51,200,117.26,200,117.05,100,,,,,,,,,,,,,118.65,100,118.74,400,118.81,400,119.97,200,120.4,200,121.36,100,,,,,,,,
2026-01-16 09:35:01,118.44,118.53,1,118.3,500,118.58,100,118.58,118.3,118.3,500,117.51,200,117.26,200,117.05,100,,,,,,,,,,,,,118.58,100,118.62,100,118.64,100,118.65,100,118.74,400,118.81,400,119.97,200,120.4,200,121.36,100,,
2026-01-16 09:35:02,118.415,118.53,1,118.21,400,118.62,100,118.62,118.21,118.21,400,117.25,200,117.05,100,,,,,,,,,,,,,,,118.62,100,118.64,100,118.65,100,118.74,400,118.81,400,119.97,200,120.4,200,121.36,100,,,,
2026-01-16 09:35:03,118.415,118.53,1,118.21,400,118.62,100,118.62,118.21,118.21,400,117.25,200,117.05,100,,,,,,,,,,,,,,,118.62,100,118.64,100,118.65,100,118.74,400,118.81,400,119.97,200,120.4,200,121.36,100,,,,
2026-01-16 09:35:04,118.415,118.53,1,118.21,400,118.62,100,118.62,118.21,118.21,400,117.25,200,117.05,100,,,,,,,,,,,,,,,118.62,100,118.64,100,118.65,100,118.74,400,118.81,400,119.97,200,120.4,200,121.36,100,,,,
2026-01-16 09:35:05,118.415,118.53,1,118.21,400,118.62,100,118.62,118.21,118.21,400,117.25,200,117.05,100,,,,,,,,,,,,,,,118.62,100,118.64,100,118.65,100,118.74,400,118.81,400,119.97,200,120.4,200,121.36,100,,,,
2026-01-16 09:35:06,118.395,118.53,1,118.21,400,118.58,100,118.58,118.21,118.21,400,117.25,200,117.05,100,,,,,,,,,,,,,,,118.58,100,118.62,100,118.64,100,118.65,100,118.74,400,118.81,400,119.97,200,120.4,200,121.36,100,,
2026-01-16 09:35:07,118.395,118.53,1,118.21,400,118.58,100,118.58,118.21,118.21,400,117.25,200,117.05,100,,,,,,,,,,,,,,,118.58,100,118.62,100,118.64,100,118.65,100,118.74,400,118.81,400,119.97,200,120.4,200,121.36,100,,
2026-01-16 09:35:08,118.475,118.58,1,118.21,400,118.74,400,118.74,118.21,118.21,400,117.25,200,117.05,100,,,,,,,,,,,,,,,118.74,400,118.81,400,119.97,200,120.4,200,121.36,100,,,,,,,,,,
2026-01-16 09:35:09,118.475,118.58,1,118.21,400,118.74,400,118.74,118.21,118.21,400,117.25,200,117.05,100,,,,,,,,,,,,,,,118.74,400,118.81,400,119.97,200,120.4,200,121.36,100,,,,,,,,,,
2026-01-16 09:35:10,118.475,118.58,1,118.21,400,118.74,400,118.74,118.21,118.21,400,117.25,200,117.05,100,,,,,,,,,,,,,,,118.74,400,118.81,400,119.97,200,120.4,200,121.36,100,,,,,,,,,,
2026-01-16 09:35:11,118.625,118.58,1,118.43,100,118.82,400,118.82,118.43,118.43,100,118.31,400,117.25,200,117.05,100,,,,,,,,,,,,,118.82,400,119.71,200,119.97,200,120.4,200,121.36,100,,,,,,,,,,
2026-01-16 09:35:12,118.625,118.58,1,118.43,100,118.82,400,118.82,118.43,118.43,100,118.31,400,117.25,200,117.05,100,,,,,,,,,,,,,118.82,400,119.71,200,119.97,200,120.4,200,121.36,100,,,,,,,,,,
2026-01-16 09:35:13,118.625,118.58,1,118.43,100,118.82,400,118.82,118.43,118.43,100,118.31,400,117.25,200,117.05,100,,,,,,,,,,,,,118.82,400,119.71,200,119.97,200,120.4,200,121.36,100,,,,,,,,,,
2026-01-16 09:35:14,118.655,118.58,1,118.49,200,118.82,400,118.82,118.49,118.49,200,118.47,100,118.43,100,118.31,400,117.25,200,117.05,100,,,,,,,,,118.82,400,119.71,200,119.97,200,120.4,200,121.36,100,,,,,,,,,,
2026-01-16 09:35:15,118.565,118.58,1,118.31,400,118.82,400,118.82,118.31,118.31,400,117.25,200,117.05,100,,,,,,,,,,,,,,,118.82,400,119.71,200,119.97,200,120.4,200,121.36,100,,,,,,,,,,
2026-01-16 09:35:16,118.565,118.58,1,118.31,400,118.82,400,118.82,118.31,118.31,400,117.25,200,117.05,100,,,,,,,,,,,,,,,118.82,400,119.71,200,119.97,200,120.4,200,121.36,100,,,,,,,,,,
2026-01-16 09:35:17,118.565,118.58,1,118.31,400,118.82,400,118.82,118.31,118.31,400,117.25,200,117.05,100,,,,,,,,,,,,,,,118.82,400,119.71,200,119.97,200,120.4,200,121.36,100,,,,,,,,,,
2026-01-16 09:35:18,118.655,118.58,1,118.49,100,118.82,400,118.82,118.49,118.49,100,118.31,400,117.25,200,117.05,100,,,,,,,,,,,,,118.82,400,119.71,200,119.97,200,120.4,200,121.36,100,,,,,,,,,,
2026-01-16 09:35:19,118.655,118.58,1,118.49,100,118.82,400,118.82,118.49,118.49,100,118.31,400,117.25,200,117.05,100,,,,,,,,,,,,,118.82,400,119.71,200,119.97,200,120.4,200,121.36,100,,,,,,,,,,
2026-01-16 09:35:20,118.51,118.58,1,118.31,400,118.71,100,118.71,118.31,118.31,400,117.25,200,117.05,100,,,,,,,,,,,,,,,118.71,100,118.82,400,119.71,200,119.97,200,120.4,200,121.36,100,,,,,,,,
2026-01-16 09:35:21,118.565,118.58,1,118.42,100,118.71,100,118.71,118.42,118.42,100,118.31,400,117.25,200,117.05,100,,,,,,,,,,,,,118.71,100,118.82,400,119.71,200,119.97,200,120.4,200,121.36,100,,,,,,,,
2026-01-16 09:35:22,118.51,118.58,1,118.31,400,118.71,100,118.71,118.31,118.31,400,117.25,200,117.05,100,,,,,,,,,,,,,,,118.71,100,118.82,400,119.71,200,119.97,200,120.4,200,121.36,100,,,,,,,,
2026-01-16 09:35:23,118.5,118.58,1,118.31,400,118.69,100,118.69,118.31,118.31,400,117.25,200,117.05,100,,,,,,,,,,,,,,,118.69,100,118.71,100,118.82,400,119.71,200,119.97,200,120.4,200,121.36,100,,,,,,
2026-01-16 09:35:24,118.5,118.6,1,118.31,400,118.69,200,118.69,118.31,118.31,400,117.25,200,117.05,100,,,,,,,,,,,,,,,118.69,200,118.71,100,118.82,400,119.71,200,119.97,200,120.4,200,121.36,100,,,,,,
2026-01-16 09:35:25,118.5,118.6,1,118.31,400,118.69,200,118.69,118.31,118.31,400,117.25,200,117.05,100,,,,,,,,,,,,,,,118.69,200,118.71,100,118.82,400,119.71,200,119.97,200,120.4,200,121.36,100,,,,,,
2026-01-16 09:35:26,118.5,118.6,1,118.31,400,118.69,200,118.69,118.31,118.31,400,117.25,200,117.05,100,,,,,,,,,,,,,,,118.69,200,118.71,100,118.82,400,119.71,200,119.97,200,120.4,200,121.36,100,,,,,,
2026-01-16 09:35:27,118.445,118.6,1,118.31,400,118.58,100,118.58,118.31,118.31,400,117.25,200,117.05,100,,,,,,,,,,,,,,,118.58,100,118.69,200,118.71,100,118.82,400,119.71,200,119.97,200,120.4,200,121.36,100,,,,
2026-01-16 09:35:28,118.445,118.6,1,118.31,400,118.58,100,118.58,118.31,118.31,400,117.25,200,117.05,100,,,,,,,,,,,,,,,118.58,100,118.69,200,118.71,100,118.82,400,119.71,200,119.97,200,120.4,200,121.36,100,,,,
2026-01-16 09:35:29,118.445,118.6,1,118.31,400,118.58,100,118.58,118.31,118.31,400,117.25,200,117.05,100,,,,,,,,,,,,,,,118.58,100,118.69,200,118.71,100,118.82,400,119.71,200,119.97,200,120.4,200,121.36,100,,,,
2026-01-16 09:35:30,118.405,118.6,1,118.23,400,118.58,100,118.58,118.23,118.23,400,117.25,200,117.05,100,,,,,,,,,,,,,,,118.58,100,118.69,200,118.71,100,118.82,400,119.71,200,119.97,200,120.4,200,121.36,100,,,,
2026-01-16 09:35:31,118.405,118.6,1,118.23,400,118.58,100,118.58,118.23,118.23,400,117.25,200,117.05,100,,,,,,,,,,,,,,,118.58,100,118.69,200,118.71,100,118.82,400,119.71,200,119.97,200,120.4,200,121.36,100,,,,
2026-01-16 09:35:32,118.405,118.6,1,118.23,400,118.58,100,118.58,118.23,118.23,400,117.25,200,117.05,100,,,,,,,,,,,,,,,118.58,100,118.69,200,118.71,100,118.82,400,119.71,200,119.97,200,120.4,200,121.36,100,,,,
2026-01-16 09:35:33,118.405,118.6,1,118.23,400,118.58,100,118.58,118.23,118.23,400,117.25,200,117.05,100,,,,,,,,,,,,,,,118.58,100,118.69,200,118.71,100,118.82,400,119.71,200,119.97,200,120.4,200,121.36,100,,,,
2026-01-16 09:35:34,118.335,118.6,1,118.23,400,118.44,100,118.44,118.23,118.23,400,117.25,200,117.05,100,,,,,,,,,,,,,,,118.44,100,118.58,100,118.69,200,118.71,100,118.82,400,119.71,200,119.97,200,120.4,200,121.36,100,,
2026-01-16 09:35:35,118.475,118.44,1,118.23,400,118.72,400,118.72,118.23,118.23,400,117.25,200,117.05,100,,,,,,,,,,,,,,,118.72,400,118.82,400,119.71,200,119.97,200,120.4,200,121.36,100,,,,,,,,
2026-01-16 09:35:36,118.475,118.44,1,118.23,400,118.72,400,118.72,118.23,118.23,400,117.25,200,117.05,100,,,,,,,,,,,,,,,118.72,400,118.82,400,119.71,200,119.97,200,120.4,200,121.36,100,,,,,,,,
2026-01-16 09:35:37,118.475,118.44,1,118.23,400,118.72,400,118.72,118.23,118.23,400,117.25,200,117.05,100,,,,,,,,,,,,,,,118.72,400,118.82,400,119.71,200,119.97,200,120.4,200,121.36,100,,,,,,,,
2026-01-16 09:35:38,118.475,118.44,1,118.23,400,118.72,400,118.72,118.23,118.23,400,117.25,200,117.05,100,,,,,,,,,,,,,,,118.72,400,118.82,400,119.71,200,119.97,200,120.4,200,121.36,100,,,,,,,,
2026-01-16 09:35:39,118.475,118.44,1,118.23,400,118.72,400,118.72,118.23,118.23,400,117.25,200,117.05,100,,,,,,,,,,,,,,,118.72,400,118.82,400,119.71,200,119.97,200,120.4,200,121.36,100,,,,,,,,
2026-01-16 09:35:40,118.475,118.44,1,118.23,400,118.72,400,118.72,118.23,118.23,400,117.25,200,117.05,100,,,,,,,,,,,,,,,118.72,400,118.82,400,119.71,200,119.97,200,120.4,200,121.36,100,,,,,,,,
2026-01-16 09:35:41,118.475,118.44,1,118.23,400,118.72,400,118.72,118.23,118.23,400,117.25,200,117.05,100,,,,,,,,,,,,,,,118.72,400,118.82,400,119.71,200,119.97,200,120.4,200,121.36,100,,,,,,,,
2026-01-16 09:35:42,118.59,118.44,1,118.46,100,118.72,400,118.72,118.46,118.46,100,118.23,400,117.25,200,117.05,100,,,,,,,,,,,,,118.72,400,118.82,400,119.71,200,119.97,200,120.4,200,121.36,100,,,,,,,,
2026-01-16 09:35:43,118.475,118.44,1,118.23,400,118.72,400,118.72,118.23,118.23,400,117.25,200,117.05,100,,,,,,,,,,,,,,,118.72,400,118.82,400,119.71,200,119.97,200,120.4,200,121.36,100,,,,,,,,
2026-01-16 09:35:44,118.325,118.44,1,118.14,400,118.51,100,118.51,118.14,118.14,400,117.25,200,117.05,100,,,,,,,,,,,,,,,118.51,100,118.54,100,118.6,100,118.72,400,118.82,400,119.71,200,119.97,200,120.4,200,121.36,100,,
2026-01-16 09:35:45,118.325,118.44,1,118.14,400,118.51,100,118.51,118.14,118.14,400,117.25,200,117.05,100,,,,,,,,,,,,,,,118.51,100,118.54,100,118.6,100,118.72,400,118.82,400,119.71,200,119.97,200,120.4,200,121.36,100,,
2026-01-16 09:35:46,118.255,118.44,1,118.14,400,118.37,100,118.37,118.14,118.14,400,117.25,200,117.05,100,,,,,,,,,,,,,,,118.37,100,118.38,100,118.42,100,118.49,100,118.51,100,118.54,100,118.6,100,118.72,400,118.82,400,119.71,200
2026-01-16 09:35:47,118.255,118.44,1,118.14,400,118.37,100,118.37,118.14,118.14,400,117.25,200,117.05,100,,,,,,,,,,,,,,,118.37,100,118.38,100,118.42,100,118.49,100,118.51,100,118.54,100,118.6,100,118.72,400,118.82,400,119.71,200
2026-01-16 09:35:48,118.255,118.44,1,118.14,400,118.37,100,118.37,118.14,118.14,400,117.25,200,117.05,100,,,,,,,,,,,,,,,118.37,100,118.38,100,118.42,100,118.49,100,118.51,100,118.54,100,118.6,100,118.72,400,118.82,400,119.71,200
2026-01-16 09:35:49,118.255,118.44,1,118.14,400,118.37,100,118.37,118.14,118.14,400,117.25,200,117.05,100,,,,,,,,,,,,,,,118.37,100,118.38,100,118.42,100,118.49,100,118.51,100,118.54,100,118.6,100,118.72,400,118.82,400,119.71,200
2026-01-16 09:35:50,118.25,118.44,1,118.14,400,118.36,100,118.36,118.14,118.14,400,117.25,200,117.05,100,,,,,,,,,,,,,,,118.36,100,118.37,100,118.38,100,118.42,100,118.49,100,118.51,100,118.54,100,118.6,100,118.72,400,118.82,400
2026-01-16 09:35:51,118.25,118.44,1,118.14,400,118.36,100,118.36,118.14,118.14,400,117.25,200,117.05,100,,,,,,,,,,,,,,,118.36,100,118.37,100,118.38,100,118.42,100,118.49,100,118.51,100,118.54,100,118.6,100,118.72,400,118.82,400
2026-01-16 09:35:52,118.2,118.44,1,118.04,500,118.36,100,118.36,118.04,118.04,500,117.25,200,117.05,100,,,,,,,,,,,,,,,118.36,100,118.37,100,118.38,100,118.42,100,118.49,100,118.51,100,118.54,100,118.6,100,118.72,400,118.82,400
2026-01-16 09:35:53,118.2,118.44,1,118.04,400,118.36,100,118.36,118.04,118.04,400,117.25,200,117.05,100,,,,,,,,,,,,,,,118.36,100,118.37,100,118.38,100,118.42,100,118.49,100,118.51,100,118.54,100,118.6,100,118.72,400,118.82,400
2026-01-16 09:35:54,118.2,118.44,1,118.04,400,118.36,100,118.36,118.04,118.04,400,117.25,200,117.05,100,,,,,,,,,,,,,,,118.36,100,118.37,100,118.38,100,118.42,100,118.49,100,118.51,100,118.54,100,118.6,100,118.72,400,118.82,400
2026-01-16 09:35:55,118.2,118.44,1,118.04,400,118.36,100,118.36,118.04,118.04,400,117.25,200,117.05,100,,,,,,,,,,,,,,,118.36,100,118.37,100,118.38,100,118.42,100,118.49,100,118.51,100,118.54,100,118.6,100,118.72,400,118.82,400
2026-01-16 09:35:56,118.2,118.44,1,118.04,400,118.36,100,118.36,118.04,118.04,400,117.25,200,117.05,100,,,,,,,,,,,,,,,118.36,100,118.37,100,118.38,100,118.42,100,118.49,100,118.51,100,118.54,100,118.6,100,118.72,400,118.82,400
2026-01-16 09:35:57,118.16,118.44,1,118.04,400,118.28,100,118.28,118.04,118.04,400,117.25,200,117.05,100,,,,,,,,,,,,,,,118.28,100,118.36,100,118.37,100,118.38,100,118.42,100,118.49,100,118.51,100,118.54,100,118.6,100,118.72,400
2026-01-16 09:35:58,118.16,118.44,1,118.04,400,118.28,100,118.28,118.04,118.04,400,117.25,200,117.05,100,,,,,,,,,,,,,,,118.28,100,118.36,100,118.37,100,118.38,100,118.42,100,118.49,100,118.51,100,118.54,100,118.6,100,118.72,400
2026-01-16 09:35:59,118.16,118.44,1,118.04,400,118.28,100,118.28,118.04,118.04,400,117.25,200,117.05,100,,,,,,,,,,,,,,,118.28,100,118.36,100,118.37,100,118.38,100,118.42,100,118.49,100,118.51,100,118.54,100,118.6,100,118.72,400
2026-01-16 09:36:00,118.16,118.44,1,118.04,400,118.28,100,118.28,118.04,118.04,400,117.25,200,117.05,100,,,,,,,,,,,,,,,118.28,100,118.36,100,118.37,100,118.38,100,118.42,100,118.49,100,118.51,100,118.54,100,118.6,100,118.72,400
2026-01-16 09:36:01,118.16,118.44,1,118.04,400,118.28,100,118.28,118.04,118.04,400,117.25,200,117.05,100,,,,,,,,,,,,,,,118.28,100,118.36,100,118.37,100,118.38,100,118.42,100,118.49,100,118.51,100,118.54,100,118.6,100,118.72,400
2026-01-16 09:36:02,118.16,118.44,1,118.04,400,118.28,100,118.28,118.04,118.04,400,117.25,200,117.05,100,,,,,,,,,,,,,,,118.28,100,118.36,100,118.37,100,118.38,100,118.42,100,118.49,100,118.51,100,118.54,100,118.6,100,118.72,400
2026-01-16 09:36:03,118.16,118.22,1,118.04,400,118.28,100,118.28,118.04,118.04,400,117.25,200,117.05,100,,,,,,,,,,,,,,,118.28,100,118.36,100,118.37,100,118.38,100,118.42,100,118.49,100,118.51,100,118.54,100,118.6,100,118.72,400
2026-01-16 09:36:04,118.15,118.22,1,118.04,400,118.26,100,118.26,118.04,118.04,400,117.25,200,117.05,100,,,,,,,,,,,,,,,118.26,100,118.28,100,118.36,100,118.37,100,118.38,100,118.42,100,118.49,100,118.51,100,118.54,100,118.6,100
2026-01-16 09:36:05,118.15,118.22,1,118.04,400,118.26,100,118.26,118.04,118.04,400,117.25,200,117.05,100,,,,,,,,,,,,,,,118.26,100,118.28,100,118.36,100,118.37,100,118.38,100,118.42,100,118.49,100,118.51,100,118.54,100,118.6,100
2026-01-16 09:36:06,118.15,118.21,1,118.04,400,118.26,300,118.26,118.04,118.04,400,117.25,200,117.05,100,,,,,,,,,,,,,,,118.26,300,118.28,100,118.36,100,118.37,100,118.38,100,118.42,100,118.49,100,118.51,100,118.54,100,118.6,100
2026-01-16 09:36:07,118.16,118.21,1,118.06,100,118.26,200,118.26,118.06,118.06,100,118.04,400,117.25,200,117.05,100,,,,,,,,,,,,,118.26,200,118.28,100,118.36,100,118.37,100,118.38,100,118.42,100,118.49,100,118.51,100,118.54,100,118.6,100
2026-01-16 09:36:08,118.15,118.21,1,118.04,400,118.26,200,118.26,118.04,118.04,400,117.25,200,117.05,100,,,,,,,,,,,,,,,118.26,200,118.28,100,118.36,100,118.37,100,118.38,100,118.42,100,118.49,100,118.51,100,118.54,100,118.6,100
2026-01-16 09:36:09,118.15,118.21,1,118.04,400,118.26,200,118.26,118.04,118.04,400,117.25,200,117.05,100,,,,,,,,,,,,,,,118.26,200,118.28,100,118.36,100,118.37,100,118.38,100,118.42,100,118.49,100,118.51,100,118.54,100,118.6,100
2026-01-16 09:36:10,118.15,118.21,1,118.04,400,118.26,200,118.26,118.04,118.04,400,117.25,200,117.05,100,,,,,,,,,,,,,,,118.26,200,118.28,100,118.36,100,118.37,100,118.38,100,118.42,100,118.49,100,118.51,100,118.54,100,118.6,100
2026-01-16 09:36:11,118.21,118.21,1,118.16,100,118.26,200,118.26,118.16,118.16,100,117.96,500,117.25,200,117.05,100,,,,,,,,,,,,,118.26,200,118.28,100,118.36,100,118.37,100,118.38,100,118.42,100,118.49,100,118.51,100,118.54,100,118.6,100
2026-01-16 09:36:12,118.11,118.16,1,117.96,500,118.26,200,118.26,117.96,117.96,500,117.25,200,117.05,100,,,,,,,,,,,,,,,118.26,200,118.28,100,118.36,100,118.37,100,118.38,100,118.42,100,118.49,100,118.51,100,118.54,100,118.6,100
2026-01-16 09:36:13,118.065,118.16,1,117.87,400,118.26,200,118.26,117.87,117.87,400,117.25,200,117.05,100,,,,,,,,,,,,,,,118.26,200,118.28,100,118.36,100,118.37,100,118.38,100,118.42,100,118.49,100,118.51,100,118.54,100,118.6,100
2026-01-16 09:36:14,118.065,118.16,1,117.87,400,118.26,400,118.26,117.87,117.87,400,117.25,200,117.05,100,,,,,,,,,,,,,,,118.26,400,118.28,100,118.36,100,118.37,100,118.38,100,118.42,100,118.49,100,118.51,100,118.54,100,118.6,100
2026-01-16 09:36:15,118.065,118.16,1,117.87,400,118.26,400,118.26,117.87,117.87,400,117.25,200,117.05,100,,,,,,,,,,,,,,,118.26,400,118.28,100,118.36,100,118.37,100,118.38,100,118.42,100,118.49,100,118.51,100,118.54,100,118.6,100
2026-01-16 09:36:16,118.065,118.16,1,117.87,400,118.26,300,118.26,117.87,117.87,400,117.25,200,117.05,100,,,,,,,,,,,,,,,118.26,300,118.28,100,118.36,100,118.37,100,118.38,100,118.42,100,118.49,100,118.51,100,118.54,100,118.6,100
2026-01-16 09:36:17,118.05,118.16,1,117.87,400,118.23,100,118.23,117.87,117.87,400,117.25,200,117.05,100,,,,,,,,,,,,,,,118.23,100,118.26,300,118.28,100,118.36,100,118.37,100,118.38,100,118.42,100,118.49,100,118.51,100,118.54,100
2026-01-16 09:36:18,118.05,118.16,1,117.87,400,118.23,100,118.23,117.87,117.87,400,117.25,200,117.05,100,,,,,,,,,,,,,,,118.23,100,118.26,300,118.28,100,118.36,100,118.37,100,118.38,100,118.42,100,118.49,100,118.51,100,118.54,100
2026-01-16 09:36:19,118.05,118.16,1,117.87,400,118.23,100,118.23,117.87,117.87,400,117.25,200,117.05,100,,,,,,,,,,,,,,,118.23,100,118.26,400,118.28,100,118.36,100,118.37,100,118.38,100,118.42,100,118.49,100,118.51,100,118.54,100
2026-01-16 09:36:20,118.05,118.16,1,117.87,400,118.23,100,118.23,117.87,117.87,400,117.25,200,117.05,100,,,,,,,,,,,,,,,118.23,100,118.26,400,118.28,100,118.36,100,118.37,100,118.38,100,118.42,100,118.49,100,118.51,100,118.54,100
2026-01-16 09:36:21,118.05,118.1,1,117.87,400,118.23,100,118.23,117.87,117.87,400,117.25,200,117.05,100,,,,,,,,,,,,,,,118.23,100,118.26,400,118.28,100,118.36,100,118.37,100,118.38,100,118.42,100,118.49,100,118.51,100,118.54,100
2026-01-16 09:36:22,118.065,118.1,1,117.87,400,118.26,400,118.26,117.87,117.87,400,117.25,200,117.05,100,,,,,,,,,,,,,,,118.26,400,118.28,100,118.36,100,118.37,100,118.38,100,118.42,100,118.49,100,118.51,100,118.54,100,118.6,100
2026-01-16 09:36:23,118.065,118.1,1,117.87,400,118.26,400,118.26,117.87,117.87,400,117.25,200,117.05,100,,,,,,,,,,,,,,,118.26,400,118.28,100,118.36,100,118.37,100,118.38,100,118.42,100,118.49,100,118.51,100,118.54,100,118.6,100
2026-01-16 09:36:25,118.055,118.1,1,117.87,400,118.24,100,118.24,117.87,117.87,400,117.25,200,117.05,100,,,,,,,,,,,,,,,118.24,100,118.26,400,118.28,100,118.36,100,118.37,100,118.38,100,118.42,100,118.49,100,118.51,100,118.54,100
2026-01-16 09:36:26,118.055,118.1,1,117.87,400,118.24,100,118.24,117.87,117.87,400,117.25,200,117.05,100,,,,,,,,,,,,,,,118.24,100,118.26,400,118.28,100,118.36,100,118.37,100,118.38,100,118.42,100,118.49,100,118.51,100,118.54,100
2026-01-16 09:36:27,118.055,118.1,1,117.87,400,118.24,100,118.24,117.87,117.87,400,117.25,200,117.05,100,,,,,,,,,,,,,,,118.24,100,118.26,400,118.28,100,118.36,100,118.37,100,118.38,100,118.42,100,118.49,100,118.51,100,118.54,100
2026-01-16 09:36:28,118.015,118.1,1,117.87,400,118.16,100,118.16,117.87,117.87,400,117.25,200,117.05,100,,,,,,,,,,,,,,,118.16,100,118.24,100,118.26,400,118.28,100,118.36,100,118.37,100,118.38,100,118.42,100,118.49,100,118.51,100
2026-01-16 09:36:29,118.015,118.1,1,117.87,400,118.16,100,118.16,117.87,117.87,400,117.25,200,117.05,100,,,,,,,,,,,,,,,118.16,100,118.24,100,118.26,400,118.28,100,118.36,100,118.37,100,118.38,100,118.42,100,118.49,100,118.51,100
2026-01-16 09:36:30,118.015,118.1,1,117.87,400,118.16,100,118.16,117.87,117.87,400,117.25,200,117.05,100,,,,,,,,,,,,,,,118.16,100,118.24,100,118.26,400,118.28,100,118.36,100,118.37,100,118.38,100,118.42,100,118.49,100,118.51,100
2026-01-16 09:36:31,118.015,118.1,1,117.87,400,118.16,100,118.16,117.87,117.87,400,117.25,200,117.05,100,,,,,,,,,,,,,,,118.16,100,118.24,100,118.26,400,118.28,100,118.36,100,118.37,100,118.38,100,118.42,100,118.49,100,118.51,100
2026-01-16 09:36:32,118.015,118.1,1,117.87,400,118.16,100,118.16,117.87,117.87,400,117.25,200,117.05,100,,,,,,,,,,,,,,,118.16,100,118.24,100,118.26,400,118.28,100,118.36,100,118.37,100,118.38,100,118.42,100,118.49,100,118.51,100
2026-01-16 09:36:33,118.015,118.1,1,117.87,400,118.16,100,118.16,117.87,117.87,400,117.25,200,117.05,100,,,,,,,,,,,,,,,118.16,100,118.24,100,118.26,400,118.28,100,118.36,100,118.37,100,118.38,100,118.42,100,118.49,100,118.51,100
2026-01-16 09:36:34,117.925,118.1,1,117.79,500,118.06,100,118.06,117.79,117.79,500,117.05,100,,,,,,,,,,,,,,,,,118.06,100,118.07,100,118.16,100,118.24,100,118.26,400,118.28,100,118.36,100,118.37,100,118.38,100,118.42,100
2026-01-16 09:36:35,117.92,118.1,1,117.79,400,118.05,100,118.05,117.79,117.79,400,117.05,100,,,,,,,,,,,,,,,,,118.05,100,118.06,100,118.07,100,118.16,100,118.24,100,118.26,400,118.28,100,118.36,100,118.37,100,118.38,100
2026-01-16 09:36:36,117.92,118.1,1,117.79,400,118.05,100,118.05,117.79,117.79,400,117.05,100,,,,,,,,,,,,,,,,,118.05,100,118.06,100,118.07,100,118.16,100,118.24,100,118.26,400,118.28,100,118.36,100,118.37,100,118.38,100
2026-01-16 09:36:37,117.94,118.1,1,117.83,100,118.05,100,118.05,117.83,117.83,100,117.79,400,117.05,100,,,,,,,,,,,,,,,118.05,100,118.06,100,118.07,100,118.16,100,118.24,100,118.26,400,118.28,100,118.36,100,118.37,100,118.38,100
2026-01-16 09:36:38,117.92,118.1,1,117.79,400,118.05,200,118.05,117.79,117.79,400,117.05,100,,,,,,,,,,,,,,,,,118.05,200,118.06,100,118.07,100,118.16,100,118.24,100,118.26,400,118.28,100,118.36,100,118.37,100,118.38,100
2026-01-16 09:36:39,117.88,118.1,1,117.71,600,118.05,200,118.05,117.71,117.71,600,117.05,100,,,,,,,,,,,,,,,,,118.05,200,118.06,100,118.07,100,118.16,100,118.24,100,118.26,400,118.28,100,118.36,100,118.37,100,118.38,100
2026-01-16 09:36:40,117.88,118.1,1,117.71,500,118.05,200,118.05,117.71,117.71,500,117.05,100,,,,,,,,,,,,,,,,,118.05,200,118.06,100,118.07,100,118.16,100,118.24,100,118.26,400,118.28,100,118.36,100,118.37,100,118.38,100
2026-01-16 09:36:41,117.88,118.1,1,117.71,500,118.05,200,118.05,117.71,117.71,500,117.05,100,,,,,,,,,,,,,,,,,118.05,200,118.06,100,118.07,100,118.16,100,118.24,100,118.26,400,118.28,100,118.36,100,118.37,100,118.38,100
2026-01-16 09:36:42,117.88,118.1,1,117.71,500,118.05,200,118.05,117.71,117.71,500,117.05,100,,,,,,,,,,,,,,,,,118.05,200,118.06,100,118.07,100,118.16,100,118.24,100,118.26,400,118.28,100,118.36,100,118.37,100,118.38,100
2026-01-16 09:36:43,117.88,118.1,1,117.71,500,118.05,200,118.05,117.71,117.71,500,117.05,100,,,,,,,,,,,,,,,,,118.05,200,118.06,100,118.07,100,118.16,100,118.24,100,118.26,400,118.28,100,118.36,100,118.37,100,118.38,100
2026-01-16 09:36:44,117.88,118.1,1,117.71,500,118.05,200,118.05,117.71,117.71,500,117.05,100,,,,,,,,,,,,,,,,,118.05,200,118.06,100,118.07,100,118.16,100,118.24,100,118.26,400,118.28,100,118.36,100,118.37,100,118.38,100
2026-01-16 09:36:45,117.88,118.1,1,117.71,500,118.05,300,118.05,117.71,117.71,500,117.05,100,,,,,,,,,,,,,,,,,118.05,300,118.06,100,118.07,100,118.16,100,118.24,100,118.26,400,118.28,100,118.36,100,118.37,100,118.38,100
2026-01-16 09:36:46,117.88,118.1,1,117.71,500,118.05,300,118.05,117.71,117.71,500,117.05,100,,,,,,,,,,,,,,,,,118.05,300,118.06,100,118.07,100,118.16,100,118.24,100,118.26,400,118.28,100,118.36,100,118.37,100,118.38,100
2026-01-16 09:36:47,117.88,118.1,1,117.71,500,118.05,300,118.05,117.71,117.71,500,117.05,100,,,,,,,,,,,,,,,,,118.05,300,118.06,100,118.07,100,118.16,100,118.24,100,118.26,400,118.28,100,118.36,100,118.37,100,118.38,100
2026-01-16 09:36:48,117.88,118.1,1,117.71,500,118.05,400,118.05,117.71,117.71,500,117.05,100,,,,,,,,,,,,,,,,,118.05,400,118.06,100,118.07,100,118.16,100,118.24,100,118.26,400,118.28,100,118.36,100,118.37,100,118.38,100
2026-01-16 09:36:49,117.88,118.1,1,117.71,500,118.05,400,118.05,117.71,117.71,500,117.05,100,,,,,,,,,,,,,,,,,118.05,400,118.06,100,118.07,100,118.16,100,118.24,100,118.26,400,118.28,100,118.36,100,118.37,100,118.38,100
2026-01-16 09:36:50,117.88,118.1,1,117.71,500,118.05,400,118.05,117.71,117.71,500,117.05,100,,,,,,,,,,,,,,,,,118.05,400,118.06,100,118.07,100,118.16,100,118.24,100,118.26,400,118.28,100,118.36,100,118.37,100,118.38,100
2026-01-16 09:36:51,118.045,118.05,1,117.8,400,118.29,500,118.29,117.8,117.8,400,117.67,100,117.05,100,,,,,,,,,,,,,,,118.29,500,118.36,100,118.37,100,118.38,100,118.42,100,118.49,100,118.51,100,118.54,100,118.6,100,118.72,400
2026-01-16 09:36:52,118.045,118.05,1,117.8,400,118.29,500,118.29,117.8,117.8,400,117.67,100,117.05,100,,,,,,,,,,,,,,,118.29,500,118.36,100,118.37,100,118.38,100,118.42,100,118.49,100,118.51,100,118.54,100,118.6,100,118.72,400
2026-01-16 09:36:53,118.045,118.05,1,117.8,400,118.29,500,118.29,117.8,117.8,400,117.67,100,117.05,100,,,,,,,,,,,,,,,118.29,500,118.36,100,118.37,100,118.38,100,118.42,100,118.49,100,118.51,100,118.54,100,118.6,100,118.72,400
2026-01-16 09:36:54,118.045,118.05,1,117.8,400,118.29,500,118.29,117.8,117.8,400,117.67,100,117.05,100,,,,,,,,,,,,,,,118.29,500,118.36,100,118.37,100,118.38,100,118.42,100,118.49,100,118.51,100,118.54,100,118.6,100,118.72,400
2026-01-16 09:36:55,118.045,118.05,1,117.8,400,118.29,500,118.29,117.8,117.8,400,117.67,100,117.05,100,,,,,,,,,,,,,,,118.29,500,118.36,100,118.37,100,118.38,100,118.42,100,118.49,100,118.51,100,118.54,100,118.6,100,118.72,400
2026-01-16 09:36:56,118.045,118.05,1,117.8,400,118.29,500,118.29,117.8,117.8,400,117.67,100,117.05,100,,,,,,,,,,,,,,,118.29,500,118.36,100,118.37,100,118.38,100,118.42,100,118.49,100,118.51,100,118.54,100,118.6,100,118.72,400
2026-01-16 09:36:57,118.045,118.05,1,117.8,400,118.29,500,118.29,117.8,117.8,400,117.67,100,117.05,100,,,,,,,,,,,,,,,118.29,500,118.36,100,118.37,100,118.38,100,118.42,100,118.49,100,118.51,100,118.54,100,118.6,100,118.72,400
2026-01-16 09:36:58,117.97,118.05,1,117.8,400,118.14,100,118.14,117.8,117.8,400,117.67,100,117.05,100,,,,,,,,,,,,,,,118.14,100,118.29,500,118.36,100,118.37,100,118.38,100,118.42,100,118.49,100,118.51,100,118.54,100,118.6,100
2026-01-16 09:36:59,117.97,118.05,1,117.8,400,118.14,100,118.14,117.8,117.8,400,117.67,100,117.05,100,,,,,,,,,,,,,,,118.14,100,118.29,500,118.36,100,118.37,100,118.38,100,118.42,100,118.49,100,118.51,100,118.54,100,118.6,100
2026-01-16 09:37:00,117.97,117.98,2,117.8,400,118.14,100,118.14,117.8,117.8,400,117.67,100,117.05,100,,,,,,,,,,,,,,,118.14,100,118.29,500,118.36,100,118.37,100,118.38,100,118.42,100,118.49,100,118.51,100,118.54,100,118.6,100
2026-01-16 09:37:01,117.92,117.98,2,117.7,500,118.14,100,118.14,117.7,117.7,500,117.05,100,,,,,,,,,,,,,,,,,118.14,100,118.29,500,118.36,100,118.37,100,118.38,100,118.42,100,118.49,100,118.51,100,118.54,100,118.6,100
2026-01-16 09:37:02,117.92,117.96,1,117.7,500,118.14,100,118.14,117.7,117.7,500,117.05,100,,,,,,,,,,,,,,,,,118.14,100,118.29,500,118.36,100,118.37,100,118.38,100,118.42,100,118.49,100,118.51,100,118.54,100,118.6,100
2026-01-16 09:37:03,117.91,117.96,1,117.7,500,118.12,100,118.12,117.7,117.7,500,117.05,100,,,,,,,,,,,,,,,,,118.12,100,118.14,100,118.29,500,118.36,100,118.37,100,118.38,100,118.42,100,118.49,100,118.51,100,118.54,100
2026-01-16 09:37:04,117.91,117.96,1,117.7,500,118.12,100,118.12,117.7,117.7,500,117.05,100,,,,,,,,,,,,,,,,,118.12,100,118.14,200,118.29,500,118.36,100,118.37,100,118.38,100,118.42,100,118.49,100,118.51,100,118.54,100
2026-01-16 09:37:05,117.86,117.96,1,117.7,500,118.02,100,118.02,117.7,117.7,500,117.05,100,,,,,,,,,,,,,,,,,118.02,100,118.12,100,118.14,200,118.29,500,118.36,100,118.37,100,118.38,100,118.42,100,118.49,100,118.51,100
2026-01-16 09:37:06,117.855,117.96,1,117.7,500,118.01,100,118.01,117.7,117.7,500,117.05,100,,,,,,,,,,,,,,,,,118.01,100,118.02,100,118.12,100,118.14,200,118.29,500,118.36,100,118.37,100,118.38,100,118.42,100,118.49,100
2026-01-16 09:37:07,117.92,117.99,1,117.7,500,118.14,100,118.14,117.7,117.7,500,117.05,100,,,,,,,,,,,,,,,,,118.14,100,118.29,500,118.36,100,118.37,100,118.38,100,118.42,100,118.49,100,118.51,100,118.54,100,118.6,100
2026-01-16 09:37:08,117.9,117.99,1,117.7,500,118.1,100,118.1,117.7,117.7,500,117.05,100,,,,,,,,,,,,,,,,,118.1,100,118.14,100,118.29,500,118.36,100,118.37,100,118.38,100,118.42,100,118.49,100,118.51,100,118.54,100
2026-01-16 09:37:09,117.92,117.99,1,117.7,500,118.14,300,118.14,117.7,117.7,500,117.05,100,,,,,,,,,,,,,,,,,118.14,300,118.29,500,118.36,100,118.37,100,118.38,100,118.42,100,118.49,100,118.51,100,118.54,100,118.6,100
2026-01-16 09:37:10,117.91,117.99,1,117.7,500,118.12,100,118.12,117.7,117.7,500,117.05,100,,,,,,,,,,,,,,,,,118.12,100,118.14,100,118.29,500,118.36,100,118.37,100,118.38,100,118.42,100,118.49,100,118.51,100,118.54,100
2026-01-16 09:37:11,117.91,118.11,1,117.7,500,118.12,100,118.12,117.7,117.7,500,117.05,100,,,,,,,,,,,,,,,,,118.12,100,118.14,100,118.29,500,118.36,100,118.37,100,118.38,100,118.42,100,118.49,100,118.51,100,118.54,100
2026-01-16 09:37:12,118.03,118.11,1,117.92,100,118.14,100,118.14,117.92,117.92,100,117.7,500,117.05,100,,,,,,,,,,,,,,,118.14,100,118.29,500,118.36,100,118.37,100,118.38,100,118.42,100,118.49,100,118.51,100,118.54,100,118.6,100
2026-01-16 09:37:13,118.03,118.11,1,117.92,100,118.14,100,118.14,117.92,117.92,100,117.7,500,117.05,100,,,,,,,,,,,,,,,118.14,100,118.29,500,118.36,100,118.37,100,118.38,100,118.42,100,118.49,100,118.51,100,118.54,100,118.6,100
2026-01-16 09:37:14,118.03,118.11,1,117.92,100,118.14,200,118.14,117.92,117.92,100,117.7,500,117.05,100,,,,,,,,,,,,,,,118.14,200,118.29,500,118.36,100,118.37,100,118.38,100,118.42,100,118.49,100,118.51,100,118.54,100,118.6,100
2026-01-16 09:37:15,118.03,118.11,1,117.92,100,118.14,200,118.14,117.92,117.92,100,117.7,500,117.05,100,,,,,,,,,,,,,,,118.14,200,118.29,500,118.36,100,118.37,100,118.38,100,118.42,100,118.49,100,118.51,100,118.54,100,118.6,100
2026-01-16 09:37:16,118.03,118.11,1,117.92,100,118.14,200,118.14,117.92,117.92,100,117.7,500,117.05,100,,,,,,,,,,,,,,,118.14,200,118.29,500,118.36,100,118.37,100,118.38,100,118.42,100,118.49,100,118.51,100,118.54,100,118.6,100
2026-01-16 09:37:17,118.03,118.11,1,117.92,100,118.14,200,118.14,117.92,117.92,100,117.7,500,117.05,100,,,,,,,,,,,,,,,118.14,200,118.29,500,118.36,100,118.37,100,118.38,100,118.42,100,118.49,100,118.51,100,118.54,100,118.6,100
2026-01-16 09:37:18,118.03,118.11,1,117.92,100,118.14,200,118.14,117.92,117.92,100,117.7,500,117.05,100,,,,,,,,,,,,,,,118.14,200,118.29,500,118.36,100,118.37,100,118.38,100,118.42,100,118.49,100,118.51,100,118.54,100,118.6,100
2026-01-16 09:37:19,118.025,118.04,1,117.92,100,118.13,100,118.13,117.92,117.92,100,117.7,500,117.05,100,,,,,,,,,,,,,,,118.13,100,118.14,200,118.29,500,118.36,100,118.37,100,118.38,100,118.42,100,118.49,100,118.51,100,118.54,100
2026-01-16 09:37:20,118.025,118.04,1,117.92,100,118.13,100,118.13,117.92,117.92,100,117.7,500,117.05,100,,,,,,,,,,,,,,,118.13,100,118.14,200,118.29,500,118.36,100,118.37,100,118.38,100,118.42,100,118.49,100,118.51,100,118.54,100
2026-01-16 09:37:21,118.025,118.04,1,117.92,100,118.13,100,118.13,117.92,117.92,100,117.7,500,117.05,100,,,,,,,,,,,,,,,118.13,100,118.14,200,118.29,500,118.36,100,118.37,100,118.38,100,118.42,100,118.49,100,118.51,100,118.54,100
2026-01-16 09:37:22,118.01,118.04,1,117.92,100,118.1,100,118.1,117.92,117.92,100,117.7,500,117.05,100,,,,,,,,,,,,,,,118.1,100,118.12,100,118.13,100,118.14,200,118.29,500,118.36,100,118.37,100,118.38,100,118.42,100,118.49,100
2026-01-16 09:37:23,118.02,118.04,1,117.92,100,118.12,100,118.12,117.92,117.92,100,117.7,500,117.05,100,,,,,,,,,,,,,,,118.12,100,118.13,100,118.14,200,118.29,500,118.36,100,118.37,100,118.38,100,118.42,100,118.49,100,118.51,100
2026-01-16 09:37:24,118.02,118.04,1,117.92,100,118.12,100,118.12,117.92,117.92,100,117.7,500,117.05,100,,,,,,,,,,,,,,,118.12,100,118.13,100,118.14,200,118.29,500,118.36,100,118.37,100,118.38,100,118.42,100,118.49,100,118.51,100
2026-01-16 09:37:25,117.895,117.92,1,117.7,500,118.09,100,118.09,117.7,117.7,500,117.05,100,,,,,,,,,,,,,,,,,118.09,100,118.1,100,118.12,100,118.13,100,118.14,200,118.29,500,118.36,100,118.37,100,118.38,100,118.42,100
2026-01-16 09:37:26,117.895,117.92,1,117.7,500,118.09,100,118.09,117.7,117.7,500,117.05,100,,,,,,,,,,,,,,,,,118.09,100,118.1,100,118.12,100,118.13,100,118.14,200,118.29,500,118.36,100,118.37,100,118.38,100,118.42,100
2026-01-16 09:37:27,117.815,117.92,1,117.7,500,117.93,100,117.93,117.7,117.7,500,117.05,100,,,,,,,,,,,,,,,,,117.93,100,118.09,100,118.1,100,118.12,100,118.13,100,118.14,200,118.29,500,118.36,100,118.37,100,118.38,100
2026-01-16 09:37:28,117.815,117.92,1,117.7,500,117.93,100,117.93,117.7,117.7,500,117.05,100,,,,,,,,,,,,,,,,,117.93,100,118.09,100,118.1,100,118.12,100,118.13,100,118.14,200,118.29,500,118.36,100,118.37,100,118.38,100
2026-01-16 09:37:29,117.815,117.9,1,117.7,500,117.93,100,117.93,117.7,117.7,500,117.05,100,,,,,,,,,,,,,,,,,117.93,100,118.09,100,118.1,100,118.12,100,118.13,100,118.14,200,118.29,500,118.36,100,118.37,100,118.38,100
2026-01-16 09:37:30,117.85,117.93,1,117.7,500,118.0,300,118.0,117.7,117.7,500,117.05,100,,,,,,,,,,,,,,,,,118.0,300,118.09,100,118.1,100,118.12,100,118.13,100,118.14,200,118.29,500,118.36,100,118.37,100,118.38,100
2026-01-16 09:37:31,117.82,117.93,1,117.7,500,117.94,100,117.94,117.7,117.7,500,117.05,100,,,,,,,,,,,,,,,,,117.94,100,118.0,300,118.09,100,118.1,100,118.12,100,118.13,100,118.14,200,118.29,500,118.36,100,118.37,100
2026-01-16 09:37:32,117.85,117.94,1,117.7,500,118.0,300,118.0,117.7,117.7,500,117.05,100,,,,,,,,,,,,,,,,,118.0,300,118.09,100,118.1,100,118.12,100,118.13,100,118.14,200,118.29,500,118.36,100,118.37,100,118.38,100
2026-01-16 09:37:33,117.85,117.94,1,117.7,500,118.0,300,118.0,117.7,117.7,500,117.05,100,,,,,,,,,,,,,,,,,118.0,300,118.09,100,118.1,100,118.12,100,118.13,100,118.14,200,118.29,500,118.36,100,118.37,100,118.38,100
2026-01-16 09:37:34,117.85,117.94,1,117.7,500,118.0,400,118.0,117.7,117.7,500,117.05,100,,,,,,,,,,,,,,,,,118.0,400,118.09,100,118.1,100,118.12,100,118.13,100,118.14,200,118.29,500,118.36,100,118.37,100,118.38,100
2026-01-16 09:37:35,117.85,117.94,1,117.7,500,118.0,400,118.0,117.7,117.7,500,117.05,100,,,,,,,,,,,,,,,,,118.0,400,118.09,100,118.1,100,118.12,100,118.13,100,118.14,200,118.29,500,118.36,100,118.37,100,118.38,100
2026-01-16 09:37:36,117.85,117.94,1,117.7,500,118.0,400,118.0,117.7,117.7,500,117.05,100,,,,,,,,,,,,,,,,,118.0,400,118.09,100,118.1,100,118.12,100,118.13,100,118.14,200,118.29,500,118.36,100,118.37,100,118.38,100
2026-01-16 09:37:37,117.85,117.94,1,117.7,500,118.0,400,118.0,117.7,117.7,500,117.05,100,,,,,,,,,,,,,,,,,118.0,400,118.09,100,118.1,100,118.12,100,118.13,100,118.14,200,118.29,500,118.36,100,118.37,100,118.38,100
2026-01-16 09:37:38,117.85,117.94,1,117.7,500,118.0,400,118.0,117.7,117.7,500,117.05,100,,,,,,,,,,,,,,,,,118.0,400,118.09,100,118.1,100,118.12,100,118.13,100,118.14,200,118.29,500,118.36,100,118.37,100,118.38,100
2026-01-16 09:37:39,117.85,117.94,1,117.7,500,118.0,400,118.0,117.7,117.7,500,117.05,100,,,,,,,,,,,,,,,,,118.0,400,118.09,100,118.1,100,118.12,100,118.13,100,118.14,200,118.29,500,118.36,100,118.37,100,118.38,100
2026-01-16 09:37:40,117.85,117.94,1,117.7,500,118.0,400,118.0,117.7,117.7,500,117.05,100,,,,,,,,,,,,,,,,,118.0,400,118.09,100,118.1,100,118.12,100,118.13,100,118.14,200,118.29,500,118.36,100,118.37,100,118.38,100
2026-01-16 09:37:41,117.85,117.94,1,117.7,500,118.0,400,118.0,117.7,117.7,500,117.05,100,,,,,,,,,,,,,,,,,118.0,400,118.09,100,118.1,100,118.12,100,118.13,100,118.14,200,118.29,500,118.36,100,118.37,100,118.38,100
2026-01-16 09:37:42,117.835,117.94,1,117.7,500,117.97,100,117.97,117.7,117.7,500,117.05,100,,,,,,,,,,,,,,,,,117.97,100,118.0,400,118.09,100,118.1,100,118.12,100,118.13,100,118.14,200,118.29,500,118.36,100,118.37,100
2026-01-16 09:37:43,117.835,117.94,1,117.7,500,117.97,100,117.97,117.7,117.7,500,117.05,100,,,,,,,,,,,,,,,,,117.97,100,118.0,400,118.09,100,118.1,100,118.12,100,118.13,100,118.14,200,118.29,500,118.36,100,118.37,100
2026-01-16 09:37:44,117.85,117.94,1,117.7,500,118.0,400,118.0,117.7,117.7,500,117.05,100,,,,,,,,,,,,,,,,,118.0,400,118.09,100,118.1,100,118.12,100,118.13,100,118.14,200,118.29,500,118.36,100,118.37,100,118.38,100
2026-01-16 09:37:45,117.85,117.94,1,117.7,500,118.0,400,118.0,117.7,117.7,500,117.05,100,,,,,,,,,,,,,,,,,118.0,400,118.09,100,118.1,100,118.12,100,118.13,100,118.14,200,118.29,500,118.36,100,118.37,100,118.38,100
2026-01-16 09:37:46,117.85,117.94,1,117.7,500,118.0,400,118.0,117.7,117.7,500,117.05,100,,,,,,,,,,,,,,,,,118.0,400,118.09,100,118.1,100,118.12,100,118.13,100,118.14,200,118.29,500,118.36,100,118.37,100,118.38,100
2026-01-16 09:37:47,117.85,117.94,1,117.7,500,118.0,400,118.0,117.7,117.7,500,117.05,100,,,,,,,,,,,,,,,,,118.0,400,118.09,100,118.1,100,118.12,100,118.13,100,118.14,200,118.29,500,118.36,100,118.37,100,118.38,100
2026-01-16 09:37:48,117.85,117.94,1,117.7,500,118.0,400,118.0,117.7,117.7,500,117.05,100,,,,,,,,,,,,,,,,,118.0,400,118.09,100,118.1,100,118.12,100,118.13,100,118.14,200,118.29,500,118.36,100,118.37,100,118.38,100
2026-01-16 09:37:49,117.85,117.94,1,117.7,500,118.0,400,118.0,117.7,117.7,500,117.05,100,,,,,,,,,,,,,,,,,118.0,400,118.09,100,118.1,100,118.12,100,118.13,100,118.14,200,118.29,500,118.36,100,118.37,100,118.38,100
2026-01-16 09:37:50,117.85,117.92,2,117.7,500,118.0,400,118.0,117.7,117.7,500,117.05,100,,,,,,,,,,,,,,,,,118.0,400,118.09,100,118.1,100,118.12,100,118.13,100,118.14,200,118.29,500,118.36,100,118.37,100,118.38,100
2026-01-16 09:37:51,117.825,117.92,2,117.7,500,117.95,100,117.95,117.7,117.7,500,117.05,100,,,,,,,,,,,,,,,,,117.95,100,118.0,400,118.09,100,118.1,100,118.12,100,118.13,100,118.14,200,118.29,500,118.36,100,118.37,100
2026-01-16 09:37:52,117.95,117.92,1,117.7,500,118.2,500,118.2,117.7,117.7,500,117.05,100,,,,,,,,,,,,,,,,,118.2,500,118.29,500,118.36,100,118.37,100,118.38,100,118.42,100,118.49,100,118.51,100,118.54,100,118.6,100
2026-01-16 09:37:53,117.95,117.91,2,117.7,500,118.2,500,118.2,117.7,117.7,500,117.05,100,,,,,,,,,,,,,,,,,118.2,500,118.29,500,118.36,100,118.37,100,118.38,100,118.42,100,118.49,100,118.51,100,118.54,100,118.6,100
2026-01-16 09:37:54,117.95,117.91,2,117.7,500,118.2,500,118.2,117.7,117.7,500,117.05,100,,,,,,,,,,,,,,,,,118.2,500,118.29,500,118.36,100,118.37,100,118.38,100,118.42,100,118.49,100,118.51,100,118.54,100,118.6,100
2026-01-16 09:37:55,117.91,117.91,2,117.7,500,118.12,100,118.12,117.7,117.7,500,117.05,100,,,,,,,,,,,,,,,,,118.12,100,118.2,500,118.29,500,118.36,100,118.37,100,118.38,100,118.42,100,118.49,100,118.51,100,118.54,100
2026-01-16 09:37:56,117.95,117.91,2,117.7,500,118.2,500,118.2,117.7,117.7,500,117.05,100,,,,,,,,,,,,,,,,,118.2,500,118.29,500,118.36,100,118.37,100,118.38,100,118.42,100,118.49,100,118.51,100,118.54,100,118.6,100
2026-01-16 09:37:57,117.95,117.91,2,117.7,500,118.2,500,118.2,117.7,117.7,500,117.05,100,,,,,,,,,,,,,,,,,118.2,500,118.29,500,118.36,100,118.37,100,118.38,100,118.42,100,118.49,100,118.51,100,118.54,100,118.6,100
2026-01-16 09:37:58,117.95,117.91,2,117.7,500,118.2,500,118.2,117.7,117.7,500,117.05,100,,,,,,,,,,,,,,,,,118.2,500,118.29,500,118.36,100,118.37,100,118.38,100,118.42,100,118.49,100,118.51,100,118.54,100,118.6,100
2026-01-16 09:37:59,117.95,117.91,2,117.7,500,118.2,500,118.2,117.7,117.7,500,117.05,100,,,,,,,,,,,,,,,,,118.2,500,118.29,500,118.36,100,118.37,100,118.38,100,118.42,100,118.49,100,118.51,100,118.54,100,118.6,100
2026-01-16 09:38:00,117.95,117.91,2,117.7,500,118.2,500,118.2,117.7,117.7,500,117.05,100,,,,,,,,,,,,,,,,,118.2,500,118.29,500,118.36,100,118.37,100,118.38,100,118.42,100,118.49,100,118.51,100,118.54,100,118.6,100
2026-01-16 09:38:01,117.95,117.93,1,117.7,500,118.2,500,118.2,117.7,117.7,500,117.05,100,,,,,,,,,,,,,,,,,118.2,500,118.29,500,118.36,100,118.37,100,118.38,100,118.42,100,118.49,100,118.51,100,118.54,100,118.6,100
2026-01-16 09:38:02,117.845,117.93,1,117.7,500,117.99,200,117.99,117.7,117.7,500,117.05,100,,,,,,,,,,,,,,,,,117.99,200,118.2,500,118.29,500,118.36,100,118.37,100,118.38,100,118.42,100,118.49,100,118.51,100,118.54,100
2026-01-16 09:38:03,117.945,117.93,1,117.9,100,117.99,100,117.99,117.9,117.9,100,117.7,500,117.05,100,,,,,,,,,,,,,,,117.99,100,118.2,500,118.29,500,118.36,100,118.37,100,118.38,100,118.42,100,118.49,100,118.51,100,118.54,100
2026-01-16 09:38:04,117.845,117.93,1,117.7,500,117.99,100,117.99,117.7,117.7,500,117.05,100,,,,,,,,,,,,,,,,,117.99,100,118.2,500,118.29,500,118.36,100,118.37,100,118.38,100,118.42,100,118.49,100,118.51,100,118.54,100
2026-01-16 09:38:05,117.95,117.99,1,117.7,500,118.2,500,118.2,117.7,117.7,500,117.05,100,,,,,,,,,,,,,,,,,118.2,500,118.29,500,118.36,100,118.37,100,118.38,100,118.42,100,118.49,100,118.51,100,118.54,100,118.6,100
2026-01-16 09:38:06,117.95,117.99,1,117.7,500,118.2,500,118.2,117.7,117.7,500,117.05,100,,,,,,,,,,,,,,,,,118.2,500,118.29,500,118.36,100,118.37,100,118.38,100,118.42,100,118.49,100,118.51,100,118.54,100,118.6,100
2026-01-16 09:38:07,117.95,117.99,1,117.7,500,118.2,500,118.2,117.7,117.7,500,117.05,100,,,,,,,,,,,,,,,,,118.2,500,118.29,500,118.36,100,118.37,100,118.38,100,118.42,100,118.49,100,118.51,100,118.54,100,118.6,100
2026-01-16 09:38:08,117.95,117.99,1,117.7,500,118.2,500,118.2,117.7,117.7,500,117.05,100,,,,,,,,,,,,,,,,,118.2,500,118.29,500,118.36,100,118.37,100,118.38,100,118.42,100,118.49,100,118.51,100,118.54,100,118.6,100
2026-01-16 09:38:09,117.95,117.99,1,117.7,500,118.2,500,118.2,117.7,117.7,500,117.05,100,,,,,,,,,,,,,,,,,118.2,500,118.29,500,118.36,100,118.37,100,118.38,100,118.42,100,118.49,100,118.51,100,118.54,100,118.6,100
2026-01-16 09:38:10,117.95,117.99,1,117.7,500,118.2,500,118.2,117.7,117.7,500,117.05,100,,,,,,,,,,,,,,,,,118.2,500,118.29,500,118.36,100,118.37,100,118.38,100,118.42,100,118.49,100,118.51,100,118.54,100,118.6,100
2026-01-16 09:38:11,117.95,117.99,1,117.7,500,118.2,500,118.2,117.7,117.7,500,117.05,100,,,,,,,,,,,,,,,,,118.2,500,118.29,500,118.36,100,118.37,100,118.38,100,118.42,100,118.49,100,118.51,100,118.54,100,118.6,100
2026-01-16 09:38:12,117.95,117.99,1,117.7,500,118.2,500,118.2,117.7,117.7,500,117.05,100,,,,,,,,,,,,,,,,,118.2,500,118.29,500,118.36,100,118.37,100,118.38,100,118.42,100,118.49,100,118.51,100,118.54,100,118.6,100
2026-01-16 09:38:13,117.95,117.99,1,117.7,500,118.2,500,118.2,117.7,117.7,500,117.05,100,,,,,,,,,,,,,,,,,118.2,500,118.29,500,118.36,100,118.37,100,118.38,100,118.42,100,118.49,100,118.51,100,118.54,100,118.6,100
2026-01-16 09:38:14,117.86,117.99,1,117.7,500,118.02,100,118.02,117.7,117.7,500,117.05,100,,,,,,,,,,,,,,,,,118.02,100,118.2,500,118.29,500,118.36,100,118.37,100,118.38,100,118.42,100,118.49,100,118.51,100,118.54,100
2026-01-16 09:38:15,117.86,117.99,1,117.7,500,118.02,100,118.02,117.7,117.7,500,117.05,100,,,,,,,,,,,,,,,,,118.02,100,118.2,500,118.29,500,118.36,100,118.37,100,118.38,100,118.42,100,118.49,100,118.51,100,118.54,100
2026-01-16 09:38:16,117.86,117.99,1,117.7,500,118.02,100,118.02,117.7,117.7,500,117.05,100,,,,,,,,,,,,,,,,,118.02,100,118.2,500,118.29,500,118.36,100,118.37,100,118.38,100,118.42,100,118.49,100,118.51,100,118.54,100
2026-01-16 09:38:17,117.83,117.99,1,117.7,500,117.96,200,117.96,117.7,117.7,500,117.05,100,,,,,,,,,,,,,,,,,117.96,200,118.02,100,118.2,500,118.29,500,118.36,100,118.37,100,118.38,100,118.42,100,118.49,100,118.51,100
2026-01-16 09:38:18,117.86,117.96,1,117.7,500,118.02,100,118.02,117.7,117.7,500,117.05,100,,,,,,,,,,,,,,,,,118.02,100,118.2,500,118.29,500,118.36,100,118.37,100,118.38,100,118.42,100,118.49,100,118.51,100,118.54,100
2026-01-16 09:38:19,117.86,117.96,1,117.7,500,118.02,100,118.02,117.7,117.7,500,117.05,100,,,,,,,,,,,,,,,,,118.02,100,118.2,500,118.29,500,118.36,100,118.37,100,118.38,100,118.42,100,118.49,100,118.51,100,118.54,100
2026-01-16 09:38:20,117.86,117.99,1,117.7,500,118.02,100,118.02,117.7,117.7,500,117.05,100,,,,,,,,,,,,,,,,,118.02,100,118.2,500,118.29,500,118.36,100,118.37,100,118.38,100,118.42,100,118.49,100,118.51,100,118.54,100
2026-01-16 09:38:21,117.86,117.99,1,117.7,500,118.02,100,118.02,117.7,117.7,500,117.05,100,,,,,,,,,,,,,,,,,118.02,100,118.2,500,118.29,500,118.36,100,118.37,100,118.38,100,118.42,100,118.49,100,118.51,100,118.54,100
2026-01-16 09:38:22,117.89,117.99,1,117.76,100,118.02,100,118.02,117.76,117.76,100,117.7,500,117.05,100,,,,,,,,,,,,,,,118.02,100,118.2,500,118.29,500,118.36,100,118.37,100,118.38,100,118.42,100,118.49,100,118.51,100,118.54,100
2026-01-16 09:38:23,117.89,117.99,1,117.76,100,118.02,100,118.02,117.76,117.76,100,117.7,500,117.05,100,,,,,,,,,,,,,,,118.02,100,118.2,500,118.29,500,118.36,100,118.37,100,118.38,100,118.42,100,118.49,100,118.51,100,118.54,100
2026-01-16 09:38:24,117.9,117.99,1,117.78,100,118.02,100,118.02,117.78,117.78,100,117.76,100,117.7,500,117.05,100,,,,,,,,,,,,,118.02,100,118.2,500,118.29,500,118.36,100,118.37,100,118.38,100,118.42,100,118.49,100,118.51,100,118.54,100
2026-01-16 09:38:25,117.89,117.99,1,117.76,100,118.02,100,118.02,117.76,117.76,100,117.7,500,117.05,100,,,,,,,,,,,,,,,118.02,100,118.2,500,118.29,500,118.36,100,118.37,100,118.38,100,118.42,100,118.49,100,118.51,100,118.54,100
2026-01-16 09:38:26,117.89,117.99,1,117.76,100,118.02,100,118.02,117.76,117.76,100,117.7,500,117.05,100,,,,,,,,,,,,,,,118.02,100,118.2,500,118.29,500,118.36,100,118.37,100,118.38,100,118.42,100,118.49,100,118.51,100,118.54,100
2026-01-16 09:38:27,117.89,117.99,1,117.76,100,118.02,100,118.02,117.76,117.76,100,117.7,500,117.05,100,,,,,,,,,,,,,,,118.02,100,118.2,500,118.29,500,118.36,100,118.37,100,118.38,100,118.42,100,118.49,100,118.51,100,118.54,100
2026-01-16 09:38:28,118.05,118.02,1,117.9,100,118.2,500,118.2,117.9,117.9,100,117.78,100,117.76,100,117.7,500,117.05,100,,,,,,,,,,,118.2,500,118.29,500,118.36,100,118.37,100,118.38,100,118.42,100,118.49,100,118.51,100,118.54,100,118.6,100
2026-01-16 09:38:29,117.99,118.02,1,117.78,400,118.2,500,118.2,117.78,117.78,400,117.76,100,117.7,500,117.05,100,,,,,,,,,,,,,118.2,500,118.29,500,118.36,100,118.37,100,118.38,100,118.42,100,118.49,100,118.51,100,118.54,100,118.6,100
2026-01-16 09:38:30,118.0,118.02,1,117.8,100,118.2,500,118.2,117.8,117.8,100,117.78,400,117.76,100,117.7,500,117.05,100,,,,,,,,,,,118.2,500,118.29,500,118.36,100,118.37,100,118.38,100,118.42,100,118.49,100,118.51,100,118.54,100,118.6,100
2026-01-16 09:38:31,118.05,118.02,1,117.82,100,118.28,500,118.28,117.82,117.82,100,117.8,100,117.78,400,117.76,100,117.7,500,117.05,100,,,,,,,,,118.28,500,119.45,200,119.71,200,119.97,200,120.4,200,121.36,100,,,,,,,,
2026-01-16 09:38:32,118.05,118.02,1,117.82,100,118.28,500,118.28,117.82,117.82,100,117.8,100,117.78,400,117.76,100,117.7,500,117.05,100,,,,,,,,,118.28,500,119.45,200,119.71,200,119.97,200,120.4,200,121.36,100,,,,,,,,
2026-01-16 09:38:33,118.05,118.02,1,117.82,100,118.28,500,118.28,117.82,117.82,100,117.8,100,117.78,400,117.76,100,117.7,500,117.05,100,,,,,,,,,118.28,500,119.45,200,119.71,200,119.97,200,120.4,200,121.36,100,,,,,,,,
2026-01-16 09:38:34,118.18,118.02,1,118.08,100,118.28,500,118.28,118.08,118.08,100,117.96,100,117.91,100,117.84,100,117.82,100,117.8,100,117.78,400,117.76,100,117.7,500,117.05,100,118.28,500,119.45,200,119.71,200,119.97,200,120.4,200,121.36,100,,,,,,,,
2026-01-16 09:38:35,118.18,118.02,1,118.08,100,118.28,500,118.28,118.08,118.08,100,117.96,100,117.91,100,117.84,100,117.82,100,117.8,100,117.78,400,117.76,100,117.7,500,117.05,100,118.28,500,119.45,200,119.71,200,119.97,200,120.4,200,121.36,100,,,,,,,,
2026-01-16 09:38:36,118.05,118.08,1,117.82,100,118.28,500,118.28,117.82,117.82,100,117.8,100,117.78,400,117.76,100,117.7,500,117.05,100,,,,,,,,,118.28,500,119.45,200,119.71,200,119.97,200,120.4,200,121.36,100,,,,,,,,
2026-01-16 09:38:37,118.05,118.08,1,117.82,100,118.28,500,118.28,117.82,117.82,100,117.8,100,117.78,400,117.76,100,117.7,500,117.05,100,,,,,,,,,118.28,500,119.45,200,119.71,200,119.97,200,120.4,200,121.36,100,,,,,,,,
2026-01-16 09:38:38,118.05,118.08,1,117.82,100,118.28,500,118.28,117.82,117.82,100,117.8,100,117.78,400,117.76,100,117.7,500,117.05,100,,,,,,,,,118.28,500,119.45,200,119.71,200,119.97,200,120.4,200,121.36,100,,,,,,,,
2026-01-16 09:38:39,118.05,118.08,1,117.82,100,118.28,500,118.28,117.82,117.82,100,117.8,100,117.78,400,117.76,100,117.7,500,117.05,100,,,,,,,,,118.28,500,119.45,200,119.71,200,119.97,200,120.4,200,121.36,100,,,,,,,,
