sim_time,mid_price,last_price,last_size,best_bid_price,best_bid_size,best_ask_price,best_ask_size,close_price_buy,close_price_sell,bid1_price,bid1_size,bid2_price,bid2_size,bid3_price,bid3_size,bid4_price,bid4_size,bid5_price,bid5_size,bid6_price,bid6_size,bid7_price,bid7_size,bid8_price,bid8_size,bid9_price,bid9_size,bid10_price,bid10_size,ask1_price,ask1_size,ask2_price,ask2_size,ask3_price,ask3_size,ask4_price,ask4_size,ask5_price,ask5_size,ask6_price,ask6_size,ask7_price,ask7_size,ask8_price,ask8_size,ask9_price,ask9_size,ask10_price,ask10_size
2026-02-05 09:30:23,99.77,0.0,0,99.71,60,99.83,37,99.83,99.71,99.71,60,99.68,123,99.66,95,99.63,78,,,,,,,,,,,,,99.83,37,99.88,108,100.11,62,,,,,,,,,,,,,,
2026-02-05 09:30:23,99.82,0.0,0,99.81,81,99.83,79,99.83,99.81,99.81,81,99.71,60,99.68,123,99.66,95,99.63,78,99.51,65,,,,,,,,,99.83,79,99.88,108,100.11,62,,,,,,,,,,,,,,
2026-02-05 09:30:23,99.82,0.0,0,99.81,81,99.83,79,99.83,99.81,99.81,81,99.78,72,99.71,60,99.68,123,99.66,95,99.63,78,99.51,65,,,,,,,99.83,79,99.88,108,100.11,62,,,,,,,,,,,,,,
2026-02-05 09:30:23,99.825,0.0,0,99.82,74,99.83,79,99.83,99.82,99.82,74,99.81,81,99.78,72,99.71,60,99.68,123,99.66,95,99.63,78,99.51,65,,,,,99.83,79,99.88,108,100.11,62,,,,,,,,,,,,,,
2026-02-05 09:30:27,99.825,0.0,0,99.82,74,99.83,79,99.83,99.82,99.82,74,99.81,81,99.8,59,99.78,72,99.71,60,99.68,123,99.66,95,99.63,78,99.51,65,,,99.83,79,99.85,49,99.88,108,100.11,62,,,,,,,,,,,,
2026-02-05 09:30:28,99.825,99.83,13,99.82,74,99.83,29,99.83,99.82,99.82,74,99.81,81,99.8,59,99.78,72,99.72,100,99.71,60,99.68,123,99.66,95,99.63,78,99.51,65,99.83,29,99.85,49,99.88,108,100.11,62,,,,,,,,,,,,
2026-02-05 09:30:30,99.835,99.85,37,99.82,74,99.85,12,99.85,99.82,99.82,74,99.81,81,99.8,59,99.78,72,99.73,119,99.72,100,99.71,60,99.68,123,99.66,95,99.63,78,99.85,12,99.88,108,100.11,62,,,,,,,,,,,,,,
2026-02-05 09:30:30,100.0,99.88,2,99.89,96,100.11,62,100.11,99.89,99.89,96,99.82,74,99.81,81,99.8,59,99.78,72,99.77,95,99.73,119,99.72,100,99.71,60,99.68,123,100.11,62,,,,,,,,,,,,,,,,,,
2026-02-05 09:30:31,100.035,99.88,2,99.96,48,100.11,62,100.11,99.96,99.96,48,99.89,96,99.82,74,99.81,81,99.8,59,99.78,72,99.77,95,99.73,119,99.72,100,99.68,123,100.11,62,,,,,,,,,,,,,,,,,,
2026-02-05 09:30:32,99.985,99.88,2,99.96,48,100.01,110,100.01,99.96,99.96,48,99.89,96,99.82,74,99.81,81,99.8,59,99.78,72,99.77,95,99.73,119,99.72,100,99.68,123,100.01,110,100.11,62,,,,,,,,,,,,,,,,
2026-02-05 09:30:32,99.985,99.88,2,99.96,48,100.01,110,100.01,99.96,99.96,48,99.89,96,99.82,74,99.81,81,99.8,59,99.78,72,99.73,119,99.72,100,99.68,123,99.66,95,100.01,110,100.11,62,,,,,,,,,,,,,,,,
2026-02-05 09:30:32,99.985,99.88,2,99.96,136,100.01,110,100.01,99.96,99.96,136,99.89,96,99.82,74,99.81,81,99.8,59,99.78,72,99.73,119,99.72,100,99.68,123,99.66,95,100.01,110,100.11,62,,,,,,,,,,,,,,,,
2026-02-05 09:30:35,99.985,99.88,2,99.96,136,100.01,110,100.01,99.96,99.96,136,99.89,96,99.82,74,99.81,81,99.8,59,99.78,142,99.73,119,99.72,100,99.68,123,99.66,95,100.01,110,100.11,62,100.12,84,,,,,,,,,,,,,,
2026-02-05 09:30:37,99.985,99.88,2,99.96,136,100.01,110,100.01,99.96,99.96,136,99.92,49,99.89,96,99.82,74,99.81,81,99.8,59,99.78,142,99.73,119,99.72,100,99.68,123,100.01,110,100.11,62,100.12,84,,,,,,,,,,,,,,
2026-02-05 09:30:37,99.985,99.88,2,99.96,136,100.01,110,100.01,99.96,99.96,136,99.92,49,99.89,96,99.82,74,99.81,81,99.8,59,99.78,142,99.73,119,99.72,100,99.68,123,100.01,110,100.11,62,100.12,84,,,,,,,,,,,,,,
2026-02-05 09:30:37,99.985,99.88,2,99.96,136,100.01,110,100.01,99.96,99.96,136,99.92,49,99.86,87,99.82,74,99.81,81,99.8,59,99.78,142,99.73,119,99.72,100,99.68,123,100.01,110,100.11,62,100.12,84,,,,,,,,,,,,,,
2026-02-05 09:30:37,99.985,99.88,2,99.96,136,100.01,110,100.01,99.96,99.96,136,99.92,49,99.86,87,99.82,74,99.81,81,99.8,59,99.78,142,99.73,119,99.72,100,99.68,123,100.01,110,100.11,62,100.12,84,,,,,,,,,,,,,,
2026-02-05 09:30:37,99.975,99.88,2,99.96,136,99.99,38,99.99,99.96,99.96,136,99.92,49,99.86,183,99.82,74,99.81,81,99.8,59,99.78,142,99.73,119,99.72,100,99.68,123,99.99,38,100.01,110,100.11,62,100.12,84,,,,,,,,,,,,
2026-02-05 09:30:37,99.975,99.88,2,99.96,136,99.99,38,99.99,99.96,99.96,136,99.92,49,99.88,63,99.86,183,99.82,74,99.81,81,99.8,59,99.78,142,99.73,119,99.72,100,99.99,38,100.01,110,100.11,62,100.12,84,,,,,,,,,,,,
2026-02-05 09:30:42,99.975,99.96,24,99.96,64,99.99,38,99.99,99.96,99.96,64,99.92,49,99.88,63,99.86,183,99.82,74,99.81,81,99.8,59,99.78,142,99.73,119,99.68,123,99.99,38,100.01,110,100.11,62,100.12,84,,,,,,,,,,,,
2026-02-05 09:30:43,99.975,99.96,24,99.96,64,99.99,38,99.99,99.96,99.96,64,99.92,49,99.88,63,99.86,183,99.82,74,99.81,81,99.8,59,99.78,142,99.73,119,99.68,72,99.99,38,100.01,110,100.11,62,100.12,84,100.25,88,,,,,,,,,,
2026-02-05 09:30:45,99.99,100.01,37,99.97,55,100.01,73,100.01,99.97,99.97,55,99.96,64,99.92,49,99.91,95,99.88,63,99.86,183,99.82,74,99.81,81,99.8,59,99.78,142,100.01,73,100.11,62,100.12,84,100.25,88,,,,,,,,,,,,
2026-02-05 09:30:46,100.0,100.01,51,99.99,120,100.01,22,100.01,99.99,99.99,120,99.97,55,99.96,64,99.92,49,99.91,95,99.88,63,99.86,183,99.82,74,99.81,81,99.8,59,100.01,22,100.11,62,100.12,84,100.25,88,,,,,,,,,,,,
2026-02-05 09:30:46,100.0,100.01,51,99.99,120,100.01,22,100.01,99.99,99.99,120,99.97,55,99.96,64,99.92,49,99.91,95,99.88,63,99.86,183,99.82,74,99.81,81,99.8,59,100.01,22,100.11,62,100.12,84,100.25,88,,,,,,,,,,,,
2026-02-05 09:30:47,100.0,100.01,51,99.99,120,100.01,22,100.01,99.99,99.99,120,99.97,126,99.96,64,99.92,49,99.91,95,99.88,63,99.86,183,99.82,74,99.81,81,99.8,59,100.01,22,100.11,62,100.12,84,100.25,88,,,,,,,,,,,,
2026-02-05 09:30:47,100.0,99.99,55,99.99,65,100.01,22,100.01,99.99,99.99,65,99.97,126,99.96,64,99.92,49,99.91,95,99.88,63,99.86,183,99.81,81,99.8,59,99.78,142,100.01,22,100.07,78,100.11,62,100.12,84,100.25,88,,,,,,,,,,
2026-02-05 09:30:49,100.0,99.99,55,99.99,65,100.01,22,100.01,99.99,99.99,65,99.97,126,99.96,64,99.92,157,99.91,95,99.88,63,99.86,183,99.81,81,99.8,59,99.78,142,100.01,22,100.07,78,100.11,62,100.12,84,100.17,46,100.25,88,,,,,,,,
2026-02-05 09:30:50,99.99,99.97,19,99.97,107,100.01,22,100.01,99.97,99.97,107,99.96,64,99.92,157,99.91,95,99.88,63,99.86,183,99.81,81,99.8,59,99.78,142,99.73,119,100.01,22,100.07,78,100.09,70,100.11,62,100.12,84,100.17,46,100.25,88,,,,,,
2026-02-05 09:30:51,100.045,100.01,22,100.02,48,100.07,78,100.07,100.02,100.02,48,99.97,107,99.96,64,99.92,157,99.91,184,99.88,63,99.86,183,99.81,81,99.8,59,99.78,142,100.07,78,100.09,139,100.11,62,100.12,84,100.17,46,100.25,88,100.26,41,,,,,,
2026-02-05 09:30:53,100.045,100.01,22,100.02,48,100.07,78,100.07,100.02,100.02,48,99.97,107,99.92,157,99.91,184,99.88,63,99.86,183,99.81,81,99.8,59,99.78,142,99.73,119,100.07,78,100.09,139,100.11,62,100.12,84,100.17,46,100.25,88,100.26,41,,,,,,
2026-02-05 09:30:53,100.045,100.01,22,100.02,48,100.07,78,100.07,100.02,100.02,48,99.97,107,99.92,204,99.91,184,99.88,63,99.86,183,99.81,81,99.8,59,99.78,142,99.73,119,100.07,78,100.09,139,100.11,62,100.12,84,100.17,46,100.25,88,100.26,41,,,,,,
2026-02-05 09:30:55,100.045,100.07,47,100.02,48,100.07,31,100.07,100.02,100.02,48,99.97,107,99.92,204,99.91,184,99.88,63,99.86,183,99.81,81,99.8,59,99.78,142,99.73,119,100.07,31,100.09,139,100.11,62,100.12,84,100.17,46,100.25,88,100.26,41,,,,,,
2026-02-05 09:30:56,100.055,100.09,70,100.04,62,100.07,31,100.07,100.04,100.04,62,100.02,48,99.97,107,99.92,204,99.91,184,99.88,63,99.86,183,99.81,81,99.8,59,99.78,142,100.07,31,100.09,139,100.11,62,100.12,84,100.13,99,100.17,46,100.25,88,100.26,41,,,,
2026-02-05 09:30:57,100.065,100.09,18,100.04,62,100.09,51,100.09,100.04,100.04,62,100.02,48,99.97,107,99.92,204,99.91,184,99.88,63,99.86,183,99.81,81,99.8,59,99.78,142,100.09,51,100.11,62,100.12,84,100.13,99,100.17,46,100.25,88,100.26,41,,,,,,
2026-02-05 09:30:58,100.085,100.09,18,100.08,71,100.09,51,100.09,100.08,100.08,71,100.04,62,100.03,68,100.02,48,99.97,107,99.92,204,99.91,184,99.88,63,99.86,183,99.81,81,100.09,51,100.11,62,100.12,84,100.13,99,100.17,46,100.25,88,100.26,41,,,,,,
2026-02-05 09:30:58,100.085,100.09,18,100.08,71,100.09,51,100.09,100.08,100.08,71,100.04,62,100.03,68,100.02,48,100.01,86,99.97,107,99.92,204,99.91,184,99.88,63,99.86,183,100.09,51,100.11,62,100.12,84,100.13,99,100.17,46,100.25,88,100.26,41,,,,,,
2026-02-05 09:30:59,100.065,100.04,17,100.04,45,100.09,51,100.09,100.04,100.04,45,100.02,48,100.01,86,99.97,107,99.92,204,99.91,184,99.88,63,99.86,183,99.81,81,99.78,142,100.09,51,100.11,62,100.12,84,100.13,99,100.17,46,100.25,88,100.26,41,,,,,,
2026-02-05 09:30:59,100.08,100.04,17,100.07,49,100.09,51,100.09,100.07,100.07,49,100.05,101,100.04,45,100.02,48,100.01,86,99.97,107,99.92,204,99.91,184,99.88,63,99.86,183,100.09,51,100.11,62,100.12,84,100.13,99,100.17,46,100.25,88,100.26,41,,,,,,
2026-02-05 09:30:59,100.08,100.04,17,100.07,49,100.09,51,100.09,100.07,100.07,49,100.05,101,100.04,45,100.02,48,100.01,86,99.97,107,99.92,204,99.91,184,99.88,63,99.86,183,100.09,51,100.1,62,100.11,62,100.12,84,100.13,99,100.17,46,100.25,88,100.26,41,,,,
2026-02-05 09:31:03,100.08,100.04,17,100.07,49,100.09,51,100.09,100.07,100.07,49,100.05,101,100.04,45,100.02,48,100.01,86,99.97,107,99.92,204,99.91,184,99.88,63,99.86,183,100.09,51,100.1,62,100.11,62,100.12,84,100.17,46,100.25,88,100.26,41,,,,,,
2026-02-05 09:31:04,100.065,100.04,15,100.04,30,100.09,51,100.09,100.04,100.04,30,100.02,48,100.01,86,99.97,107,99.92,204,99.91,184,99.88,63,99.86,183,99.81,81,99.78,142,100.09,51,100.1,62,100.11,62,100.12,84,100.17,46,100.25,14,100.26,41,,,,,,
2026-02-05 09:31:04,100.095,100.1,27,100.09,32,100.1,35,100.1,100.09,100.09,32,100.06,79,100.04,30,100.02,48,100.01,86,99.97,107,99.92,204,99.91,184,99.88,63,99.86,183,100.1,35,100.11,62,100.12,84,100.17,46,100.25,14,100.26,41,,,,,,,,
2026-02-05 09:31:06,100.16,100.12,82,100.15,23,100.17,46,100.17,100.15,100.15,23,100.11,76,100.09,32,100.06,79,100.04,30,100.02,48,100.01,86,99.97,107,99.92,204,99.91,184,100.17,46,100.25,14,100.26,41,,,,,,,,,,,,,,
2026-02-05 09:31:07,100.13,100.15,23,100.11,76,100.15,124,100.15,100.11,100.11,76,100.09,32,100.06,79,100.05,92,100.04,30,100.02,48,100.01,86,99.97,107,99.93,55,99.92,204,100.15,124,100.17,46,100.25,14,100.26,41,,,,,,,,,,,,
2026-02-05 09:31:07,100.13,100.15,23,100.11,76,100.15,124,100.15,100.11,100.11,76,100.09,32,100.06,79,100.05,92,100.04,30,100.02,48,100.01,86,99.97,107,99.93,55,99.92,204,100.15,124,100.17,46,100.25,14,100.26,41,,,,,,,,,,,,
2026-02-05 09:31:09,100.13,100.15,23,100.11,76,100.15,124,100.15,100.11,100.11,76,100.09,32,100.06,79,100.05,92,100.04,30,100.02,48,100.01,86,99.97,107,99.93,55,99.92,204,100.15,124,100.17,46,100.25,14,100.26,41,,,,,,,,,,,,
2026-02-05 09:31:10,100.135,100.15,82,100.12,112,100.15,42,100.15,100.12,100.12,112,100.11,218,100.09,32,100.08,92,100.06,79,100.05,92,100.04,30,100.02,48,100.01,86,99.97,107,100.15,42,100.17,46,100.25,14,100.26,41,,,,,,,,,,,,
2026-02-05 09:31:11,100.135,100.12,40,100.12,72,100.15,42,100.15,100.12,100.12,72,100.11,218,100.09,32,100.08,92,100.06,79,100.05,92,100.04,30,100.02,48,100.01,86,99.97,107,100.15,42,100.17,46,100.25,14,100.26,41,,,,,,,,,,,,
2026-02-05 09:31:11,100.135,100.12,40,100.12,72,100.15,42,100.15,100.12,100.12,72,100.11,218,100.09,32,100.08,92,100.06,79,100.05,92,100.04,30,100.02,48,100.01,86,99.97,107,100.15,42,100.17,46,100.25,14,100.26,41,,,,,,,,,,,,
2026-02-05 09:31:12,100.135,100.12,40,100.12,72,100.15,42,100.15,100.12,100.12,72,100.11,218,100.09,32,100.08,92,100.06,79,100.05,92,100.04,30,100.02,48,100.01,86,99.97,107,100.15,42,100.17,46,100.25,14,100.26,41,,,,,,,,,,,,
2026-02-05 09:31:13,100.135,100.12,40,100.12,72,100.15,42,100.15,100.12,100.12,72,100.11,218,100.09,32,100.08,92,100.06,79,100.05,92,100.04,30,100.02,48,100.01,86,99.97,107,100.15,42,100.17,46,100.18,108,100.25,14,100.26,41,,,,,,,,,,
2026-02-05 09:31:14,100.145,100.18,13,100.12,72,100.17,116,100.17,100.12,100.12,72,100.11,218,100.09,32,100.08,92,100.06,79,100.04,30,100.02,48,100.01,86,99.97,107,99.93,55,100.17,116,100.18,95,100.25,14,100.26,41,100.27,115,,,,,,,,,,
2026-02-05 09:31:15,100.14,100.11,40,100.11,178,100.17,116,100.17,100.11,100.11,178,100.09,32,100.08,92,100.06,79,100.04,30,100.03,110,100.02,48,100.01,86,99.97,107,99.94,127,100.17,116,100.18,95,100.25,14,100.26,41,100.27,115,,,,,,,,,,
2026-02-05 09:31:15,100.14,100.11,40,100.11,36,100.17,116,100.17,100.11,100.11,36,100.09,32,100.08,92,100.06,79,100.04,30,100.03,110,100.02,48,100.01,86,99.97,107,99.94,127,100.17,116,100.18,95,100.25,14,100.26,41,100.27,115,,,,,,,,,,
2026-02-05 09:31:18,100.155,100.17,97,100.14,45,100.17,19,100.17,100.14,100.14,45,100.11,36,100.09,32,100.08,92,100.07,128,100.06,79,100.04,30,100.03,110,100.02,48,100.01,86,100.17,19,100.18,95,100.25,14,100.26,41,100.27,115,,,,,,,,,,
2026-02-05 09:31:19,100.145,100.17,97,100.14,45,100.15,102,100.15,100.14,100.14,45,100.11,36,100.09,32,100.08,92,100.07,128,100.06,79,100.04,30,100.03,110,100.02,48,100.01,86,100.15,102,100.17,19,100.18,95,100.25,14,100.26,121,100.27,115,,,,,,,,
2026-02-05 09:31:19,100.145,100.17,97,100.14,45,100.15,102,100.15,100.14,100.14,45,100.11,58,100.09,32,100.08,92,100.07,128,100.06,79,100.02,48,100.01,86,99.97,107,99.94,127,100.15,102,100.17,19,100.18,48,100.25,14,100.26,121,100.27,115,,,,,,,,
2026-02-05 09:31:21,100.145,100.15,115,100.14,137,100.15,8,100.15,100.14,100.14,137,100.11,58,100.09,32,100.08,92,100.07,128,100.06,79,100.03,57,100.02,48,100.01,86,99.97,107,100.15,8,100.17,19,100.18,48,100.25,14,100.26,121,100.27,115,,,,,,,,
2026-02-05 09:31:22,100.145,100.14,18,100.14,74,100.15,8,100.15,100.14,100.14,74,100.11,58,100.09,32,100.08,92,100.07,128,100.06,79,100.03,57,100.02,48,100.01,86,99.97,107,100.15,8,100.17,19,100.18,48,100.24,42,100.25,14,100.26,121,100.27,115,,,,,,
2026-02-05 09:31:23,100.145,100.14,18,100.14,74,100.15,8,100.15,100.14,100.14,74,100.11,58,100.09,32,100.08,92,100.07,128,100.06,79,100.03,57,100.02,48,100.01,86,99.97,107,100.15,8,100.17,19,100.18,48,100.24,42,100.25,14,100.26,41,100.27,115,,,,,,
2026-02-05 09:31:24,100.13,100.11,16,100.11,6,100.15,8,100.15,100.11,100.11,6,100.09,32,100.08,92,100.07,128,100.06,79,100.03,57,100.02,48,100.01,86,99.97,107,99.94,127,100.15,8,100.17,19,100.18,48,100.24,42,100.25,14,100.26,41,100.27,115,,,,,,
2026-02-05 09:31:25,100.13,100.11,16,100.11,6,100.15,8,100.15,100.11,100.11,6,100.09,32,100.08,92,100.07,128,100.06,79,100.03,57,100.02,48,100.01,86,99.97,107,99.94,127,100.15,8,100.17,19,100.18,48,100.24,42,100.25,14,100.26,41,100.27,115,,,,,,
2026-02-05 09:31:25,100.13,100.11,16,100.11,6,100.15,8,100.15,100.11,100.11,6,100.09,32,100.08,92,100.07,128,100.06,79,100.03,57,100.02,48,100.01,86,99.97,107,99.94,127,100.15,8,100.17,19,100.18,48,100.24,42,100.25,14,100.26,41,100.27,115,,,,,,
2026-02-05 09:31:25,100.13,100.11,16,100.11,6,100.15,8,100.15,100.11,100.11,6,100.09,32,100.08,92,100.07,128,100.06,79,100.03,57,100.02,48,100.01,149,99.97,107,99.94,127,100.15,8,100.17,19,100.18,48,100.24,42,100.25,14,100.26,41,100.27,115,,,,,,
2026-02-05 09:31:28,100.13,100.11,16,100.11,6,100.15,8,100.15,100.11,100.11,6,100.09,32,100.08,92,100.07,128,100.06,79,100.03,57,100.02,48,100.01,63,99.97,107,99.94,127,100.15,8,100.17,19,100.18,48,100.21,47,100.24,42,100.25,14,100.26,41,100.27,115,,,,
2026-02-05 09:31:29,100.085,100.09,32,100.08,92,100.09,46,100.09,100.08,100.08,92,100.07,128,100.06,79,100.04,112,100.03,57,100.02,48,100.01,63,99.97,107,99.94,127,99.92,204,100.09,46,100.15,8,100.16,150,100.17,19,100.18,48,100.21,47,100.24,42,100.25,14,100.26,41,100.27,115
2026-02-05 09:31:30,100.11,100.14,58,100.08,92,100.14,60,100.14,100.08,100.08,92,100.07,128,100.06,79,100.04,112,100.03,57,100.02,48,100.01,63,100.0,54,99.97,107,99.94,201,100.14,60,100.15,8,100.16,150,100.17,19,100.18,48,100.24,42,100.25,14,100.26,41,100.27,115,,
2026-02-05 09:31:31,100.11,100.14,58,100.08,92,100.14,60,100.14,100.08,100.08,92,100.07,128,100.06,79,100.04,112,100.03,57,100.02,48,100.01,63,100.0,54,99.97,107,99.94,201,100.14,60,100.15,8,100.16,150,100.17,19,100.18,48,100.24,42,100.25,14,100.26,41,100.27,222,,
2026-02-05 09:31:31,100.11,100.14,58,100.08,92,100.14,60,100.14,100.08,100.08,92,100.07,128,100.06,79,100.04,112,100.03,57,100.02,48,100.01,63,100.0,54,99.97,107,99.94,201,100.14,60,100.15,8,100.16,150,100.17,19,100.18,48,100.24,42,100.25,14,100.26,41,100.27,222,,
2026-02-05 09:31:33,100.11,100.14,58,100.08,92,100.14,60,100.14,100.08,100.08,92,100.07,128,100.06,79,100.03,57,100.02,48,100.01,63,100.0,54,99.97,107,99.94,201,99.92,204,100.14,60,100.15,8,100.16,150,100.17,19,100.18,48,100.24,42,100.25,14,100.26,41,100.27,222,,
2026-02-05 09:31:33,100.11,100.14,58,100.08,92,100.14,60,100.14,100.08,100.08,92,100.07,128,100.06,79,100.03,57,100.02,48,100.01,63,100.0,98,99.97,107,99.94,201,99.92,204,100.14,60,100.15,8,100.16,150,100.17,19,100.18,48,100.24,42,100.25,14,100.26,41,100.27,115,,
2026-02-05 09:31:35,100.105,100.07,21,100.07,107,100.14,60,100.14,100.07,100.07,107,100.06,79,100.03,57,100.02,48,100.01,63,100.0,98,99.97,71,99.94,201,99.92,96,99.91,184,100.14,60,100.15,8,100.16,150,100.17,19,100.18,48,100.24,42,100.25,14,100.26,41,100.27,115,,
2026-02-05 09:31:36,100.105,100.14,105,100.07,107,100.14,11,100.14,100.07,100.07,107,100.06,79,100.03,57,100.02,48,100.01,63,100.0,98,99.99,38,99.97,71,99.94,201,99.92,96,100.14,11,100.15,8,100.16,150,100.17,19,100.18,48,100.2,93,100.24,42,100.25,14,100.26,41,100.27,115
2026-02-05 09:31:36,100.105,100.14,105,100.07,107,100.14,11,100.14,100.07,100.07,107,100.06,79,100.03,57,100.02,48,100.01,63,100.0,98,99.99,38,99.97,71,99.94,201,99.92,96,100.14,11,100.15,8,100.16,150,100.17,19,100.18,48,100.2,93,100.24,42,100.25,14,100.26,41,100.27,115
2026-02-05 09:31:36,100.105,100.14,105,100.07,107,100.14,11,100.14,100.07,100.07,107,100.06,58,100.03,57,100.02,48,100.01,63,100.0,98,99.99,38,99.97,71,99.94,201,99.92,96,100.14,11,100.15,8,100.16,49,100.17,19,100.18,48,100.2,93,100.24,42,100.25,14,100.26,41,100.27,115
2026-02-05 09:31:39,100.11,100.14,105,100.08,78,100.14,11,100.14,100.08,100.08,78,100.07,107,100.06,58,100.04,109,100.03,57,100.02,48,100.0,98,99.99,85,99.97,71,99.94,201,100.14,11,100.15,8,100.16,49,100.17,19,100.18,48,100.2,93,100.24,42,100.25,14,100.26,41,100.27,115
2026-02-05 09:31:40,100.085,100.14,105,100.08,78,100.09,86,100.09,100.08,100.08,78,100.07,107,100.06,58,100.04,109,100.03,57,100.02,48,100.0,98,99.99,85,99.97,71,99.94,201,100.09,86,100.14,11,100.15,8,100.16,49,100.17,19,100.18,48,100.2,93,100.24,42,100.25,14,100.26,41
2026-02-05 09:31:40,100.085,100.14,105,100.08,120,100.09,86,100.09,100.08,100.08,120,100.07,107,100.06,58,100.04,109,100.03,57,100.02,48,100.0,98,99.99,85,99.97,71,99.94,201,100.09,86,100.14,11,100.15,8,100.16,49,100.17,19,100.18,48,100.2,93,100.24,42,100.25,14,100.26,41
2026-02-05 09:31:40,100.085,100.14,105,100.08,120,100.09,86,100.09,100.08,100.08,120,100.07,107,100.06,58,100.04,109,100.03,57,100.02,48,100.0,98,99.99,85,99.97,71,99.94,201,100.09,86,100.14,11,100.15,132,100.16,49,100.17,19,100.18,48,100.2,93,100.24,42,100.25,14,100.26,41
2026-02-05 09:31:43,100.085,100.08,8,100.08,34,100.09,86,100.09,100.08,100.08,34,100.07,107,100.06,58,100.04,109,100.03,57,100.02,48,100.0,98,99.99,85,99.97,71,99.94,201,100.09,86,100.14,11,100.15,132,100.16,49,100.17,19,100.18,48,100.2,93,100.24,42,100.25,14,100.26,41
2026-02-05 09:31:44,100.13,100.15,44,100.11,23,100.15,80,100.15,100.11,100.11,23,100.07,15,100.06,58,100.04,47,100.03,57,100.02,48,100.01,63,100.0,98,99.99,85,99.94,201,100.15,80,100.16,49,100.17,19,100.18,48,100.2,93,100.24,42,100.25,14,100.26,41,,,,
2026-02-05 09:31:44,100.11,100.15,44,100.07,15,100.15,80,100.15,100.07,100.07,15,100.06,58,100.04,94,100.03,57,100.02,48,100.01,63,100.0,98,99.99,85,99.94,201,99.92,96,100.15,80,100.16,49,100.17,110,100.18,48,100.2,93,100.24,42,100.25,14,100.26,41,,,,
2026-02-05 09:31:46,100.11,100.15,44,100.07,15,100.15,80,100.15,100.07,100.07,15,100.04,94,100.03,57,100.02,48,100.01,63,100.0,201,99.99,85,99.94,201,99.92,96,99.91,184,100.15,80,100.16,49,100.17,281,100.18,48,100.2,93,100.23,91,100.24,42,100.25,14,100.26,41,,
2026-02-05 09:31:47,100.105,100.04,47,100.07,15,100.14,53,100.14,100.07,100.07,15,100.04,94,100.03,57,100.02,48,100.01,63,100.0,201,99.99,85,99.94,201,99.92,96,99.91,184,100.14,53,100.15,80,100.16,49,100.17,281,100.18,48,100.2,93,100.23,91,100.24,42,100.25,14,100.26,41
2026-02-05 09:31:48,100.035,100.04,20,100.03,57,100.04,158,100.04,100.03,100.03,57,100.02,48,100.01,63,100.0,201,99.99,85,99.94,201,99.92,96,99.91,184,99.89,98,99.88,63,100.04,158,100.14,53,100.15,80,100.16,49,100.17,281,100.18,48,100.2,93,100.23,91,100.24,42,100.25,14
2026-02-05 09:31:49,100.105,100.04,31,100.07,25,100.14,53,100.14,100.07,100.07,25,100.03,57,100.02,48,100.01,63,100.0,201,99.99,85,99.94,201,99.92,96,99.91,184,99.89,98,100.14,53,100.15,80,100.16,49,100.17,281,100.18,48,100.2,93,100.23,91,100.24,42,100.25,14,100.26,41
2026-02-05 09:31:50,100.105,100.04,31,100.07,25,100.14,53,100.14,100.07,100.07,25,100.03,57,100.02,48,100.01,63,100.0,201,99.99,85,99.94,201,99.92,96,99.91,184,99.89,98,100.14,53,100.15,80,100.16,49,100.17,411,100.18,48,100.2,93,100.23,91,100.24,42,100.25,14,100.26,41
2026-02-05 09:31:51,100.025,100.03,57,100.02,48,100.03,72,100.03,100.02,100.02,48,100.01,63,100.0,201,99.99,85,99.94,201,99.92,96,99.91,184,99.89,98,99.88,63,99.86,87,100.03,72,100.14,53,100.15,80,100.16,49,100.17,411,100.18,48,100.2,93,100.23,91,100.24,42,100.25,14
2026-02-05 09:31:51,100.025,100.03,57,100.02,48,100.03,72,100.03,100.02,100.02,48,100.01,63,100.0,201,99.99,85,99.94,201,99.92,96,99.91,184,99.89,98,99.88,63,99.86,87,100.03,72,100.14,53,100.15,80,100.16,49,100.17,411,100.18,48,100.2,93,100.23,91,100.24,42,100.25,14
2026-02-05 09:31:53,100.025,100.03,57,100.02,48,100.03,72,100.03,100.02,100.02,48,100.01,63,100.0,201,99.99,85,99.94,201,99.92,96,99.91,184,99.89,98,99.88,63,99.86,87,100.03,72,100.14,53,100.15,80,100.16,49,100.17,546,100.18,48,100.2,93,100.23,91,100.24,42,100.25,14
2026-02-05 09:31:54,100.025,100.03,57,100.02,48,100.03,72,100.03,100.02,100.02,48,100.01,63,100.0,201,99.99,85,99.94,201,99.92,96,99.91,184,99.89,98,99.88,63,99.86,87,100.03,72,100.14,53,100.15,80,100.16,49,100.17,546,100.18,48,100.2,93,100.23,91,100.24,42,100.25,14
2026-02-05 09:31:54,100.025,100.03,57,100.02,48,100.03,72,100.03,100.02,100.02,48,100.01,63,100.0,201,99.99,85,99.94,201,99.92,96,99.91,184,99.89,98,99.88,63,99.86,87,100.03,72,100.14,53,100.15,80,100.16,49,100.17,546,100.18,48,100.2,93,100.23,91,100.24,42,100.25,14
2026-02-05 09:31:56,100.08,100.14,15,100.02,48,100.14,38,100.14,100.02,100.02,48,100.01,63,100.0,201,99.99,85,99.94,201,99.92,96,99.91,184,99.89,98,99.88,63,99.86,87,100.14,38,100.15,80,100.16,49,100.17,546,100.18,48,100.2,93,100.23,91,100.24,42,100.25,14,100.26,41
2026-02-05 09:31:57,100.03,100.14,15,100.02,48,100.04,59,100.04,100.02,100.02,48,100.01,63,100.0,201,99.99,85,99.94,201,99.92,96,99.91,240,99.89,98,99.88,63,99.86,87,100.04,59,100.14,38,100.15,80,100.16,49,100.17,546,100.18,48,100.2,93,100.23,91,100.24,42,100.25,14
2026-02-05 09:31:57,100.03,100.14,15,100.02,48,100.04,59,100.04,100.02,100.02,48,100.01,63,100.0,201,99.99,85,99.94,201,99.92,96,99.91,240,99.89,149,99.88,63,99.86,87,100.04,59,100.14,38,100.15,80,100.16,49,100.17,546,100.18,48,100.2,93,100.23,91,100.24,42,100.25,14
2026-02-05 09:31:58,100.03,100.14,15,100.02,128,100.04,59,100.04,100.02,100.02,128,100.01,63,100.0,201,99.99,85,99.94,201,99.92,96,99.91,240,99.89,149,99.88,63,99.86,87,100.04,59,100.07,72,100.14,38,100.15,80,100.16,49,100.17,546,100.18,48,100.2,93,100.23,91,100.24,42
2026-02-05 09:32:00,100.03,100.14,15,100.02,128,100.04,59,100.04,100.02,100.02,128,100.01,63,100.0,201,99.99,85,99.94,201,99.92,49,99.91,240,99.89,196,99.88,63,99.86,87,100.04,59,100.07,72,100.14,38,100.15,80,100.16,49,100.17,546,100.18,48,100.2,93,100.23,91,100.24,42
2026-02-05 09:32:01,100.03,100.02,73,100.02,7,100.04,59,100.04,100.02,100.02,7,100.01,63,100.0,201,99.99,85,99.94,201,99.92,49,99.91,151,99.89,196,99.88,63,99.86,87,100.04,59,100.07,72,100.14,38,100.15,80,100.17,546,100.18,48,100.2,93,100.23,91,100.24,42,100.25,14
2026-02-05 09:32:01,100.03,100.02,73,100.02,7,100.04,59,100.04,100.02,100.02,7,100.01,63,100.0,201,99.99,85,99.94,201,99.92,49,99.91,151,99.89,196,99.88,63,99.87,100,100.04,59,100.07,72,100.08,103,100.14,38,100.15,80,100.17,546,100.18,48,100.2,93,100.23,91,100.24,42
2026-02-05 09:32:01,100.03,100.02,73,100.02,7,100.04,59,100.04,100.02,100.02,7,100.01,63,100.0,201,99.99,85,99.94,201,99.92,49,99.91,151,99.89,196,99.88,63,99.87,100,100.04,59,100.07,72,100.08,103,100.14,38,100.15,80,100.17,546,100.18,48,100.2,93,100.23,91,100.24,42
2026-02-05 09:32:04,100.045,100.07,33,100.02,7,100.07,39,100.07,100.02,100.02,7,100.01,63,100.0,201,99.99,85,99.94,264,99.92,49,99.91,151,99.89,196,99.88,63,99.87,100,100.07,39,100.08,103,100.14,38,100.17,546,100.18,48,100.2,93,100.23,91,100.24,42,100.25,14,100.26,41
2026-02-05 09:32:05,100.05,100.08,40,100.02,7,100.08,63,100.08,100.02,100.02,7,100.01,63,100.0,201,99.99,85,99.94,264,99.92,49,99.91,151,99.89,145,99.88,63,99.87,100,100.08,63,100.14,100,100.17,546,100.18,48,100.2,93,100.23,91,100.24,42,100.25,14,100.26,41,,
2026-02-05 09:32:06,100.075,100.08,40,100.07,34,100.08,63,100.08,100.07,100.07,34,100.02,7,100.01,63,100.0,201,99.99,85,99.98,114,99.94,264,99.92,49,99.91,95,99.89,145,100.08,63,100.11,149,100.14,100,100.16,101,100.17,546,100.18,48,100.2,93,100.23,91,100.24,42,100.25,14
2026-02-05 09:32:06,100.075,100.08,40,100.07,34,100.08,63,100.08,100.07,100.07,34,100.02,7,100.01,63,100.0,201,99.99,148,99.98,114,99.94,264,99.92,49,99.91,95,99.9,81,100.08,63,100.11,149,100.14,100,100.15,76,100.16,101,100.17,546,100.18,48,100.23,91,100.24,42,100.25,14
2026-02-05 09:32:08,100.075,100.08,55,100.07,34,100.08,8,100.08,100.07,100.07,34,100.03,88,100.02,7,100.01,63,100.0,201,99.99,148,99.98,114,99.94,264,99.92,49,99.91,95,100.08,8,100.11,149,100.14,100,100.15,76,100.16,101,100.17,546,100.18,48,100.23,91,100.24,42,100.25,14
2026-02-05 09:32:09,100.075,100.08,55,100.07,34,100.08,8,100.08,100.07,100.07,34,100.03,88,100.02,7,100.01,63,100.0,201,99.99,148,99.98,114,99.94,264,99.92,49,99.91,95,100.08,8,100.11,149,100.14,100,100.15,76,100.16,101,100.17,546,100.18,48,100.23,91,100.24,42,100.25,14
2026-02-05 09:32:09,100.075,100.08,55,100.07,34,100.08,8,100.08,100.07,100.07,34,100.03,88,100.02,7,100.01,63,100.0,222,99.99,148,99.98,114,99.94,264,99.92,49,99.91,95,100.08,8,100.11,149,100.14,100,100.15,76,100.16,101,100.17,546,100.18,48,100.24,42,100.25,14,100.26,41
2026-02-05 09:32:11,100.09,100.14,5,100.07,34,100.11,116,100.11,100.07,100.07,34,100.03,88,100.02,7,100.01,63,100.0,222,99.99,148,99.98,114,99.94,383,99.92,49,99.91,95,100.11,116,100.14,100,100.15,76,100.16,101,100.17,546,100.18,48,100.24,42,100.25,14,100.26,41,,
2026-02-05 09:32:12,100.11,100.15,12,100.07,34,100.15,64,100.15,100.07,100.07,34,100.03,88,100.02,7,100.01,63,100.0,222,99.99,148,99.98,114,99.94,383,99.92,49,99.91,95,100.15,64,100.16,101,100.17,375,100.18,48,100.24,42,100.25,14,100.26,41,,,,,,
2026-02-05 09:32:12,100.115,100.15,12,100.08,29,100.15,64,100.15,100.08,100.08,29,100.07,34,100.03,88,100.02,7,100.01,63,100.0,222,99.99,148,99.94,383,99.92,49,99.91,95,100.15,64,100.16,101,100.17,375,100.18,48,100.24,42,100.25,14,100.26,41,,,,,,
2026-02-05 09:32:14,100.115,100.15,61,100.08,29,100.15,3,100.15,100.08,100.08,29,100.07,34,100.03,88,100.01,63,100.0,222,99.99,148,99.94,383,99.92,49,99.91,95,99.9,81,100.15,3,100.16,101,100.17,375,100.18,48,100.24,42,100.25,14,100.26,41,,,,,,
2026-02-05 09:32:14,100.115,100.15,61,100.08,29,100.15,3,100.15,100.08,100.08,29,100.07,34,100.03,88,100.01,63,100.0,222,99.99,148,99.95,26,99.94,383,99.91,95,99.9,81,100.15,3,100.16,101,100.17,375,100.18,48,100.24,42,100.25,14,100.26,41,,,,,,
2026-02-05 09:32:14,100.115,100.15,61,100.08,29,100.15,3,100.15,100.08,100.08,29,100.07,34,100.03,88,100.01,63,100.0,222,99.99,148,99.95,26,99.94,383,99.91,95,99.9,81,100.15,3,100.16,162,100.17,284,100.18,48,100.24,42,100.25,14,100.26,41,,,,,,
2026-02-05 09:32:17,100.115,100.08,2,100.08,27,100.15,3,100.15,100.08,100.08,27,100.07,34,100.03,88,100.01,63,100.0,222,99.99,148,99.98,103,99.95,26,99.94,383,99.91,95,100.15,3,100.16,162,100.17,284,100.18,48,100.24,42,100.25,14,100.26,41,,,,,,
2026-02-05 09:32:17,100.115,100.08,2,100.08,88,100.15,3,100.15,100.08,100.08,88,100.07,34,100.03,88,100.01,63,100.0,222,99.99,148,99.98,103,99.95,26,99.94,383,99.91,95,100.15,3,100.16,162,100.17,130,100.18,48,100.24,42,100.25,14,100.26,41,,,,,,
2026-02-05 09:32:18,100.11,100.07,12,100.07,22,100.15,3,100.15,100.07,100.07,22,100.03,88,100.01,63,100.0,222,99.99,148,99.98,103,99.95,26,99.94,383,99.91,95,99.9,81,100.15,3,100.16,162,100.17,130,100.18,48,100.19,24,100.24,42,100.25,14,100.26,41,,,,
2026-02-05 09:32:18,100.11,100.07,12,100.07,22,100.15,3,100.15,100.07,100.07,22,100.03,88,100.01,63,100.0,222,99.99,148,99.98,103,99.95,26,99.94,383,99.91,95,99.9,81,100.15,3,100.16,162,100.17,130,100.18,48,100.19,24,100.25,14,100.26,85,,,,,,
2026-02-05 09:32:21,100.14,100.13,81,100.13,46,100.15,3,100.15,100.13,100.13,46,100.07,22,100.03,88,100.01,63,100.0,119,99.99,148,99.98,103,99.95,26,99.94,383,99.9,81,100.15,3,100.16,162,100.18,48,100.19,139,100.25,14,100.26,85,,,,,,,,
2026-02-05 09:32:22,100.145,100.16,73,100.13,46,100.16,89,100.16,100.13,100.13,46,100.07,22,100.03,88,100.01,63,100.0,119,99.99,148,99.98,103,99.95,26,99.94,383,99.9,81,100.16,89,100.18,48,100.19,139,100.25,14,100.26,85,100.27,69,,,,,,,,
2026-02-05 09:32:23,100.15,100.16,73,100.14,47,100.16,89,100.16,100.14,100.14,47,100.13,46,100.12,62,100.08,18,100.07,22,100.03,88,100.01,63,100.0,119,99.99,148,99.98,103,100.16,89,100.18,48,100.19,139,100.25,14,100.26,85,100.27,69,,,,,,,,
2026-02-05 09:32:23,100.15,100.16,73,100.14,47,100.16,89,100.16,100.14,100.14,47,100.13,46,100.12,62,100.08,18,100.07,22,100.03,88,100.01,63,100.0,119,99.99,148,99.98,103,100.16,89,100.18,48,100.19,139,100.25,14,100.26,85,100.27,69,,,,,,,,
2026-02-05 09:32:25,100.15,100.16,73,100.14,47,100.16,89,100.16,100.14,100.14,47,100.13,46,100.12,62,100.09,49,100.08,18,100.07,22,100.03,171,100.01,63,100.0,119,99.99,148,100.16,89,100.18,48,100.19,139,100.25,14,100.26,85,100.27,69,100.29,21,,,,,,
2026-02-05 09:32:26,100.165,100.19,13,100.14,47,100.19,126,100.19,100.14,100.14,47,100.13,46,100.12,62,100.09,49,100.08,18,100.07,22,100.03,171,100.01,63,100.0,119,99.99,148,100.19,126,100.25,14,100.26,85,100.27,69,100.29,21,,,,,,,,,,
2026-02-05 09:32:27,100.165,100.19,62,100.14,47,100.19,53,100.19,100.14,100.14,47,100.13,46,100.12,62,100.09,49,100.08,18,100.07,22,100.03,171,100.01,63,100.0,119,99.99,148,100.19,53,100.25,14,100.26,85,100.27,69,100.29,21,,,,,,,,,,
2026-02-05 09:32:28,100.165,100.19,62,100.14,47,100.19,53,100.19,100.14,100.14,47,100.13,46,100.12,62,100.09,49,100.08,18,100.07,22,100.03,171,100.01,63,100.0,98,99.99,148,100.19,53,100.25,14,100.26,85,100.27,69,100.29,21,,,,,,,,,,
2026-02-05 09:32:29,100.145,100.13,13,100.13,33,100.16,75,100.16,100.13,100.13,33,100.12,199,100.11,62,100.09,49,100.08,18,100.07,22,100.03,171,100.02,16,100.01,63,100.0,98,100.16,75,100.19,53,100.25,14,100.26,186,100.27,69,100.29,21,,,,,,,,
2026-02-05 09:32:29,100.145,100.13,13,100.13,33,100.16,75,100.16,100.13,100.13,33,100.12,199,100.11,62,100.09,49,100.08,18,100.07,22,100.03,171,100.02,16,100.01,63,100.0,98,100.16,75,100.19,53,100.21,30,100.25,14,100.26,186,100.27,69,100.29,21,,,,,,
2026-02-05 09:32:29,100.145,100.13,13,100.13,33,100.16,75,100.16,100.13,100.13,33,100.12,199,100.11,62,100.09,49,100.08,18,100.07,22,100.03,171,100.02,16,100.01,63,100.0,98,100.16,75,100.21,30,100.25,14,100.26,186,100.27,69,100.29,21,,,,,,,,
2026-02-05 09:32:32,100.145,100.13,13,100.13,33,100.16,75,100.16,100.13,100.13,33,100.12,299,100.11,62,100.09,49,100.08,18,100.07,22,100.03,171,100.02,16,100.01,63,100.0,98,100.16,75,100.19,26,100.21,30,100.25,14,100.26,186,100.27,69,100.29,21,,,,,,
2026-02-05 09:32:33,100.205,100.21,5,100.2,117,100.21,25,100.21,100.2,100.2,117,100.13,33,100.12,299,100.11,62,100.09,49,100.08,18,100.07,22,100.03,171,100.02,16,100.01,63,100.21,25,100.25,14,100.26,186,100.27,69,100.29,21,,,,,,,,,,
2026-02-05 09:32:33,100.205,100.21,5,100.2,117,100.21,25,100.21,100.2,100.2,117,100.13,137,100.12,199,100.11,62,100.09,49,100.08,18,100.07,22,100.03,171,100.02,16,100.01,63,100.21,25,100.25,14,100.26,186,100.27,69,100.29,21,,,,,,,,,,
2026-02-05 09:32:35,100.235,100.26,4,100.21,36,100.26,182,100.26,100.21,100.21,36,100.2,33,100.17,92,100.13,137,100.12,199,100.11,62,100.09,49,100.08,18,100.07,22,100.03,171,100.26,182,100.27,69,100.29,21,,,,,,,,,,,,,,
2026-02-05 09:32:36,100.235,100.26,33,100.21,36,100.26,68,100.26,100.21,100.21,36,100.2,33,100.17,92,100.13,137,100.12,199,100.11,62,100.09,49,100.08,18,100.07,22,100.03,171,100.26,68,100.29,21,,,,,,,,,,,,,,,,
2026-02-05 09:32:37,100.235,100.26,33,100.21,36,100.26,68,100.26,100.21,100.21,36,100.2,33,100.17,92,100.13,137,100.12,199,100.11,62,100.09,49,100.08,18,100.07,22,100.03,171,100.26,68,100.27,165,100.29,21,,,,,,,,,,,,,,
2026-02-05 09:32:37,100.235,100.26,33,100.21,36,100.26,166,100.26,100.21,100.21,36,100.2,33,100.17,92,100.13,137,100.12,199,100.11,62,100.09,49,100.08,18,100.07,22,100.03,171,100.26,166,100.27,165,100.29,21,,,,,,,,,,,,,,
2026-02-05 09:32:39,100.235,100.26,33,100.21,36,100.26,166,100.26,100.21,100.21,36,100.2,33,100.17,92,100.13,137,100.12,199,100.11,62,100.09,49,100.08,18,100.07,22,100.03,171,100.26,166,100.27,165,100.29,21,100.31,88,,,,,,,,,,,,
2026-02-05 09:32:40,100.235,100.26,33,100.21,36,100.26,166,100.26,100.21,100.21,36,100.2,33,100.17,92,100.13,137,100.12,199,100.11,62,100.09,49,100.08,18,100.07,22,100.03,171,100.26,166,100.29,21,100.31,88,100.36,68,,,,,,,,,,,,
2026-02-05 09:32:41,100.245,100.26,33,100.23,26,100.26,166,100.26,100.23,100.23,26,100.21,36,100.2,33,100.17,92,100.13,137,100.12,199,100.11,62,100.09,49,100.08,18,100.07,22,100.26,166,100.29,21,100.31,88,100.36,68,,,,,,,,,,,,
2026-02-05 09:32:41,100.245,100.26,33,100.23,26,100.26,166,100.26,100.23,100.23,26,100.21,36,100.2,112,100.17,92,100.13,137,100.12,199,100.11,62,100.09,49,100.08,18,100.07,22,100.26,166,100.29,115,100.31,88,100.36,68,,,,,,,,,,,,
2026-02-05 09:32:41,100.245,100.26,33,100.23,26,100.26,166,100.26,100.23,100.23,26,100.21,36,100.2,112,100.17,92,100.13,137,100.12,199,100.11,62,100.09,49,100.08,18,100.07,22,100.26,166,100.29,21,100.31,88,100.36,68,,,,,,,,,,,,
2026-02-05 09:32:41,100.235,100.26,33,100.23,26,100.24,72,100.24,100.23,100.23,26,100.21,36,100.2,112,100.17,92,100.13,137,100.12,199,100.11,62,100.09,49,100.08,126,100.07,22,100.24,72,100.26,166,100.29,21,100.31,88,100.36,68,,,,,,,,,,
2026-02-05 09:32:41,100.235,100.26,33,100.23,26,100.24,72,100.24,100.23,100.23,26,100.21,36,100.2,112,100.17,92,100.13,137,100.12,199,100.11,62,100.09,49,100.08,233,100.07,22,100.24,72,100.26,166,100.29,21,100.31,88,100.36,68,,,,,,,,,,
2026-02-05 09:32:46,100.235,100.26,33,100.23,26,100.24,72,100.24,100.23,100.23,26,100.21,36,100.2,112,100.17,92,100.13,137,100.12,199,100.11,128,100.09,49,100.08,233,100.07,22,100.24,72,100.26,166,100.29,21,100.31,88,100.36,68,,,,,,,,,,
2026-02-05 09:32:46,100.235,100.26,33,100.23,26,100.24,72,100.24,100.23,100.23,26,100.21,36,100.2,112,100.17,92,100.13,137,100.12,199,100.11,128,100.09,49,100.08,233,100.07,22,100.24,72,100.26,166,100.29,21,100.31,88,100.36,68,100.48,24,,,,,,,,
2026-02-05 09:32:46,100.235,100.26,33,100.23,26,100.24,72,100.24,100.23,100.23,26,100.21,36,100.2,112,100.17,92,100.13,137,100.12,199,100.11,128,100.09,49,100.08,233,100.07,22,100.24,72,100.26,166,100.28,113,100.29,21,100.31,88,100.48,24,,,,,,,,
2026-02-05 09:32:49,100.235,100.26,33,100.23,26,100.24,72,100.24,100.23,100.23,26,100.21,36,100.2,112,100.17,92,100.13,137,100.12,199,100.11,128,100.09,49,100.08,233,100.07,22,100.24,72,100.26,166,100.27,73,100.28,113,100.29,21,100.48,24,,,,,,,,
2026-02-05 09:32:50,100.245,100.26,47,100.23,26,100.26,111,100.26,100.23,100.23,26,100.21,36,100.2,112,100.17,92,100.13,137,100.12,62,100.11,128,100.09,49,100.08,233,100.07,22,100.26,111,100.27,73,100.28,113,100.29,62,100.48,24,,,,,,,,,,
2026-02-05 09:32:51,100.235,100.21,35,100.21,1,100.26,111,100.26,100.21,100.21,1,100.2,112,100.17,92,100.13,137,100.12,62,100.11,128,100.09,49,100.08,233,100.07,22,100.03,171,100.26,111,100.27,73,100.28,113,100.29,62,100.48,24,,,,,,,,,,
2026-02-05 09:32:52,100.215,100.17,38,100.2,79,100.23,34,100.23,100.2,100.2,79,100.17,92,100.13,137,100.12,62,100.11,128,100.09,49,100.08,233,100.07,22,100.03,171,100.02,16,100.23,34,100.26,111,100.27,73,100.28,113,100.29,62,100.48,24,,,,,,,,
2026-02-05 09:32:52,100.175,100.17,38,100.17,54,100.18,41,100.18,100.17,100.17,54,100.13,137,100.12,62,100.11,128,100.09,49,100.08,233,100.07,22,100.03,171,100.02,16,100.01,63,100.18,41,100.23,34,100.26,111,100.27,73,100.28,113,100.29,62,100.48,24,,,,,,
2026-02-05 09:32:54,100.15,100.12,13,100.14,115,100.16,20,100.16,100.14,100.14,115,100.12,49,100.11,128,100.09,49,100.08,233,100.07,22,100.03,171,100.02,16,100.01,63,100.0,98,100.16,20,100.18,9,100.23,34,100.26,111,100.27,73,100.28,113,100.29,62,,,,,,
2026-02-05 09:32:55,100.16,100.18,2,100.14,115,100.18,7,100.18,100.14,100.14,115,100.12,49,100.11,128,100.09,49,100.08,233,100.07,22,100.03,171,100.02,16,100.0,98,99.99,161,100.18,7,100.23,34,100.26,111,100.27,73,100.28,113,100.29,62,,,,,,,,
2026-02-05 09:32:56,100.16,100.14,86,100.14,29,100.18,7,100.18,100.14,100.14,29,100.12,49,100.11,128,100.09,49,100.08,215,100.07,80,100.03,171,100.02,16,100.0,44,99.99,161,100.18,7,100.22,81,100.23,34,100.26,111,100.27,73,100.29,192,,,,,,,,
2026-02-05 09:32:57,100.185,100.23,14,100.14,29,100.23,20,100.23,100.14,100.14,29,100.12,49,100.11,128,100.09,49,100.08,215,100.07,80,100.03,171,100.02,16,100.0,44,99.99,161,100.23,20,100.26,111,100.27,73,100.28,81,100.29,192,100.32,73,100.34,78,,,,,,
2026-02-05 09:32:57,100.185,100.23,14,100.14,29,100.23,20,100.23,100.14,100.14,29,100.12,148,100.11,128,100.09,49,100.08,215,100.07,80,100.03,171,100.02,16,100.0,44,99.99,161,100.23,20,100.26,111,100.27,73,100.28,81,100.29,192,100.32,73,100.34,78,,,,,,
2026-02-05 09:32:57,100.205,100.23,14,100.18,74,100.23,20,100.23,100.18,100.18,74,100.14,29,100.12,99,100.11,128,100.09,49,100.08,215,100.07,80,100.03,171,100.02,16,100.0,44,100.23,20,100.26,111,100.27,73,100.28,81,100.29,192,100.32,73,100.34,78,,,,,,
2026-02-05 09:33:00,100.155,100.18,74,100.14,29,100.17,21,100.17,100.14,100.14,29,100.12,99,100.11,128,100.09,49,100.08,215,100.07,80,100.03,171,100.02,16,100.0,44,99.99,161,100.17,21,100.23,20,100.26,111,100.27,73,100.28,81,100.29,192,100.32,73,100.34,78,,,,
2026-02-05 09:33:01,100.155,100.14,29,100.14,29,100.17,151,100.17,100.14,100.14,29,100.12,99,100.11,128,100.09,49,100.08,108,100.07,80,100.03,171,100.02,16,100.0,44,99.99,161,100.17,151,100.18,15,100.23,20,100.26,111,100.27,73,100.28,81,100.29,192,100.32,73,100.34,78,,
2026-02-05 09:33:02,100.155,100.11,26,100.14,70,100.17,62,100.17,100.14,100.14,70,100.11,102,100.09,49,100.08,108,100.07,80,100.03,171,100.02,16,100.0,44,99.99,161,99.98,103,100.17,62,100.18,15,100.23,20,100.24,117,100.26,111,100.27,73,100.28,81,100.29,192,100.32,73,100.34,78
2026-02-05 09:33:02,100.155,100.11,26,100.14,70,100.17,62,100.17,100.14,100.14,70,100.11,102,100.09,49,100.08,108,100.07,80,100.03,208,100.02,16,100.0,44,99.99,161,99.98,103,100.17,62,100.18,15,100.23,20,100.24,117,100.26,111,100.27,73,100.28,81,100.29,192,100.32,73,100.34,78
2026-02-05 09:33:04,100.155,100.11,26,100.14,70,100.17,62,100.17,100.14,100.14,70,100.11,102,100.09,49,100.08,108,100.07,80,100.04,171,100.03,208,100.02,16,100.0,44,99.99,161,100.17,62,100.18,15,100.21,87,100.23,20,100.24,117,100.26,111,100.27,73,100.28,81,100.29,171,100.32,73
2026-02-05 09:33:05,100.155,100.11,26,100.14,70,100.17,62,100.17,100.14,100.14,70,100.11,186,100.09,173,100.08,108,100.07,80,100.04,171,100.03,208,100.02,16,100.0,44,99.99,161,100.17,62,100.18,15,100.21,87,100.23,20,100.24,117,100.26,111,100.27,73,100.28,81,100.29,171,100.32,73
2026-02-05 09:33:06,100.155,100.11,26,100.14,70,100.17,62,100.17,100.14,100.14,70,100.11,186,100.09,173,100.08,108,100.07,159,100.04,171,100.03,208,100.02,16,100.01,28,100.0,44,100.17,62,100.18,15,100.21,87,100.23,20,100.24,117,100.26,111,100.27,73,100.28,81,100.29,171,100.32,73
2026-02-05 09:33:08,100.155,100.18,13,100.14,70,100.17,62,100.17,100.14,100.14,70,100.11,186,100.09,173,100.08,108,100.07,159,100.03,208,100.02,16,100.01,28,100.0,44,99.99,114,100.17,62,100.18,15,100.21,87,100.23,20,100.24,117,100.26,111,100.27,73,100.28,81,100.29,171,100.32,73
2026-02-05 09:33:08,100.16,100.18,13,100.14,70,100.18,2,100.18,100.14,100.14,70,100.11,186,100.09,173,100.08,108,100.07,101,100.03,208,100.02,16,100.01,28,100.0,44,99.99,114,100.18,2,100.21,87,100.23,20,100.24,117,100.26,98,100.27,73,100.28,81,100.29,171,100.32,73,100.34,78
2026-02-05 09:33:09,100.125,100.11,58,100.11,92,100.14,58,100.14,100.11,100.11,92,100.09,173,100.08,108,100.07,101,100.06,81,100.03,208,100.02,16,100.01,28,100.0,44,99.99,114,100.14,58,100.18,2,100.21,87,100.23,20,100.24,117,100.26,98,100.27,73,100.28,81,100.29,130,100.32,73
2026-02-05 09:33:10,100.125,100.11,58,100.11,92,100.14,58,100.14,100.11,100.11,92,100.09,173,100.08,108,100.07,101,100.06,81,100.03,208,100.02,16,100.01,154,100.0,44,99.99,114,100.14,58,100.18,2,100.21,87,100.23,20,100.24,117,100.26,98,100.27,73,100.28,81,100.29,130,100.32,73
2026-02-05 09:33:10,100.125,100.11,58,100.11,92,100.14,58,100.14,100.11,100.11,92,100.09,173,100.08,108,100.07,101,100.06,81,100.03,208,100.02,16,100.01,154,100.0,44,99.99,114,100.14,58,100.18,2,100.21,87,100.23,20,100.24,117,100.26,98,100.27,73,100.28,81,100.29,130,100.32,73
2026-02-05 09:33:10,100.125,100.11,58,100.11,92,100.14,58,100.14,100.11,100.11,92,100.09,173,100.08,108,100.07,101,100.06,81,100.03,208,100.02,16,100.01,154,100.0,44,99.99,114,100.14,58,100.18,2,100.21,87,100.23,20,100.24,117,100.26,98,100.27,73,100.28,81,100.29,130,100.32,73
2026-02-05 09:33:13,100.115,100.11,58,100.11,92,100.12,46,100.12,100.11,100.11,92,100.09,173,100.08,108,100.07,101,100.06,113,100.03,291,100.02,16,100.01,154,99.99,114,99.98,103,100.12,46,100.14,58,100.18,2,100.21,87,100.23,20,100.24,117,100.26,98,100.27,73,100.28,81,100.29,130
2026-02-05 09:33:14,100.105,100.09,89,100.09,35,100.12,46,100.12,100.09,100.09,35,100.08,108,100.07,101,100.06,113,100.03,291,100.02,16,100.01,154,99.99,114,99.98,103,99.97,72,100.12,46,100.14,58,100.18,2,100.21,87,100.23,20,100.24,117,100.26,98,100.27,73,100.28,81,100.29,130
2026-02-05 09:33:15,100.105,100.09,89,100.09,35,100.12,46,100.12,100.09,100.09,35,100.08,108,100.07,101,100.06,113,100.03,291,100.02,16,100.01,154,99.99,114,99.98,103,99.97,72,100.12,46,100.14,58,100.18,2,100.21,87,100.23,20,100.24,117,100.26,98,100.27,73,100.28,81,100.29,130
2026-02-05 09:33:16,100.1,100.08,23,100.08,85,100.12,46,100.12,100.08,100.08,85,100.07,101,100.06,113,100.03,291,100.02,16,100.01,154,99.99,114,99.98,103,99.97,72,99.96,189,100.12,46,100.14,58,100.18,2,100.21,87,100.23,20,100.24,117,100.26,98,100.27,73,100.28,81,100.29,130
2026-02-05 09:33:16,100.1,100.08,23,100.08,85,100.12,46,100.12,100.08,100.08,85,100.07,101,100.06,113,100.03,291,100.02,16,100.01,154,99.99,114,99.98,103,99.97,72,99.96,189,100.12,46,100.14,58,100.18,2,100.21,87,100.23,20,100.24,117,100.26,98,100.27,73,100.28,81,100.29,130
2026-02-05 09:33:16,100.1,100.08,23,100.08,85,100.12,46,100.12,100.08,100.08,85,100.07,101,100.06,113,100.03,291,100.02,16,100.01,154,99.99,114,99.98,103,99.97,72,99.96,189,100.12,46,100.14,58,100.18,2,100.21,87,100.23,20,100.24,117,100.26,98,100.27,73,100.28,81,100.29,130
2026-02-05 09:33:19,100.095,100.08,23,100.08,85,100.11,136,100.11,100.08,100.08,85,100.07,101,100.06,113,100.03,291,100.02,16,100.01,126,99.99,114,99.98,103,99.97,72,99.96,189,100.11,136,100.12,46,100.14,58,100.17,173,100.18,2,100.21,87,100.23,20,100.24,117,100.26,98,100.27,73
2026-02-05 09:33:20,100.095,100.08,23,100.08,116,100.11,136,100.11,100.08,100.08,116,100.07,101,100.06,113,100.03,291,100.02,16,100.01,126,99.99,114,99.98,103,99.97,72,99.96,189,100.11,136,100.12,46,100.14,58,100.16,48,100.17,173,100.18,2,100.21,87,100.23,20,100.24,117,100.26,98
2026-02-05 09:33:21,100.095,100.08,23,100.08,116,100.11,136,100.11,100.08,100.08,116,100.07,101,100.06,113,100.03,291,100.02,16,100.01,126,99.99,114,99.98,103,99.97,72,99.96,189,100.11,136,100.12,46,100.14,58,100.16,48,100.17,173,100.18,2,100.21,87,100.23,20,100.24,117,100.25,112
2026-02-05 09:33:22,100.095,100.08,23,100.08,116,100.11,136,100.11,100.08,100.08,116,100.07,101,100.06,113,100.03,291,100.02,16,100.01,126,99.99,114,99.98,103,99.97,72,99.96,189,100.11,136,100.12,46,100.14,58,100.16,48,100.18,2,100.21,87,100.23,20,100.24,117,100.25,112,100.26,98
2026-02-05 09:33:23,100.09,100.08,82,100.08,34,100.1,81,100.1,100.08,100.08,34,100.07,101,100.06,113,100.04,45,100.03,291,100.02,95,100.01,126,99.99,114,99.98,103,99.97,72,100.1,81,100.11,136,100.12,46,100.14,58,100.18,2,100.21,87,100.23,20,100.24,117,100.25,112,100.26,98
2026-02-05 09:33:24,100.095,100.11,14,100.08,34,100.11,54,100.11,100.08,100.08,34,100.07,101,100.06,113,100.04,45,100.03,291,100.02,95,100.01,126,99.99,114,99.98,103,99.97,72,100.11,54,100.12,46,100.14,58,100.18,2,100.21,87,100.23,20,100.24,117,100.25,112,100.26,98,100.27,73
2026-02-05 09:33:25,100.095,100.11,14,100.08,34,100.11,54,100.11,100.08,100.08,34,100.07,101,100.06,113,100.04,45,100.03,291,100.02,95,100.01,126,99.99,114,99.98,103,99.97,72,100.11,54,100.12,46,100.14,58,100.18,2,100.21,87,100.23,20,100.24,117,100.25,112,100.26,98,100.27,73
2026-02-05 09:33:27,100.095,100.07,22,100.08,34,100.11,54,100.11,100.08,100.08,34,100.07,101,100.06,113,100.04,45,100.03,291,100.02,95,100.01,126,99.99,114,99.98,103,99.97,72,100.11,54,100.12,46,100.14,58,100.18,2,100.21,87,100.23,20,100.24,117,100.25,112,100.26,98,100.27,73
2026-02-05 09:33:27,100.09,100.07,42,100.07,37,100.11,54,100.11,100.07,100.07,37,100.06,113,100.04,45,100.03,291,100.02,95,100.01,126,99.99,114,99.98,103,99.97,72,99.96,189,100.11,54,100.12,46,100.14,58,100.18,2,100.21,87,100.23,20,100.24,117,100.25,112,100.26,98,100.27,73
2026-02-05 09:33:28,100.095,100.12,26,100.07,37,100.12,20,100.12,100.07,100.07,37,100.06,113,100.04,45,100.03,291,100.02,95,100.01,126,99.99,114,99.98,103,99.97,72,99.96,189,100.12,20,100.14,58,100.18,2,100.21,87,100.23,20,100.24,117,100.25,112,100.26,98,100.27,73,100.28,81
2026-02-05 09:33:28,100.095,100.12,26,100.07,37,100.12,20,100.12,100.07,100.07,37,100.06,113,100.04,45,100.03,120,100.02,95,100.01,126,99.99,114,99.98,103,99.97,72,99.96,189,100.12,20,100.14,58,100.18,2,100.21,87,100.23,20,100.24,117,100.25,112,100.26,98,100.27,73,100.28,81
2026-02-05 09:33:30,100.1,100.12,26,100.09,57,100.11,79,100.11,100.09,100.09,57,100.07,37,100.06,113,100.04,45,100.03,120,100.02,95,100.01,126,99.99,114,99.98,103,99.97,72,100.11,79,100.12,20,100.14,58,100.18,2,100.21,87,100.23,20,100.24,117,100.25,112,100.26,98,100.27,73
2026-02-05 09:33:31,100.085,100.06,3,100.06,110,100.11,79,100.11,100.06,100.06,110,100.04,45,100.03,120,100.02,95,100.01,126,99.99,114,99.98,103,99.97,72,99.96,189,99.94,197,100.11,79,100.12,172,100.14,58,100.21,87,100.23,20,100.24,173,100.25,112,100.26,98,100.27,73,100.28,81
2026-02-05 09:33:31,100.07,100.06,3,100.06,110,100.08,7,100.08,100.06,100.06,110,100.04,45,100.03,120,100.02,95,100.01,126,99.99,114,99.98,103,99.97,72,99.96,189,99.94,197,100.08,7,100.11,79,100.12,172,100.14,58,100.21,87,100.23,20,100.24,173,100.25,112,100.26,98,100.27,73
2026-02-05 09:33:34,100.07,100.06,46,100.06,54,100.08,7,100.08,100.06,100.06,54,100.04,45,100.03,120,100.02,95,100.01,126,99.99,114,99.98,103,99.97,72,99.96,189,99.94,197,100.08,7,100.11,79,100.12,172,100.14,58,100.21,87,100.23,20,100.24,173,100.25,112,100.26,98,100.27,73
2026-02-05 09:33:34,100.07,100.06,46,100.06,54,100.08,7,100.08,100.06,100.06,54,100.04,45,100.03,120,100.02,95,100.01,126,99.99,114,99.98,103,99.97,72,99.96,189,99.94,197,100.08,7,100.11,79,100.12,172,100.14,58,100.21,87,100.23,20,100.24,173,100.25,112,100.26,98,100.27,73
2026-02-05 09:33:35,100.07,100.06,46,100.06,54,100.08,7,100.08,100.06,100.06,54,100.04,45,100.03,120,100.02,95,100.01,126,99.99,114,99.98,103,99.97,72,99.96,189,99.94,197,100.08,7,100.11,79,100.12,20,100.14,58,100.21,87,100.23,20,100.24,173,100.25,112,100.26,98,100.27,73
2026-02-05 09:33:36,100.085,100.11,20,100.06,54,100.11,59,100.11,100.06,100.06,54,100.04,45,100.03,120,100.02,263,100.01,126,99.99,114,99.98,103,99.97,72,99.96,189,99.94,197,100.11,59,100.12,20,100.14,58,100.21,87,100.23,20,100.24,173,100.25,112,100.26,98,100.27,73,100.28,81
2026-02-05 09:33:37,100.085,100.06,23,100.06,9,100.11,59,100.11,100.06,100.06,9,100.04,45,100.03,120,100.02,95,100.01,126,99.99,114,99.98,103,99.97,72,99.96,189,99.94,197,100.11,59,100.12,20,100.14,58,100.21,87,100.23,20,100.24,173,100.25,112,100.26,98,100.27,73,100.28,81
2026-02-05 09:33:38,100.1,100.14,49,100.06,9,100.14,9,100.14,100.06,100.06,9,100.04,45,100.03,120,100.02,95,100.01,126,99.99,114,99.98,103,99.97,72,99.96,189,99.94,197,100.14,9,100.21,87,100.23,20,100.24,173,100.25,112,100.26,98,100.27,73,100.28,81,100.29,130,100.3,37
2026-02-05 09:33:39,100.1,100.14,49,100.06,9,100.14,9,100.14,100.06,100.06,9,100.04,45,100.03,120,100.02,95,100.01,126,99.99,114,99.98,103,99.97,72,99.96,189,99.94,197,100.14,9,100.21,87,100.23,20,100.24,173,100.25,112,100.26,98,100.28,81,100.29,130,100.3,37,100.34,78
2026-02-05 09:33:39,100.1,100.14,49,100.06,9,100.14,9,100.14,100.06,100.06,9,100.04,45,100.03,120,100.02,95,100.01,126,99.99,114,99.98,103,99.97,72,99.96,189,99.94,197,100.14,9,100.18,19,100.21,87,100.23,20,100.24,173,100.25,112,100.26,98,100.28,81,100.29,130,100.3,37
2026-02-05 09:33:41,100.085,100.03,73,100.03,47,100.14,9,100.14,100.03,100.03,47,100.02,95,99.99,114,99.98,103,99.96,189,99.94,197,99.93,41,99.9,54,99.89,98,99.86,43,100.14,9,100.18,19,100.21,87,100.23,20,100.24,173,100.25,112,100.26,98,100.28,81,100.29,130,100.3,37
2026-02-05 09:33:42,100.085,100.03,73,100.03,47,100.14,9,100.14,100.03,100.03,47,100.02,95,99.99,114,99.98,103,99.96,189,99.94,197,99.93,41,99.9,54,99.89,98,99.86,43,100.14,9,100.15,62,100.18,19,100.21,87,100.22,111,100.23,20,100.24,173,100.25,112,100.26,98,100.28,81
2026-02-05 09:33:43,100.065,100.03,73,100.03,47,100.1,168,100.1,100.03,100.03,47,100.02,95,99.99,114,99.98,103,99.96,189,99.94,197,99.93,41,99.9,54,99.89,98,99.86,43,100.1,168,100.14,9,100.15,62,100.18,19,100.21,87,100.23,20,100.24,173,100.25,112,100.26,98,100.28,81
2026-02-05 09:33:43,100.04,100.03,73,100.03,47,100.05,82,100.05,100.03,100.03,47,100.02,95,99.99,114,99.98,103,99.96,189,99.94,197,99.93,41,99.9,54,99.89,98,99.86,43,100.05,82,100.1,168,100.14,78,100.15,62,100.18,19,100.21,87,100.23,20,100.24,173,100.25,112,100.26,98
2026-02-05 09:33:46,100.04,100.03,73,100.03,47,100.05,82,100.05,100.03,100.03,47,100.02,95,99.99,114,99.98,103,99.96,189,99.94,197,99.93,130,99.9,54,99.89,98,99.86,43,100.05,82,100.1,168,100.14,78,100.15,62,100.18,19,100.23,20,100.24,173,100.25,112,100.26,98,100.28,81
2026-02-05 09:33:46,100.035,100.02,30,100.02,49,100.05,36,100.05,100.02,100.02,49,99.99,114,99.98,103,99.96,189,99.94,197,99.93,130,99.9,54,99.89,98,99.86,43,99.63,78,100.05,36,100.1,168,100.14,78,100.15,62,100.23,20,100.24,173,100.25,112,100.26,98,100.28,81,100.29,130
2026-02-05 09:33:48,100.06,100.1,84,100.02,49,100.1,84,100.1,100.02,100.02,49,99.99,114,99.98,103,99.96,189,99.94,197,99.93,130,99.9,54,99.89,98,99.63,78,99.51,65,100.1,84,100.14,78,100.15,62,100.23,20,100.24,173,100.25,112,100.26,98,100.28,81,100.29,130,100.3,37
2026-02-05 09:33:49,99.995,100.02,49,99.99,114,100.0,7,100.0,99.99,99.99,114,99.98,103,99.96,189,99.94,207,99.93,130,99.9,54,99.89,98,99.63,78,99.51,65,,,100.0,7,100.1,84,100.14,78,100.15,62,100.23,20,100.24,173,100.25,112,100.26,98,100.28,81,100.29,130
2026-02-05 09:33:49,99.995,100.02,49,99.99,114,100.0,7,100.0,99.99,99.99,114,99.96,189,99.94,207,99.93,130,99.9,54,99.89,98,99.63,78,99.51,65,,,,,100.0,7,100.1,84,100.14,78,100.15,62,100.2,63,100.23,20,100.24,173,100.25,112,100.26,98,100.28,81
2026-02-05 09:33:51,99.995,99.99,29,99.99,82,100.0,7,100.0,99.99,99.99,82,99.96,189,99.94,207,99.93,130,99.9,54,99.89,98,99.63,78,99.51,65,,,,,100.0,7,100.1,84,100.14,78,100.15,62,100.2,63,100.23,20,100.24,173,100.25,112,100.26,98,100.28,81
2026-02-05 09:33:51,100.095,100.0,7,100.09,97,100.1,84,100.1,100.09,100.09,97,100.08,81,99.99,47,99.96,189,99.94,129,99.93,130,99.9,54,99.89,98,99.63,78,99.51,65,100.1,84,100.14,122,100.15,62,100.2,63,100.23,20,100.24,173,100.25,112,100.26,98,100.28,81,100.29,130
2026-02-05 09:33:53,100.095,100.1,54,100.09,97,100.1,30,100.1,100.09,100.09,97,100.08,81,99.99,34,99.96,189,99.95,91,99.94,129,99.93,130,99.9,54,99.89,98,99.63,78,100.1,30,100.11,24,100.14,122,100.15,62,100.2,63,100.23,20,100.24,173,100.25,112,100.26,98,100.28,81
2026-02-05 09:33:53,99.995,100.08,81,99.99,34,100.0,123,100.0,99.99,99.99,34,99.96,189,99.95,91,99.94,250,99.93,130,99.91,9,99.9,54,99.89,98,99.63,78,99.51,65,100.0,123,100.09,13,100.11,2,100.14,122,100.15,62,100.2,63,100.23,20,100.24,173,100.25,112,100.26,98
2026-02-05 09:33:53,99.995,100.08,81,99.99,34,100.0,123,100.0,99.99,99.99,34,99.96,189,99.95,91,99.94,250,99.93,130,99.91,9,99.9,54,99.89,98,99.75,38,99.63,78,100.0,123,100.09,13,100.11,2,100.14,122,100.15,62,100.2,63,100.23,20,100.24,117,100.25,112,100.26,98
2026-02-05 09:33:53,99.995,100.08,81,99.99,34,100.0,123,100.0,99.99,99.99,34,99.96,189,99.95,91,99.94,250,99.93,130,99.91,9,99.9,54,99.89,98,99.75,38,99.63,78,100.0,123,100.09,13,100.11,2,100.14,122,100.15,134,100.2,63,100.23,20,100.24,117,100.25,112,100.26,98
2026-02-05 09:33:53,99.995,100.08,81,99.99,34,100.0,123,100.0,99.99,99.99,34,99.96,189,99.95,91,99.94,250,99.93,89,99.91,9,99.9,54,99.89,98,99.75,38,99.63,78,100.0,123,100.09,13,100.11,2,100.14,122,100.15,134,100.2,63,100.23,20,100.24,117,100.25,112,100.26,98
2026-02-05 09:33:57,99.995,100.0,18,99.99,34,100.0,105,100.0,99.99,99.99,34,99.96,189,99.95,91,99.94,250,99.93,89,99.91,9,99.9,54,99.89,98,99.75,38,99.63,78,100.0,105,100.09,13,100.11,74,100.14,122,100.15,134,100.2,63,100.23,20,100.24,117,100.25,112,100.26,98
2026-02-05 09:33:57,99.995,100.0,18,99.99,34,100.0,105,100.0,99.99,99.99,34,99.96,189,99.95,91,99.94,250,99.93,89,99.91,9,99.9,54,99.89,98,99.75,38,99.63,78,100.0,105,100.09,13,100.11,74,100.14,122,100.15,134,100.2,63,100.23,20,100.24,117,100.25,112,100.26,98
2026-02-05 09:33:57,99.995,100.0,18,99.99,34,100.0,105,100.0,99.99,99.99,34,99.96,189,99.95,91,99.94,250,99.93,89,99.91,9,99.9,54,99.89,98,99.75,38,99.63,78,100.0,105,100.03,122,100.09,13,100.11,74,100.14,122,100.15,134,100.2,63,100.23,20,100.24,117,100.25,112
2026-02-05 09:33:57,99.995,100.0,18,99.99,34,100.0,105,100.0,99.99,99.99,34,99.96,189,99.95,91,99.94,250,99.93,89,99.91,9,99.9,54,99.89,98,99.75,38,99.63,78,100.0,105,100.03,122,100.09,13,100.11,74,100.14,122,100.15,134,100.2,63,100.23,20,100.24,117,100.25,112
2026-02-05 09:34:01,99.995,100.0,18,99.99,34,100.0,105,100.0,99.99,99.99,34,99.96,189,99.95,91,99.94,250,99.93,89,99.91,9,99.9,54,99.89,98,99.75,38,99.63,78,100.0,105,100.03,122,100.09,13,100.1,81,100.11,74,100.14,122,100.15,134,100.2,63,100.23,20,100.24,117
2026-02-05 09:34:02,100.02,100.0,105,100.01,2,100.03,122,100.03,100.01,100.01,2,99.99,34,99.96,189,99.95,183,99.94,250,99.93,89,99.91,9,99.9,54,99.89,98,99.75,38,100.03,122,100.09,13,100.1,81,100.11,74,100.14,122,100.15,134,100.2,63,100.23,20,100.24,117,100.25,112
2026-02-05 09:34:02,100.025,100.0,105,100.02,146,100.03,122,100.03,100.02,100.02,146,100.01,136,99.99,34,99.96,189,99.95,183,99.94,250,99.93,89,99.91,9,99.9,54,99.89,98,100.03,122,100.09,13,100.1,81,100.11,74,100.14,122,100.15,134,100.2,63,100.23,20,100.24,117,100.25,112
2026-02-05 09:34:02,100.025,100.0,105,100.02,146,100.03,122,100.03,100.02,100.02,146,100.01,136,99.99,34,99.96,189,99.95,183,99.94,250,99.93,89,99.92,90,99.91,9,99.9,54,100.03,122,100.09,13,100.1,81,100.11,74,100.14,122,100.15,134,100.2,63,100.23,20,100.24,117,100.25,112
2026-02-05 09:34:05,100.025,100.03,55,100.02,146,100.03,67,100.03,100.02,100.02,146,100.01,2,99.99,34,99.98,16,99.96,189,99.95,183,99.94,250,99.93,89,99.92,90,99.91,9,100.03,67,100.09,13,100.1,81,100.11,74,100.14,122,100.15,134,100.2,63,100.23,20,100.24,117,100.25,112
2026-02-05 09:34:07,100.06,100.1,2,100.02,146,100.1,81,100.1,100.02,100.02,146,100.01,2,99.99,34,99.98,16,99.96,189,99.95,183,99.94,250,99.93,89,99.92,90,99.91,9,100.1,81,100.11,74,100.14,122,100.15,134,100.2,63,100.23,20,100.24,117,100.25,112,100.26,98,100.28,81
2026-02-05 09:34:07,100.06,100.1,2,100.02,146,100.1,79,100.1,100.02,100.02,146,100.01,2,99.99,34,99.98,16,99.96,189,99.95,183,99.94,250,99.93,89,99.92,90,99.91,9,100.1,79,100.11,74,100.14,122,100.15,134,100.2,63,100.23,20,100.24,117,100.25,112,100.26,98,100.28,81
2026-02-05 09:34:08,100.06,100.02,45,100.02,101,100.1,79,100.1,100.02,100.02,101,100.01,2,100.0,112,99.99,34,99.98,16,99.96,290,99.95,183,99.94,250,99.93,89,99.92,90,100.1,79,100.11,74,100.13,131,100.14,122,100.15,134,100.2,63,100.23,20,100.24,117,100.25,112,100.26,98
2026-02-05 09:34:08,100.065,100.02,45,100.02,101,100.11,74,100.11,100.02,100.02,101,100.01,2,100.0,112,99.99,34,99.98,16,99.96,290,99.95,183,99.94,250,99.93,89,99.92,90,100.11,74,100.13,131,100.14,122,100.15,134,100.2,63,100.23,20,100.24,117,100.25,112,100.26,98,100.28,81
2026-02-05 09:34:08,100.065,100.02,45,100.02,101,100.11,131,100.11,100.02,100.02,101,100.0,112,99.99,34,99.98,16,99.96,290,99.95,183,99.94,250,99.93,89,99.92,90,99.91,9,100.11,131,100.13,131,100.14,122,100.15,134,100.2,63,100.23,20,100.24,117,100.25,112,100.26,98,100.28,81
2026-02-05 09:34:11,100.075,100.02,45,100.04,131,100.11,109,100.11,100.04,100.04,131,100.02,101,100.0,112,99.99,34,99.98,16,99.96,290,99.95,183,99.94,250,99.93,89,99.92,90,100.11,109,100.13,131,100.14,122,100.15,134,100.2,63,100.23,20,100.24,117,100.25,112,100.26,98,100.28,81
2026-02-05 09:34:13,100.075,100.11,5,100.04,100,100.11,30,100.11,100.04,100.04,100,100.02,101,100.0,112,99.99,34,99.98,16,99.96,290,99.95,183,99.94,250,99.93,89,99.92,90,100.11,30,100.13,131,100.14,122,100.15,134,100.2,63,100.23,20,100.24,117,100.25,112,100.26,98,100.28,81
2026-02-05 09:34:13,100.075,100.04,72,100.04,28,100.11,30,100.11,100.04,100.04,28,100.03,72,100.02,101,100.0,112,99.99,34,99.98,16,99.96,290,99.95,183,99.94,250,99.93,89,100.11,30,100.13,131,100.14,122,100.15,134,100.2,63,100.23,20,100.24,117,100.25,112,100.26,98,100.28,81
2026-02-05 09:34:14,100.075,100.04,72,100.04,28,100.11,30,100.11,100.04,100.04,28,100.03,72,100.02,101,100.0,112,99.99,34,99.98,16,99.96,290,99.95,183,99.94,250,99.93,89,100.11,30,100.14,122,100.15,134,100.2,63,100.23,20,100.24,117,100.25,112,100.28,81,100.29,130,100.3,37
2026-02-05 09:34:16,100.07,100.11,29,100.03,33,100.11,1,100.11,100.03,100.03,33,100.02,101,100.0,112,99.99,34,99.98,16,99.96,290,99.95,183,99.94,250,99.93,89,99.92,90,100.11,1,100.14,122,100.15,134,100.2,63,100.21,113,100.23,20,100.24,117,100.25,112,100.28,81,100.29,130
2026-02-05 09:34:17,100.05,100.03,14,100.03,19,100.07,130,100.07,100.03,100.03,19,100.02,101,100.0,112,99.99,34,99.98,16,99.96,290,99.95,183,99.94,250,99.93,89,99.92,90,100.07,130,100.11,1,100.14,122,100.15,134,100.2,63,100.23,20,100.24,117,100.25,112,100.28,81,100.29,130
2026-02-05 09:34:18,100.045,100.02,89,100.02,12,100.07,130,100.07,100.02,100.02,12,100.0,112,99.99,34,99.98,16,99.96,290,99.95,183,99.94,250,99.93,89,99.92,90,99.91,9,100.07,130,100.11,1,100.14,122,100.15,134,100.2,238,100.23,20,100.24,117,100.25,112,100.28,81,100.29,130
2026-02-05 09:34:19,100.045,100.02,89,100.02,12,100.07,130,100.07,100.02,100.02,12,100.0,112,99.99,34,99.98,16,99.96,290,99.95,92,99.94,250,99.93,89,99.92,90,99.91,9,100.07,130,100.11,1,100.14,122,100.15,134,100.2,238,100.23,20,100.24,117,100.25,112,100.28,81,100.29,130
2026-02-05 09:34:19,100.05,100.02,89,100.03,49,100.07,130,100.07,100.03,100.03,49,100.02,12,100.01,98,100.0,112,99.99,34,99.98,16,99.96,290,99.95,92,99.94,250,99.93,89,100.07,130,100.11,1,100.14,122,100.15,134,100.2,238,100.23,20,100.24,117,100.25,112,100.28,81,100.29,130
2026-02-05 09:34:20,100.05,100.02,89,100.03,49,100.07,130,100.07,100.03,100.03,49,100.02,12,100.01,98,100.0,112,99.99,34,99.98,16,99.96,290,99.95,92,99.94,250,99.93,89,100.07,130,100.11,1,100.14,122,100.15,134,100.16,136,100.2,238,100.23,20,100.24,117,100.25,112,100.28,81
2026-02-05 09:34:20,100.05,100.02,89,100.03,49,100.07,251,100.07,100.03,100.03,49,100.02,12,100.01,239,100.0,112,99.99,34,99.98,16,99.96,290,99.95,92,99.94,250,99.93,89,100.07,251,100.11,1,100.14,122,100.15,134,100.16,136,100.2,238,100.23,20,100.24,117,100.25,112,100.28,81
2026-02-05 09:34:22,100.05,100.02,89,100.03,49,100.07,251,100.07,100.03,100.03,49,100.02,12,100.01,239,100.0,112,99.99,34,99.98,16,99.96,290,99.95,92,99.94,250,99.93,89,100.07,251,100.11,1,100.14,122,100.15,134,100.16,136,100.2,238,100.23,50,100.24,117,100.25,112,100.28,81
2026-02-05 09:34:24,100.05,100.02,89,100.03,49,100.07,251,100.07,100.03,100.03,49,100.02,12,100.01,239,100.0,112,99.99,34,99.98,16,99.96,290,99.95,92,99.94,250,99.93,89,100.07,251,100.11,1,100.14,78,100.15,134,100.16,136,100.2,238,100.23,50,100.24,117,100.25,112,100.28,81
2026-02-05 09:34:24,100.02,100.01,20,100.01,219,100.03,15,100.03,100.01,100.01,219,100.0,112,99.99,34,99.98,16,99.96,290,99.95,92,99.94,250,99.93,89,99.92,90,99.91,9,100.03,15,100.07,251,100.11,1,100.14,78,100.15,134,100.16,136,100.2,238,100.23,50,100.24,117,100.25,112
2026-02-05 09:34:26,100.04,100.07,102,100.01,219,100.07,149,100.07,100.01,100.01,219,100.0,112,99.99,34,99.98,16,99.96,290,99.95,92,99.94,250,99.93,89,99.92,90,99.91,9,100.07,149,100.11,1,100.14,78,100.15,134,100.16,136,100.2,238,100.23,50,100.24,117,100.25,112,100.28,81
2026-02-05 09:34:26,100.055,100.07,102,100.04,94,100.07,149,100.07,100.04,100.04,94,100.01,219,100.0,112,99.99,34,99.98,16,99.96,290,99.95,92,99.94,250,99.93,89,99.92,90,100.07,149,100.11,1,100.14,78,100.15,134,100.16,136,100.2,238,100.23,50,100.24,117,100.25,112,100.28,81
2026-02-05 09:34:26,100.055,100.07,102,100.04,94,100.07,149,100.07,100.04,100.04,94,100.01,219,100.0,112,99.99,34,99.98,16,99.96,290,99.95,92,99.94,250,99.93,89,99.92,90,100.07,149,100.11,1,100.14,78,100.15,134,100.16,136,100.2,238,100.23,50,100.24,117,100.25,112,100.28,81
2026-02-05 09:34:29,100.055,100.07,99,100.04,94,100.07,121,100.07,100.04,100.04,94,100.01,219,100.0,112,99.99,34,99.98,16,99.96,290,99.95,92,99.94,250,99.93,89,99.92,90,100.07,121,100.11,1,100.14,78,100.15,134,100.16,136,100.2,238,100.23,50,100.24,117,100.25,112,100.28,81
2026-02-05 09:34:30,100.1,100.07,22,100.09,72,100.11,1,100.11,100.09,100.09,72,100.04,94,100.01,219,100.0,112,99.99,34,99.98,16,99.96,290,99.95,92,99.94,250,99.93,89,100.11,1,100.14,78,100.15,134,100.16,136,100.2,238,100.23,50,100.24,117,100.25,112,100.28,81,100.29,130
2026-02-05 09:34:30,100.1,100.07,22,100.09,72,100.11,1,100.11,100.09,100.09,72,100.06,41,100.04,94,100.01,219,100.0,112,99.99,34,99.98,16,99.96,290,99.95,92,99.94,250,100.11,1,100.14,78,100.15,134,100.16,136,100.2,238,100.23,50,100.24,117,100.25,112,100.28,81,100.29,130
2026-02-05 09:34:31,100.1,100.09,62,100.09,10,100.11,1,100.11,100.09,100.09,10,100.06,41,100.04,94,100.01,219,100.0,112,99.99,34,99.98,16,99.96,290,99.95,92,99.94,250,100.11,1,100.14,78,100.15,134,100.16,136,100.2,238,100.23,50,100.24,117,100.25,112,100.28,81,100.29,130
2026-02-05 09:34:31,100.1,100.09,62,100.09,10,100.11,1,100.11,100.09,100.09,10,100.06,41,100.04,94,100.01,219,100.0,112,99.99,34,99.98,16,99.96,290,99.95,92,99.94,250,100.11,1,100.14,78,100.15,134,100.16,136,100.2,238,100.23,50,100.24,117,100.25,112,100.28,81,100.29,130
2026-02-05 09:34:31,100.1,100.09,62,100.09,10,100.11,1,100.11,100.09,100.09,10,100.08,19,100.06,41,100.04,94,100.01,219,100.0,112,99.99,34,99.98,16,99.96,290,99.95,92,100.11,1,100.14,78,100.15,134,100.16,136,100.2,175,100.23,50,100.24,117,100.25,112,100.28,81,100.29,130
2026-02-05 09:34:35,100.1,100.09,62,100.09,10,100.11,1,100.11,100.09,100.09,10,100.08,19,100.06,41,100.05,55,100.04,94,100.01,219,100.0,112,99.99,34,99.98,16,99.96,290,100.11,1,100.14,78,100.15,134,100.16,136,100.2,175,100.23,50,100.24,117,100.25,112,100.28,81,100.29,130
2026-02-05 09:34:36,100.12,100.15,11,100.09,10,100.15,123,100.15,100.09,100.09,10,100.08,186,100.06,101,100.05,55,100.04,94,100.01,219,100.0,112,99.99,34,99.98,16,99.96,290,100.15,123,100.16,136,100.2,175,100.23,50,100.24,117,100.25,112,100.28,81,100.29,130,100.3,37,,
2026-02-05 09:34:36,100.12,100.15,11,100.09,10,100.15,123,100.15,100.09,100.09,10,100.08,186,100.06,101,100.05,55,100.04,94,100.01,219,100.0,112,99.99,34,99.98,16,99.96,189,100.15,123,100.16,136,100.2,175,100.23,50,100.24,117,100.25,259,100.28,81,100.29,130,100.3,37,,
2026-02-05 09:34:37,100.095,100.15,11,100.09,10,100.1,43,100.1,100.09,100.09,10,100.08,186,100.06,101,100.05,55,100.04,94,100.01,219,100.0,112,99.99,34,99.98,16,99.96,189,100.1,43,100.15,51,100.16,136,100.2,175,100.23,50,100.24,117,100.25,259,100.28,81,100.29,130,100.3,37
2026-02-05 09:34:38,100.095,100.15,11,100.09,10,100.1,43,100.1,100.09,100.09,10,100.08,186,100.06,101,100.05,55,100.04,94,100.01,219,100.0,112,99.99,56,99.98,16,99.96,189,100.1,43,100.15,51,100.16,136,100.2,175,100.22,87,100.23,50,100.24,117,100.25,259,100.28,81,100.29,130
2026-02-05 09:34:38,100.095,100.15,11,100.09,10,100.1,43,100.1,100.09,100.09,10,100.08,186,100.06,101,100.05,82,100.04,94,100.01,219,100.0,112,99.99,56,99.98,16,99.96,189,100.1,43,100.15,51,100.16,136,100.2,175,100.22,87,100.23,50,100.24,117,100.25,259,100.28,81,100.3,37
2026-02-05 09:34:40,100.145,100.1,43,100.14,42,100.15,51,100.15,100.14,100.14,42,100.09,10,100.08,186,100.06,101,100.05,82,100.04,94,100.01,219,100.0,112,99.99,56,99.98,16,100.15,51,100.16,136,100.2,175,100.22,87,100.23,50,100.24,117,100.25,259,100.28,81,100.3,37,,
2026-02-05 09:34:41,100.145,100.14,32,100.14,10,100.15,51,100.15,100.14,100.14,10,100.12,123,100.09,10,100.08,186,100.06,101,100.05,82,100.04,94,100.01,219,100.0,112,99.99,56,100.15,51,100.16,136,100.2,175,100.22,87,100.23,50,100.24,117,100.25,259,100.28,81,100.3,37,,
2026-02-05 09:34:43,100.145,100.15,51,100.14,10,100.15,51,100.15,100.14,100.14,10,100.12,123,100.09,10,100.08,186,100.06,101,100.05,82,100.04,94,100.01,387,100.0,112,99.99,56,100.15,51,100.16,136,100.2,175,100.22,87,100.23,50,100.24,117,100.25,259,100.28,81,100.3,37,,
2026-02-05 09:34:43,100.15,100.16,10,100.14,10,100.16,126,100.16,100.14,100.14,10,100.12,123,100.08,186,100.06,101,100.05,82,100.04,94,100.01,387,100.0,112,99.99,56,99.98,16,100.16,126,100.2,175,100.22,87,100.23,50,100.24,117,100.25,259,100.28,81,100.3,37,,,,
2026-02-05 09:34:45,100.13,100.14,10,100.12,141,100.14,124,100.14,100.12,100.12,141,100.08,186,100.06,101,100.05,82,100.04,94,100.01,387,100.0,112,99.99,56,99.98,55,99.96,189,100.14,124,100.16,126,100.2,316,100.22,87,100.23,50,100.24,117,100.25,259,100.28,81,100.3,37,,
2026-02-05 09:34:45,100.13,100.14,10,100.12,265,100.14,124,100.14,100.12,100.12,265,100.08,186,100.06,101,100.05,82,100.01,387,100.0,112,99.99,56,99.98,55,99.96,189,99.95,143,100.14,124,100.16,126,100.2,316,100.22,87,100.23,50,100.24,117,100.25,259,100.28,81,100.3,37,,
2026-02-05 09:34:47,100.13,100.14,10,100.12,265,100.14,124,100.14,100.12,100.12,265,100.08,186,100.06,101,100.05,82,100.01,387,100.0,112,99.99,56,99.98,55,99.96,189,99.95,143,100.14,124,100.2,316,100.22,87,100.23,50,100.24,117,100.25,259,100.28,81,100.3,37,,,,
2026-02-05 09:34:48,100.125,100.12,32,100.12,233,100.13,110,100.13,100.12,100.12,233,100.1,33,100.08,186,100.06,101,100.05,82,100.01,309,100.0,112,99.99,56,99.98,55,99.96,189,100.13,110,100.14,124,100.17,79,100.2,316,100.22,87,100.23,50,100.24,117,100.25,259,100.28,81,,
2026-02-05 09:34:48,100.13,100.14,27,100.12,233,100.14,97,100.14,100.12,100.12,233,100.1,33,100.08,186,100.06,101,100.05,82,100.01,309,100.0,112,99.99,56,99.98,55,99.96,189,100.14,97,100.15,117,100.17,79,100.2,316,100.22,87,100.23,50,100.25,259,100.28,81,,,,
2026-02-05 09:34:49,100.13,100.12,79,100.12,154,100.14,97,100.14,100.12,100.12,154,100.1,33,100.08,186,100.06,101,100.05,82,100.01,309,100.0,112,99.99,56,99.98,55,99.96,189,100.14,97,100.15,117,100.17,79,100.2,316,100.21,62,100.23,50,100.25,259,100.28,81,,,,
2026-02-05 09:34:50,100.13,100.14,75,100.12,103,100.14,22,100.14,100.12,100.12,103,100.1,33,100.08,186,100.06,101,100.05,82,100.01,309,100.0,112,99.99,56,99.98,55,99.96,189,100.14,22,100.15,117,100.17,79,100.2,316,100.21,62,100.23,50,100.25,259,100.28,81,,,,
2026-02-05 09:34:52,100.11,100.08,11,100.08,175,100.14,22,100.14,100.08,100.08,175,100.06,101,100.05,82,100.01,309,100.0,215,99.99,56,99.98,55,99.96,189,99.95,143,99.94,250,100.14,22,100.15,117,100.17,79,100.2,316,100.21,165,100.23,50,100.25,259,100.28,81,,,,
2026-02-05 09:34:52,100.11,100.08,11,100.08,175,100.14,22,100.14,100.08,100.08,175,100.06,101,100.05,82,100.01,309,100.0,215,99.99,56,99.98,55,99.96,189,99.95,143,99.94,250,100.14,22,100.15,117,100.17,79,100.2,316,100.21,165,100.23,50,100.25,259,100.28,81,,,,
2026-02-05 09:34:52,100.11,100.08,11,100.08,175,100.14,22,100.14,100.08,100.08,175,100.06,101,100.05,82,100.01,309,100.0,215,99.99,56,99.98,55,99.96,189,99.95,143,99.94,250,100.14,22,100.15,117,100.17,79,100.2,316,100.21,165,100.23,50,100.25,259,100.28,81,,,,
2026-02-05 09:34:52,100.11,100.08,11,100.08,175,100.14,22,100.14,100.08,100.08,175,100.06,101,100.05,82,100.01,309,100.0,215,99.99,56,99.98,55,99.96,189,99.95,143,99.94,250,100.14,22,100.15,117,100.17,79,100.2,316,100.21,165,100.23,50,100.25,259,100.28,81,,,,
2026-02-05 09:34:52,100.12,100.08,11,100.1,64,100.14,22,100.14,100.1,100.1,64,100.08,175,100.06,101,100.05,82,100.01,309,100.0,215,99.99,56,99.98,55,99.96,189,99.95,143,100.14,22,100.15,117,100.17,79,100.2,316,100.21,165,100.23,50,100.25,259,100.28,81,,,,
2026-02-05 09:34:57,100.12,100.1,53,100.1,11,100.14,22,100.14,100.1,100.1,11,100.08,175,100.06,101,100.05,82,100.01,309,100.0,215,99.99,56,99.98,55,99.96,189,99.95,143,100.14,22,100.17,79,100.2,335,100.21,165,100.23,50,100.25,259,100.28,81,,,,,,
2026-02-05 09:34:58,100.125,100.17,20,100.08,4,100.17,59,100.17,100.08,100.08,4,100.06,101,100.05,82,100.01,309,100.0,215,99.99,56,99.98,143,99.96,189,99.95,143,99.94,131,100.17,59,100.2,335,100.21,165,100.23,50,100.25,259,100.28,81,,,,,,,,
2026-02-05 09:34:59,100.125,100.17,20,100.08,4,100.17,59,100.17,100.08,100.08,4,100.06,101,100.05,82,100.01,309,100.0,215,99.99,22,99.98,143,99.96,189,99.95,143,99.94,131,100.17,59,100.2,335,100.21,165,100.23,50,100.25,259,100.28,81,,,,,,,,
2026-02-05 09:34:59,100.125,100.17,20,100.08,4,100.17,59,100.17,100.08,100.08,4,100.06,101,100.05,102,100.01,309,100.0,215,99.99,22,99.98,143,99.96,189,99.95,143,99.94,131,100.17,59,100.2,335,100.21,165,100.23,50,100.25,259,100.28,81,,,,,,,,
2026-02-05 09:34:59,100.125,100.17,20,100.08,4,100.17,59,100.17,100.08,100.08,4,100.06,101,100.05,102,100.01,309,100.0,215,99.99,22,99.98,143,99.96,189,99.95,143,99.94,131,100.17,59,100.2,335,100.21,165,100.23,50,100.25,259,,,,,,,,,,
2026-02-05 09:34:59,100.15,100.17,20,100.13,120,100.17,59,100.17,100.13,100.13,120,100.08,4,100.06,101,100.05,75,100.01,309,100.0,215,99.99,22,99.98,143,99.96,189,99.95,143,100.17,59,100.2,335,100.21,103,100.23,50,100.25,259,,,,,,,,,,
2026-02-05 09:35:03,100.145,100.13,69,100.13,51,100.16,140,100.16,100.13,100.13,51,100.08,27,100.06,101,100.05,75,100.01,309,100.0,215,99.99,22,99.98,143,99.96,189,99.95,143,100.16,140,100.17,59,100.2,455,100.21,103,100.23,50,100.25,259,100.28,187,,,,,,
2026-02-05 09:35:04,100.145,100.13,69,100.13,51,100.16,140,100.16,100.13,100.13,51,100.08,27,100.06,101,100.05,75,100.01,309,100.0,215,99.99,22,99.98,143,99.96,189,99.95,143,100.16,140,100.17,59,100.2,455,100.21,103,100.23,50,100.25,259,100.28,187,,,,,,
2026-02-05 09:35:04,100.145,100.13,69,100.13,51,100.16,140,100.16,100.13,100.13,51,100.08,27,100.06,101,100.05,75,100.01,309,100.0,215,99.99,22,99.98,143,99.96,189,99.95,143,100.16,140,100.17,59,100.2,455,100.21,103,100.23,50,100.25,259,100.28,187,,,,,,
2026-02-05 09:35:06,100.145,100.13,69,100.13,51,100.16,140,100.16,100.13,100.13,51,100.08,27,100.06,101,100.05,75,100.01,309,100.0,215,99.99,22,99.98,127,99.96,189,99.95,51,100.16,140,100.17,59,100.2,455,100.21,103,100.23,50,100.25,259,100.28,187,100.31,53,,,,
2026-02-05 09:35:06,100.145,100.13,69,100.13,77,100.16,140,100.16,100.13,100.13,77,100.08,27,100.06,101,100.05,75,100.01,309,100.0,215,99.99,22,99.98,127,99.96,189,99.95,51,100.16,140,100.17,59,100.2,455,100.21,103,100.23,98,100.25,259,100.28,187,100.31,53,,,,
2026-02-05 09:35:08,100.145,100.13,69,100.13,77,100.16,140,100.16,100.13,100.13,77,100.08,27,100.06,101,100.05,75,100.01,309,100.0,215,99.99,22,99.98,127,99.96,189,99.95,51,100.16,140,100.17,59,100.2,455,100.21,103,100.23,98,100.25,259,100.28,187,100.31,53,,,,
2026-02-05 09:35:08,100.145,100.13,69,100.13,77,100.16,140,100.16,100.13,100.13,77,100.08,27,100.06,101,100.05,75,100.01,309,100.0,215,99.99,22,99.98,127,99.96,233,99.95,51,100.16,140,100.17,59,100.2,455,100.21,103,100.22,128,100.23,98,100.25,259,100.28,187,100.31,53,,
2026-02-05 09:35:09,100.145,100.13,69,100.13,77,100.16,140,100.16,100.13,100.13,77,100.08,27,100.06,101,100.05,75,100.01,309,100.0,215,99.99,22,99.98,127,99.96,233,99.95,51,100.16,140,100.17,59,100.2,483,100.21,103,100.22,128,100.23,202,100.25,259,100.28,187,100.31,53,,
2026-02-05 09:35:10,100.155,100.13,69,100.15,174,100.16,140,100.16,100.15,100.15,174,100.13,77,100.08,27,100.06,160,100.05,75,100.01,309,100.0,215,99.99,22,99.98,127,99.96,233,100.16,140,100.17,59,100.2,483,100.21,103,100.22,128,100.23,202,100.25,259,100.28,187,100.31,53,,
2026-02-05 09:35:12,100.145,100.16,76,100.13,54,100.16,64,100.16,100.13,100.13,54,100.08,27,100.06,160,100.05,75,100.04,35,100.03,81,100.01,309,100.0,215,99.99,22,99.98,127,100.16,64,100.17,59,100.2,483,100.21,103,100.22,128,100.23,202,100.25,259,100.28,187,100.31,53,,
2026-02-05 09:35:12,100.145,100.16,76,100.13,54,100.16,64,100.16,100.13,100.13,54,100.08,27,100.06,160,100.05,75,100.04,35,100.03,81,100.01,309,100.0,215,99.99,22,99.98,127,100.16,64,100.17,59,100.2,483,100.21,103,100.22,128,100.23,202,100.24,40,100.25,259,100.26,46,100.28,187
2026-02-05 09:35:13,100.14,100.08,3,100.12,118,100.16,64,100.16,100.12,100.12,118,100.08,24,100.06,160,100.05,75,100.04,35,100.03,81,100.01,309,100.0,103,99.99,22,99.98,88,100.16,64,100.17,59,100.2,483,100.21,103,100.22,128,100.23,202,100.24,40,100.25,259,100.26,113,100.28,187
2026-02-05 09:35:15,100.14,100.16,22,100.12,118,100.16,42,100.16,100.12,100.12,118,100.08,24,100.06,160,100.05,75,100.04,35,100.03,81,100.01,309,100.0,103,99.99,22,99.98,88,100.16,42,100.17,59,100.2,483,100.21,103,100.22,128,100.23,202,100.24,40,100.25,259,100.26,113,100.28,187
2026-02-05 09:35:15,100.145,100.17,15,100.12,118,100.17,44,100.17,100.12,100.12,118,100.08,24,100.06,119,100.05,75,100.04,35,100.03,81,100.01,309,100.0,103,99.99,22,99.98,88,100.17,44,100.2,483,100.21,103,100.22,128,100.23,202,100.24,40,100.25,259,100.26,113,100.28,187,100.31,53
2026-02-05 09:35:15,100.14,100.17,15,100.12,118,100.16,98,100.16,100.12,100.12,118,100.11,48,100.08,24,100.06,119,100.05,75,100.04,35,100.03,81,100.01,309,100.0,103,99.99,22,100.16,98,100.17,44,100.2,483,100.21,103,100.22,128,100.23,202,100.24,40,100.25,259,100.26,113,100.28,187
2026-02-05 09:35:18,100.14,100.12,105,100.12,13,100.16,98,100.16,100.12,100.12,13,100.11,48,100.08,24,100.06,119,100.05,75,100.04,35,100.03,81,100.01,309,100.0,103,99.99,22,100.16,98,100.17,44,100.19,58,100.2,483,100.21,103,100.22,128,100.23,202,100.24,40,100.25,259,100.26,113
2026-02-05 09:35:18,100.14,100.12,105,100.12,13,100.16,98,100.16,100.12,100.12,13,100.11,48,100.08,24,100.06,119,100.05,75,100.04,35,100.03,81,100.01,309,99.99,22,99.98,88,100.16,98,100.17,44,100.19,58,100.2,483,100.21,103,100.22,128,100.23,202,100.24,40,100.25,259,100.26,113
2026-02-05 09:35:19,100.14,100.12,105,100.12,13,100.16,206,100.16,100.12,100.12,13,100.11,48,100.08,24,100.06,119,100.05,75,100.04,35,100.03,81,100.01,309,99.99,22,99.98,88,100.16,206,100.17,44,100.19,58,100.2,483,100.21,103,100.22,128,100.23,202,100.24,40,100.25,259,100.26,113
2026-02-05 09:35:21,100.135,100.12,105,100.12,13,100.15,83,100.15,100.12,100.12,13,100.11,48,100.08,24,100.06,119,100.05,75,100.04,35,100.03,81,100.01,309,99.99,22,99.98,88,100.15,83,100.16,285,100.17,44,100.19,58,100.2,483,100.21,103,100.22,128,100.23,202,100.24,40,100.25,259
2026-02-05 09:35:22,100.07,100.08,23,100.06,119,100.08,5,100.08,100.06,100.06,119,100.05,75,100.04,35,100.03,81,100.01,309,99.99,138,99.98,88,99.97,24,99.96,189,99.95,51,100.08,5,100.15,83,100.16,285,100.17,44,100.19,58,100.2,483,100.21,103,100.22,128,100.23,202,100.24,40
2026-02-05 09:35:22,100.07,100.08,23,100.06,119,100.08,5,100.08,100.06,100.06,119,100.05,199,100.04,35,100.03,81,100.01,309,99.99,138,99.98,88,99.97,24,99.96,189,99.95,51,100.08,5,100.15,83,100.16,285,100.17,44,100.19,58,100.2,483,100.21,103,100.22,128,100.23,202,100.24,40
2026-02-05 09:35:22,100.07,100.08,23,100.06,119,100.08,5,100.08,100.06,100.06,119,100.05,199,100.04,35,100.03,81,100.01,309,99.99,138,99.98,88,99.97,24,99.96,189,99.95,51,100.08,5,100.15,83,100.16,206,100.17,44,100.19,58,100.2,342,100.21,103,100.22,128,100.23,202,100.24,40
2026-02-05 09:35:22,100.07,100.08,23,100.06,60,100.08,5,100.08,100.06,100.06,60,100.05,199,100.04,179,100.03,81,100.01,309,99.99,138,99.98,88,99.97,24,99.96,189,99.95,51,100.08,5,100.15,83,100.16,206,100.17,44,100.19,58,100.2,342,100.21,103,100.22,128,100.23,202,100.24,40
2026-02-05 09:35:26,100.065,100.05,8,100.05,136,100.08,5,100.08,100.05,100.05,136,100.04,179,100.03,81,100.01,309,99.99,138,99.98,88,99.97,24,99.96,189,99.95,51,99.94,131,100.08,5,100.15,83,100.16,206,100.17,44,100.19,58,100.2,342,100.21,103,100.22,128,100.23,202,100.24,40
2026-02-05 09:35:26,100.065,100.05,8,100.05,136,100.08,5,100.08,100.05,100.05,136,100.04,179,100.03,81,100.01,309,99.99,138,99.98,131,99.97,24,99.96,189,99.95,51,99.94,131,100.08,5,100.15,83,100.16,206,100.17,44,100.19,58,100.2,342,100.21,103,100.22,128,100.23,154,100.24,40
2026-02-05 09:35:28,100.065,100.05,6,100.05,240,100.08,5,100.08,100.05,100.05,240,100.04,179,100.03,81,100.01,309,99.99,22,99.98,131,99.97,24,99.96,189,99.95,193,99.93,158,100.08,5,100.15,83,100.16,206,100.17,44,100.19,58,100.2,342,100.21,103,100.22,128,100.23,154,100.24,40
2026-02-05 09:35:28,100.065,100.05,6,100.05,240,100.08,5,100.08,100.05,100.05,240,100.04,179,100.03,81,100.01,309,99.99,22,99.98,131,99.96,87,99.95,193,99.93,158,99.92,66,100.08,5,100.15,83,100.16,206,100.17,44,100.19,58,100.2,342,100.21,103,100.22,128,100.23,154,100.24,40
2026-02-05 09:35:30,100.125,100.08,5,100.1,17,100.15,83,100.15,100.1,100.1,17,100.07,26,100.05,240,100.04,179,100.03,81,100.01,309,99.99,22,99.98,131,99.96,87,99.95,193,100.15,83,100.16,206,100.19,58,100.2,323,100.21,103,100.22,128,100.23,154,100.24,40,100.25,259,100.26,113
2026-02-05 09:35:30,100.125,100.08,5,100.1,17,100.15,83,100.15,100.1,100.1,17,100.07,26,100.05,340,100.04,179,100.03,81,100.01,309,99.99,22,99.98,131,99.96,87,99.95,374,100.15,83,100.16,206,100.19,58,100.2,409,100.21,103,100.22,128,100.23,154,100.24,40,100.25,259,100.26,113
2026-02-05 09:35:30,100.125,100.08,5,100.1,17,100.15,83,100.15,100.1,100.1,17,100.07,26,100.05,340,100.04,179,100.03,81,100.01,309,99.99,22,99.98,131,99.96,87,99.95,374,100.15,83,100.16,206,100.19,58,100.2,409,100.21,103,100.22,128,100.23,134,100.24,40,100.25,259,100.26,113
2026-02-05 09:35:33,100.125,100.15,6,100.1,17,100.15,148,100.15,100.1,100.1,17,100.07,26,100.05,340,100.04,179,100.03,81,100.02,130,100.01,309,99.99,22,99.98,131,99.96,87,100.15,148,100.16,206,100.19,58,100.2,409,100.21,103,100.22,128,100.23,134,100.24,40,100.25,259,100.26,113
2026-02-05 09:35:33,100.105,100.15,6,100.1,17,100.11,58,100.11,100.1,100.1,17,100.07,26,100.05,340,100.04,179,100.03,199,100.02,130,100.01,309,99.99,22,99.98,131,99.96,87,100.11,58,100.15,148,100.16,206,100.19,58,100.2,409,100.21,103,100.22,156,100.23,134,100.24,40,100.25,259
2026-02-05 09:35:35,100.105,100.15,6,100.1,17,100.11,58,100.11,100.1,100.1,17,100.07,26,100.05,218,100.04,179,100.03,199,100.02,130,100.01,309,99.99,22,99.98,131,99.96,87,100.11,58,100.15,148,100.16,206,100.19,58,100.2,473,100.21,103,100.22,193,100.23,134,100.24,40,100.25,259
2026-02-05 09:35:35,100.14,100.11,26,100.13,90,100.15,148,100.15,100.13,100.13,90,100.12,151,100.1,17,100.07,26,100.05,218,100.04,179,100.03,199,100.02,130,100.01,309,99.99,22,100.15,148,100.16,206,100.19,58,100.2,473,100.21,103,100.22,193,100.23,134,100.24,40,100.25,259,100.26,113
2026-02-05 09:35:36,100.14,100.11,26,100.13,90,100.15,148,100.15,100.13,100.13,90,100.12,151,100.1,17,100.07,26,100.05,218,100.04,179,100.03,199,100.02,130,100.01,309,99.99,22,100.15,148,100.16,206,100.19,58,100.2,473,100.21,103,100.22,193,100.23,134,100.24,40,100.25,259,100.26,113
2026-02-05 09:35:37,100.14,100.11,26,100.13,90,100.15,148,100.15,100.13,100.13,90,100.12,151,100.07,26,100.05,218,100.04,179,100.03,199,100.02,130,100.01,309,99.99,22,99.98,131,100.15,148,100.16,206,100.19,58,100.2,473,100.21,103,100.22,193,100.23,134,100.24,40,100.25,259,100.26,113
2026-02-05 09:35:37,100.14,100.11,26,100.13,90,100.15,148,100.15,100.13,100.13,90,100.12,151,100.07,26,100.05,218,100.04,179,100.03,199,100.02,130,100.01,309,99.99,22,99.98,181,100.15,148,100.16,206,100.19,58,100.2,473,100.21,103,100.22,193,100.23,134,100.24,40,100.25,259,100.26,113
2026-02-05 09:35:37,100.14,100.11,26,100.13,90,100.15,148,100.15,100.13,100.13,90,100.12,151,100.07,26,100.05,218,100.04,179,100.03,305,100.02,130,100.01,309,99.99,22,99.98,181,100.15,148,100.16,206,100.19,58,100.2,473,100.21,103,100.22,193,100.23,134,100.24,40,100.25,259,100.26,113
2026-02-05 09:35:40,100.125,100.13,90,100.12,151,100.13,56,100.13,100.12,100.12,151,100.07,26,100.05,218,100.04,179,100.03,305,100.02,130,100.01,309,99.99,22,99.98,181,99.96,87,100.13,56,100.15,148,100.16,206,100.19,58,100.2,473,100.21,103,100.22,193,100.23,104,100.24,40,100.25,259
2026-02-05 09:35:41,100.125,100.15,21,100.12,151,100.13,117,100.13,100.12,100.12,151,100.1,130,100.07,26,100.05,218,100.04,179,100.03,305,100.02,130,100.01,309,99.99,22,99.98,181,100.13,117,100.15,127,100.16,206,100.19,58,100.2,473,100.21,103,100.22,193,100.23,104,100.24,40,100.25,259
2026-02-05 09:35:41,100.125,100.15,21,100.12,151,100.13,117,100.13,100.12,100.12,151,100.1,130,100.07,124,100.05,218,100.04,179,100.03,305,100.02,130,100.01,309,99.99,22,99.98,93,100.13,117,100.15,127,100.16,206,100.19,58,100.2,473,100.21,103,100.22,193,100.23,104,100.24,40,100.25,259
2026-02-05 09:35:41,100.125,100.15,21,100.12,151,100.13,251,100.13,100.12,100.12,151,100.1,130,100.07,124,100.05,218,100.04,179,100.03,305,100.02,130,100.01,309,99.99,22,99.98,93,100.13,251,100.15,127,100.16,206,100.19,58,100.2,445,100.21,103,100.22,193,100.23,126,100.24,40,100.25,259
2026-02-05 09:35:44,100.125,100.13,81,100.12,151,100.13,170,100.13,100.12,100.12,151,100.1,130,100.09,136,100.07,124,100.05,218,100.04,179,100.03,305,100.02,130,100.01,309,99.99,22,100.13,170,100.15,127,100.16,206,100.19,58,100.2,445,100.21,103,100.22,193,100.23,126,100.24,40,100.25,259
2026-02-05 09:35:46,100.125,100.12,80,100.12,151,100.13,170,100.13,100.12,100.12,151,100.1,130,100.09,136,100.07,124,100.06,31,100.05,218,100.04,179,100.03,305,100.02,130,100.01,309,100.13,170,100.15,127,100.16,206,100.19,58,100.2,325,100.21,103,100.22,203,100.23,126,100.24,40,100.25,259
2026-02-05 09:35:46,100.125,100.13,15,100.12,71,100.13,119,100.13,100.12,100.12,71,100.1,130,100.09,136,100.07,124,100.06,31,100.05,218,100.04,179,100.03,305,100.02,130,100.01,309,100.13,119,100.15,127,100.16,206,100.19,87,100.2,325,100.21,103,100.22,203,100.23,126,100.24,40,100.25,259
2026-02-05 09:35:48,100.125,100.13,15,100.12,71,100.13,119,100.13,100.12,100.12,71,100.1,130,100.09,136,100.07,124,100.06,31,100.05,218,100.04,179,100.03,305,100.02,130,100.01,309,100.13,119,100.15,127,100.16,332,100.19,87,100.2,325,100.21,103,100.22,203,100.23,126,100.24,40,100.25,147
2026-02-05 09:35:49,100.125,100.13,15,100.12,71,100.13,119,100.13,100.12,100.12,71,100.1,130,100.09,136,100.07,124,100.06,31,100.05,218,100.04,179,100.03,305,100.02,130,100.01,309,100.13,119,100.15,127,100.16,332,100.19,87,100.2,375,100.21,103,100.22,203,100.23,126,100.24,40,100.25,147
2026-02-05 09:35:50,100.115,100.1,37,100.1,93,100.13,33,100.13,100.1,100.1,93,100.09,136,100.07,124,100.06,31,100.05,218,100.04,179,100.03,305,100.02,130,100.01,309,99.99,22,100.13,33,100.15,127,100.16,332,100.19,87,100.2,375,100.21,103,100.22,203,100.23,126,100.24,40,100.25,147
2026-02-05 09:35:50,100.115,100.1,37,100.1,93,100.13,33,100.13,100.1,100.1,93,100.09,136,100.07,124,100.06,31,100.05,218,100.04,179,100.03,305,100.02,130,100.01,309,99.99,22,100.13,33,100.15,127,100.16,332,100.19,87,100.2,200,100.21,103,100.22,166,100.23,126,100.24,40,100.25,147
2026-02-05 09:35:50,100.105,100.1,37,100.1,93,100.11,29,100.11,100.1,100.1,93,100.09,136,100.07,124,100.06,31,100.05,218,100.04,179,100.03,305,100.02,130,100.01,309,99.99,22,100.11,29,100.13,33,100.15,257,100.16,332,100.19,87,100.2,200,100.21,103,100.22,166,100.23,126,100.24,40
2026-02-05 09:35:53,100.12,100.15,61,100.1,93,100.14,101,100.14,100.1,100.1,93,100.09,136,100.07,124,100.06,31,100.05,218,100.04,179,100.03,305,100.02,130,100.01,168,99.99,22,100.14,101,100.15,69,100.16,332,100.19,87,100.2,200,100.21,103,100.22,166,100.23,126,100.24,40,100.25,147
2026-02-05 09:35:54,100.12,100.15,61,100.1,93,100.14,304,100.14,100.1,100.1,93,100.09,136,100.07,124,100.06,31,100.05,218,100.04,120,100.03,305,100.02,130,100.01,168,99.99,22,100.14,304,100.15,69,100.16,332,100.18,58,100.19,87,100.2,200,100.21,103,100.22,166,100.23,126,100.24,106
2026-02-05 09:35:55,100.12,100.14,62,100.1,93,100.14,242,100.14,100.1,100.1,93,100.09,136,100.07,124,100.06,31,100.05,218,100.04,120,100.03,224,100.02,130,100.01,168,99.99,22,100.14,242,100.15,69,100.16,332,100.18,58,100.19,87,100.2,200,100.21,103,100.22,166,100.23,126,100.24,106
2026-02-05 09:35:56,100.12,100.1,27,100.1,48,100.14,188,100.14,100.1,100.1,48,100.09,136,100.07,124,100.06,31,100.05,218,100.04,188,100.03,224,100.02,130,100.01,168,99.99,22,100.14,188,100.15,69,100.16,332,100.18,58,100.19,87,100.2,200,100.21,103,100.22,166,100.23,126,100.24,106
2026-02-05 09:35:56,100.12,100.1,27,100.1,48,100.14,188,100.14,100.1,100.1,48,100.09,136,100.07,124,100.06,31,100.05,218,100.04,188,100.03,224,100.02,130,100.01,168,99.99,22,100.14,188,100.15,69,100.16,332,100.18,58,100.19,87,100.2,200,100.21,103,100.22,174,100.23,126,100.24,106
2026-02-05 09:35:56,100.11,100.1,27,100.1,48,100.12,115,100.12,100.1,100.1,48,100.09,136,100.07,124,100.06,31,100.05,218,100.04,188,100.03,224,100.02,130,100.01,168,99.99,22,100.12,115,100.14,188,100.15,69,100.16,332,100.18,58,100.19,87,100.2,200,100.21,103,100.22,174,100.23,126
2026-02-05 09:35:59,100.125,100.1,62,100.11,84,100.14,188,100.14,100.11,100.11,84,100.09,136,100.07,124,100.06,31,100.05,218,100.04,103,100.03,224,100.02,130,100.01,168,99.99,22,100.14,188,100.15,69,100.16,332,100.18,58,100.19,87,100.2,200,100.21,103,100.22,174,100.23,126,100.24,106
2026-02-05 09:36:00,100.09,100.07,64,100.07,124,100.11,148,100.11,100.07,100.07,124,100.06,31,100.05,218,100.04,103,100.03,224,100.02,130,100.01,168,99.99,22,99.98,93,99.95,181,100.11,148,100.14,188,100.15,69,100.16,332,100.18,58,100.19,87,100.2,200,100.21,103,100.22,174,100.23,126
2026-02-05 09:36:00,100.09,100.07,64,100.07,34,100.11,148,100.11,100.07,100.07,34,100.06,31,100.05,218,100.04,103,100.03,118,100.02,130,100.01,168,99.99,22,99.98,93,99.95,181,100.11,148,100.14,223,100.15,69,100.16,332,100.18,87,100.19,87,100.2,200,100.21,103,100.22,174,100.23,126
2026-02-05 09:36:00,100.09,100.07,64,100.07,34,100.11,148,100.11,100.07,100.07,34,100.06,31,100.05,218,100.04,103,100.03,118,100.02,130,100.01,306,99.99,22,99.98,93,99.95,181,100.11,148,100.14,223,100.15,69,100.16,332,100.18,132,100.19,87,100.2,200,100.21,103,100.22,174,100.23,126
2026-02-05 09:36:03,100.08,100.05,23,100.05,195,100.11,148,100.11,100.05,100.05,195,100.04,103,100.03,118,100.02,130,100.01,306,99.99,22,99.98,93,99.95,181,99.92,49,99.91,9,100.11,148,100.14,223,100.15,69,100.16,206,100.18,74,100.19,87,100.2,200,100.21,103,100.22,174,100.23,126
2026-02-05 09:36:03,100.075,100.05,23,100.05,195,100.1,60,100.1,100.05,100.05,195,100.04,103,100.03,118,100.02,130,100.01,384,99.99,22,99.98,93,99.95,181,99.92,49,99.91,9,100.1,60,100.11,148,100.14,223,100.15,69,100.16,206,100.18,74,100.19,87,100.2,200,100.21,103,100.22,174
2026-02-05 09:36:03,100.075,100.05,23,100.05,195,100.1,60,100.1,100.05,100.05,195,100.04,103,100.03,118,100.02,130,100.01,384,100.0,67,99.98,93,99.95,181,99.92,49,99.91,9,100.1,60,100.11,148,100.14,223,100.15,69,100.16,325,100.18,74,100.19,87,100.2,200,100.21,103,100.22,174
2026-02-05 09:36:06,100.075,100.1,23,100.05,195,100.1,37,100.1,100.05,100.05,195,100.04,103,100.03,118,100.02,130,100.01,384,100.0,67,99.98,93,99.95,181,99.92,49,99.91,9,100.1,37,100.11,148,100.14,223,100.15,69,100.16,325,100.18,74,100.19,87,100.2,136,100.21,103,100.22,146
2026-02-05 09:36:06,100.075,100.1,23,100.05,195,100.1,37,100.1,100.05,100.05,195,100.04,103,100.03,118,100.02,130,100.01,384,100.0,123,99.98,93,99.95,181,99.92,49,99.91,9,100.1,37,100.11,148,100.14,223,100.15,69,100.16,325,100.18,74,100.19,117,100.2,136,100.21,103,100.22,146
2026-02-05 09:36:06,100.075,100.1,23,100.05,195,100.1,37,100.1,100.05,100.05,195,100.04,103,100.03,118,100.02,130,100.01,384,100.0,123,99.98,93,99.95,181,99.92,49,99.91,9,100.1,37,100.11,148,100.14,223,100.15,69,100.16,325,100.18,74,100.19,117,100.2,136,100.21,103,100.22,146
2026-02-05 09:36:09,100.085,100.1,23,100.07,153,100.1,37,100.1,100.07,100.07,153,100.05,95,100.04,103,100.03,118,100.02,130,100.01,384,100.0,67,99.98,93,99.95,181,99.92,49,100.1,37,100.11,148,100.14,223,100.15,69,100.16,325,100.18,74,100.19,297,100.2,136,100.21,103,100.22,146
2026-02-05 09:36:10,100.085,100.1,26,100.07,16,100.1,77,100.1,100.07,100.07,16,100.05,95,100.04,103,100.03,118,100.02,130,100.01,434,100.0,67,99.98,93,99.95,181,99.92,49,100.1,77,100.11,148,100.14,223,100.15,69,100.16,325,100.18,74,100.19,268,100.2,136,100.21,103,100.22,146
2026-02-05 09:36:10,100.095,100.11,83,100.08,147,100.11,65,100.11,100.08,100.08,147,100.07,16,100.05,95,100.04,103,100.03,118,100.02,130,100.01,434,100.0,67,99.98,93,99.95,181,100.11,65,100.14,223,100.15,69,100.16,325,100.18,74,100.19,268,100.2,136,100.21,103,100.22,8,100.23,126
2026-02-05 09:36:10,100.095,100.11,83,100.08,147,100.11,65,100.11,100.08,100.08,147,100.07,16,100.05,95,100.04,103,100.03,118,100.02,130,100.01,434,100.0,67,99.98,93,99.95,181,100.11,65,100.14,384,100.15,69,100.16,108,100.18,74,100.19,268,100.2,136,100.21,103,100.22,8,100.23,151
2026-02-05 09:36:13,100.085,100.14,103,100.08,147,100.09,59,100.09,100.08,100.08,147,100.07,102,100.05,95,100.04,103,100.03,118,100.02,130,100.01,434,100.0,67,99.98,93,99.95,181,100.09,59,100.14,281,100.15,69,100.16,190,100.18,74,100.19,293,100.2,136,100.21,103,100.22,8,100.23,151
2026-02-05 09:36:13,100.085,100.14,103,100.08,147,100.09,59,100.09,100.08,100.08,147,100.07,102,100.05,95,100.04,103,100.03,118,100.02,130,100.01,434,100.0,67,99.98,93,99.95,181,100.09,59,100.14,281,100.15,69,100.16,190,100.18,74,100.19,293,100.2,136,100.21,103,100.22,8,100.23,151
2026-02-05 09:36:13,100.085,100.14,103,100.08,147,100.09,59,100.09,100.08,100.08,147,100.07,102,100.05,95,100.04,103,100.03,118,100.02,130,100.01,434,100.0,67,99.98,93,99.95,181,100.09,59,100.14,120,100.15,69,100.16,190,100.18,74,100.19,293,100.2,136,100.21,103,100.22,8,100.23,151
2026-02-05 09:36:13,100.085,100.14,103,100.08,147,100.09,226,100.09,100.08,100.08,147,100.07,102,100.05,95,100.04,103,100.03,118,100.02,130,100.01,434,100.0,67,99.98,93,99.95,181,100.09,226,100.14,120,100.15,69,100.16,190,100.18,45,100.19,293,100.2,136,100.21,103,100.23,151,100.24,231
2026-02-05 09:36:17,100.085,100.09,47,100.08,57,100.09,120,100.09,100.08,100.08,57,100.07,102,100.05,95,100.04,103,100.03,118,100.02,130,100.01,356,100.0,67,99.98,93,99.95,181,100.09,120,100.12,12,100.14,120,100.16,190,100.18,45,100.19,293,100.2,136,100.21,103,100.23,151,100.24,231
2026-02-05 09:36:18,100.075,100.08,57,100.07,102,100.08,37,100.08,100.07,100.07,102,100.05,95,100.04,103,100.03,118,100.02,130,100.01,356,100.0,67,99.99,65,99.98,93,99.92,49,100.08,37,100.09,120,100.12,12,100.14,120,100.16,190,100.18,45,100.19,293,100.2,136,100.21,103,100.23,151
2026-02-05 09:36:19,100.08,100.09,117,100.07,102,100.09,3,100.09,100.07,100.07,102,100.05,95,100.04,103,100.03,118,100.02,130,100.01,356,100.0,67,99.99,65,99.98,93,99.92,49,100.09,3,100.12,12,100.13,12,100.14,120,100.16,190,100.18,45,100.19,293,100.2,136,100.21,103,100.23,151
2026-02-05 09:36:19,100.08,100.09,117,100.07,102,100.09,3,100.09,100.07,100.07,102,100.05,95,100.04,103,100.03,118,100.02,130,100.01,356,100.0,67,99.99,65,99.98,93,99.92,49,100.09,3,100.12,12,100.13,12,100.14,120,100.16,333,100.18,45,100.19,293,100.2,136,100.21,103,100.23,151
2026-02-05 09:36:21,100.115,100.14,5,100.09,136,100.14,115,100.14,100.09,100.09,136,100.07,102,100.05,95,100.04,103,100.03,118,100.02,130,100.01,356,100.0,67,99.99,65,99.98,93,100.14,115,100.16,333,100.18,45,100.19,293,100.2,136,100.21,103,100.23,151,100.24,231,100.25,147,100.26,202
2026-02-05 09:36:21,100.115,100.14,5,100.09,136,100.14,115,100.14,100.09,100.09,136,100.07,102,100.05,95,100.04,103,100.03,118,100.02,130,100.01,356,100.0,67,99.99,65,99.98,93,100.14,115,100.16,333,100.18,45,100.19,293,100.2,136,100.21,103,100.23,151,100.24,231,100.25,147,100.26,202
2026-02-05 09:36:23,100.115,100.09,56,100.09,80,100.14,115,100.14,100.09,100.09,80,100.07,102,100.05,95,100.04,103,100.03,118,100.02,130,100.01,356,100.0,67,99.99,65,99.98,93,100.14,115,100.16,225,100.18,70,100.19,293,100.2,136,100.21,103,100.23,151,100.24,231,100.25,147,100.26,202
2026-02-05 09:36:24,100.125,100.14,35,100.09,80,100.16,225,100.16,100.09,100.09,80,100.07,102,100.05,95,100.04,103,100.03,118,100.02,130,100.01,356,100.0,67,99.99,65,99.98,93,100.16,225,100.18,70,100.19,293,100.2,136,100.21,103,100.23,151,100.24,231,100.25,147,100.26,202,100.27,141
2026-02-05 09:36:25,100.125,100.16,82,100.09,80,100.16,225,100.16,100.09,100.09,80,100.07,102,100.05,95,100.04,103,100.03,118,100.02,130,100.01,356,100.0,67,99.99,65,99.98,93,100.16,225,100.18,70,100.19,293,100.2,136,100.21,103,100.23,151,100.24,231,100.25,147,100.26,202,100.27,141
2026-02-05 09:36:26,100.125,100.16,21,100.09,80,100.16,122,100.16,100.09,100.09,80,100.07,102,100.05,95,100.04,103,100.03,118,100.02,130,100.01,356,100.0,67,99.99,65,99.98,93,100.16,122,100.18,70,100.19,293,100.2,136,100.21,103,100.23,151,100.24,231,100.25,147,100.26,202,100.27,141
2026-02-05 09:36:27,100.125,100.16,21,100.09,80,100.16,122,100.16,100.09,100.09,80,100.07,102,100.05,95,100.04,103,100.03,118,100.02,130,100.01,356,100.0,67,99.99,65,99.98,93,100.16,122,100.18,70,100.19,293,100.2,136,100.21,103,100.23,47,100.24,231,100.25,147,100.26,202,100.27,141
2026-02-05 09:36:27,100.115,100.16,21,100.09,80,100.14,145,100.14,100.09,100.09,80,100.07,102,100.05,95,100.04,103,100.03,118,100.02,130,100.01,356,100.0,67,99.99,65,99.98,93,100.14,145,100.16,122,100.18,159,100.19,293,100.2,278,100.21,103,100.23,47,100.24,231,100.25,147,100.26,202
2026-02-05 09:36:29,100.115,100.16,21,100.09,80,100.14,145,100.14,100.09,100.09,80,100.07,109,100.05,95,100.04,103,100.03,118,100.02,130,100.01,356,100.0,67,99.99,65,99.98,93,100.14,145,100.16,122,100.17,68,100.18,159,100.19,293,100.2,278,100.21,103,100.23,47,100.24,231,100.25,147
2026-02-05 09:36:29,100.115,100.16,21,100.09,80,100.14,145,100.14,100.09,100.09,80,100.07,109,100.05,95,100.04,103,100.03,118,100.02,130,100.01,356,100.0,67,99.99,65,99.98,93,100.14,145,100.16,122,100.17,68,100.18,159,100.19,293,100.2,278,100.21,103,100.23,47,100.24,231,100.25,147
2026-02-05 09:36:29,100.115,100.16,21,100.09,80,100.14,145,100.14,100.09,100.09,80,100.07,151,100.05,95,100.04,103,100.03,118,100.02,130,100.01,356,100.0,67,99.99,65,99.98,93,100.14,145,100.16,122,100.17,68,100.18,159,100.19,268,100.2,278,100.21,103,100.23,47,100.24,231,100.25,147
2026-02-05 09:36:32,100.095,100.16,21,100.09,80,100.1,130,100.1,100.09,100.09,80,100.07,151,100.05,95,100.04,200,100.03,118,100.02,130,100.01,356,100.0,67,99.99,65,99.98,93,100.1,130,100.14,145,100.16,122,100.17,68,100.18,159,100.19,268,100.2,278,100.21,103,100.24,231,100.25,147
2026-02-05 09:36:32,100.095,100.16,21,100.09,80,100.1,130,100.1,100.09,100.09,80,100.07,151,100.06,59,100.05,95,100.04,200,100.03,203,100.02,130,100.01,356,100.0,67,99.99,65,100.1,130,100.11,70,100.14,145,100.16,122,100.17,68,100.18,159,100.19,268,100.2,278,100.21,103,100.24,231
2026-02-05 09:36:32,100.095,100.16,21,100.09,80,100.1,130,100.1,100.09,100.09,80,100.07,151,100.06,59,100.05,95,100.04,200,100.03,203,100.02,130,100.01,356,100.0,67,99.99,65,100.1,130,100.11,70,100.14,145,100.16,122,100.17,68,100.18,159,100.19,268,100.2,278,100.21,103,100.24,231
2026-02-05 09:36:35,100.095,100.09,29,100.09,51,100.1,130,100.1,100.09,100.09,51,100.07,151,100.06,59,100.05,95,100.04,200,100.03,203,100.02,130,100.01,356,100.0,67,99.99,65,100.1,130,100.11,70,100.14,145,100.16,122,100.17,68,100.18,159,100.19,268,100.2,278,100.21,103,100.24,231
2026-02-05 09:36:35,100.095,100.09,29,100.09,51,100.1,130,100.1,100.09,100.09,51,100.07,151,100.06,59,100.05,95,100.04,200,100.03,203,100.02,130,100.01,356,100.0,67,99.99,65,100.1,130,100.11,70,100.14,145,100.16,122,100.17,68,100.18,159,100.19,268,100.2,278,100.21,103,100.24,231
2026-02-05 09:36:37,100.095,100.1,100,100.09,51,100.1,30,100.1,100.09,100.09,51,100.07,151,100.05,95,100.04,103,100.03,203,100.02,130,100.01,356,100.0,67,99.99,65,99.98,93,100.1,30,100.11,70,100.14,145,100.16,122,100.17,68,100.18,159,100.19,268,100.2,278,100.21,103,100.24,231
2026-02-05 09:36:38,100.095,100.09,14,100.09,37,100.1,30,100.1,100.09,100.09,37,100.07,151,100.05,95,100.04,103,100.03,203,100.02,239,100.01,356,100.0,67,99.99,65,99.98,93,100.1,30,100.11,111,100.14,145,100.16,122,100.17,68,100.18,159,100.19,268,100.2,278,100.21,103,100.24,231
2026-02-05 09:36:39,100.135,100.11,41,100.13,119,100.14,145,100.14,100.13,100.13,119,100.07,151,100.05,95,100.04,103,100.03,203,100.02,239,100.01,356,99.99,65,99.98,93,99.93,14,100.14,145,100.16,122,100.17,68,100.18,159,100.19,268,100.2,278,100.21,103,100.24,231,100.25,299,100.26,202
2026-02-05 09:36:40,100.105,100.14,63,100.07,140,100.14,51,100.14,100.07,100.07,140,100.05,95,100.04,103,100.03,203,100.02,239,100.01,218,99.99,65,99.98,93,99.97,104,99.93,14,100.14,51,100.16,122,100.17,68,100.18,159,100.19,268,100.2,278,100.21,103,100.24,231,100.25,299,100.26,202
2026-02-05 09:36:40,100.125,100.14,63,100.11,92,100.14,51,100.14,100.11,100.11,92,100.07,140,100.05,258,100.04,103,100.03,203,100.02,239,100.01,218,99.99,65,99.98,93,99.97,104,100.14,51,100.16,122,100.17,68,100.18,159,100.19,268,100.2,278,100.21,103,100.24,231,100.25,299,100.26,202
2026-02-05 09:36:42,100.125,100.11,36,100.11,56,100.14,51,100.14,100.11,100.11,56,100.07,140,100.05,258,100.04,103,100.03,203,100.02,239,100.01,218,99.99,65,99.98,50,99.97,104,100.14,51,100.16,213,100.17,68,100.18,159,100.19,268,100.2,278,100.21,103,100.24,231,100.25,299,100.26,202
2026-02-05 09:36:43,100.125,100.11,36,100.11,56,100.14,51,100.14,100.11,100.11,56,100.07,140,100.05,258,100.04,103,100.03,203,100.02,256,100.01,218,99.99,65,99.98,50,99.97,104,100.14,51,100.16,213,100.17,68,100.18,159,100.19,268,100.2,333,100.21,103,100.24,231,100.25,299,100.26,202
2026-02-05 09:36:44,100.125,100.14,34,100.11,56,100.14,17,100.14,100.11,100.11,56,100.07,140,100.05,258,100.04,103,100.03,85,100.02,256,100.01,218,99.99,65,99.98,50,99.97,104,100.14,17,100.16,213,100.17,68,100.18,159,100.19,268,100.2,333,100.21,103,100.24,165,100.25,299,100.26,296
2026-02-05 09:36:44,100.125,100.14,34,100.11,56,100.14,17,100.14,100.11,100.11,56,100.07,140,100.05,403,100.04,35,100.03,85,100.02,256,100.01,218,99.99,65,99.98,50,99.97,104,100.14,17,100.16,91,100.17,68,100.18,159,100.19,268,100.2,333,100.21,103,100.24,165,100.25,299,100.26,296
