sim_time,mid_price,last_price,last_size,best_bid_price,best_bid_size,best_ask_price,best_ask_size,close_price_buy,close_price_sell,bid1_price,bid1_size,bid2_price,bid2_size,bid3_price,bid3_size,bid4_price,bid4_size,bid5_price,bid5_size,bid6_price,bid6_size,bid7_price,bid7_size,bid8_price,bid8_size,bid9_price,bid9_size,bid10_price,bid10_size,ask1_price,ask1_size,ask2_price,ask2_size,ask3_price,ask3_size,ask4_price,ask4_size,ask5_price,ask5_size,ask6_price,ask6_size,ask7_price,ask7_size,ask8_price,ask8_size,ask9_price,ask9_size,ask10_price,ask10_size
2026-02-05 09:30:23,99.985,99.92,11,99.92,60,100.05,68,100.05,99.92,99.92,60,99.91,41,99.89,43,99.81,117,99.8,105,,,,,,,,,,,100.05,68,,,,,,,,,,,,,,,,,,
2026-02-05 09:30:23,99.985,99.92,11,99.92,60,100.05,68,100.05,99.92,99.92,60,99.91,41,99.89,43,99.81,117,99.8,105,,,,,,,,,,,100.05,68,,,,,,,,,,,,,,,,,,
2026-02-05 09:30:23,99.94,99.92,11,99.92,60,99.96,62,99.96,99.92,99.92,60,99.91,41,99.89,43,99.81,117,99.8,105,,,,,,,,,,,99.96,62,100.01,63,100.05,68,,,,,,,,,,,,,,
2026-02-05 09:30:23,99.94,99.92,11,99.92,60,99.96,62,99.96,99.92,99.92,60,99.91,41,99.89,43,99.81,117,99.8,105,,,,,,,,,,,99.96,62,99.97,117,100.01,63,100.05,68,,,,,,,,,,,,
2026-02-05 09:30:27,99.94,99.96,42,99.92,60,99.96,20,99.96,99.92,99.92,60,99.91,41,99.89,43,99.81,117,99.8,105,,,,,,,,,,,99.96,20,99.97,117,100.01,63,100.05,68,,,,,,,,,,,,
2026-02-05 09:30:28,99.94,99.96,42,99.92,60,99.96,20,99.96,99.92,99.92,60,99.91,41,99.89,43,99.81,117,99.8,105,,,,,,,,,,,99.96,20,99.97,211,100.01,63,100.05,68,,,,,,,,,,,,
2026-02-05 09:30:30,99.94,99.96,42,99.92,60,99.96,20,99.96,99.92,99.92,60,99.91,41,99.89,43,99.81,194,99.8,105,,,,,,,,,,,99.96,20,99.97,211,100.01,63,100.05,68,,,,,,,,,,,,
2026-02-05 09:30:30,99.94,99.96,42,99.92,60,99.96,20,99.96,99.92,99.92,60,99.91,41,99.89,43,99.81,194,99.8,105,,,,,,,,,,,99.96,20,99.97,211,100.01,63,100.03,92,100.05,68,,,,,,,,,,
2026-02-05 09:30:31,99.935,99.91,1,99.91,40,99.96,20,99.96,99.91,99.91,40,99.89,43,99.81,194,99.8,105,99.79,89,,,,,,,,,,,99.96,20,99.97,211,100.01,63,100.03,92,100.05,68,,,,,,,,,,
2026-02-05 09:30:32,99.945,99.97,83,99.92,101,99.97,128,99.97,99.92,99.92,101,99.91,40,99.89,43,99.83,99,99.81,194,99.8,105,99.79,89,,,,,,,99.97,128,99.99,59,100.01,63,100.03,92,100.05,68,,,,,,,,,,
2026-02-05 09:30:32,99.93,99.97,83,99.92,101,99.94,62,99.94,99.92,99.92,101,99.91,40,99.89,43,99.83,99,99.81,194,99.8,105,99.79,89,,,,,,,99.94,62,99.97,128,99.99,59,100.01,63,100.03,92,100.05,68,,,,,,,,
2026-02-05 09:30:32,99.93,99.97,83,99.92,101,99.94,62,99.94,99.92,99.92,101,99.91,40,99.89,43,99.83,99,99.81,194,99.8,105,99.79,89,,,,,,,99.94,62,99.97,128,100.01,63,100.03,92,100.05,68,,,,,,,,,,
2026-02-05 09:30:35,99.93,99.92,57,99.92,44,99.94,62,99.94,99.92,99.92,44,99.91,40,99.89,43,99.83,99,99.81,194,99.8,105,99.79,89,,,,,,,99.94,62,99.97,128,100.01,63,100.03,92,100.05,68,,,,,,,,,,
2026-02-05 09:30:37,99.925,99.91,1,99.91,39,99.94,62,99.94,99.91,99.91,39,99.89,43,99.83,99,99.81,194,99.8,105,99.79,89,,,,,,,,,99.94,62,99.97,128,100.01,63,100.03,92,100.05,68,,,,,,,,,,
2026-02-05 09:30:37,99.925,99.91,1,99.91,39,99.94,62,99.94,99.91,99.91,39,99.89,43,99.83,99,99.81,194,99.8,105,99.79,89,,,,,,,,,99.94,62,99.97,128,100.01,63,100.03,92,100.05,68,,,,,,,,,,
2026-02-05 09:30:37,99.925,99.91,1,99.91,39,99.94,62,99.94,99.91,99.91,39,99.89,43,99.83,99,99.81,194,99.8,105,99.79,89,,,,,,,,,99.94,62,99.97,128,100.01,63,100.03,92,100.05,68,,,,,,,,,,
2026-02-05 09:30:37,99.925,99.91,1,99.91,39,99.94,62,99.94,99.91,99.91,39,99.89,43,99.83,99,99.81,194,99.8,105,99.79,89,,,,,,,,,99.94,62,99.97,128,100.01,63,100.03,92,100.05,68,,,,,,,,,,
2026-02-05 09:30:37,99.925,99.91,1,99.91,39,99.94,62,99.94,99.91,99.91,39,99.89,43,99.86,115,99.83,99,99.81,194,99.8,105,99.79,89,99.75,93,,,,,99.94,62,99.97,128,100.01,63,100.03,92,100.05,68,,,,,,,,,,
2026-02-05 09:30:37,99.925,99.91,1,99.91,39,99.94,62,99.94,99.91,99.91,39,99.89,43,99.86,115,99.83,99,99.82,103,99.81,194,99.8,105,99.79,158,99.75,93,,,99.94,62,99.97,128,100.01,182,100.03,92,100.05,68,100.07,95,,,,,,,,
2026-02-05 09:30:42,99.925,99.91,1,99.91,39,99.94,62,99.94,99.91,99.91,39,99.9,101,99.89,93,99.86,115,99.82,103,99.81,194,99.8,105,99.79,158,99.75,93,,,99.94,62,99.97,128,100.01,63,100.03,92,100.05,68,100.07,95,,,,,,,,
2026-02-05 09:30:43,99.96,99.94,62,99.95,40,99.97,128,99.97,99.95,99.95,40,99.91,39,99.9,101,99.89,93,99.86,115,99.84,66,99.82,103,99.81,194,99.8,105,99.79,158,99.97,128,100.01,63,100.03,92,100.04,78,100.05,68,100.06,58,100.07,95,,,,,,
2026-02-05 09:30:45,99.94,99.97,52,99.91,39,99.97,42,99.97,99.91,99.91,39,99.9,101,99.89,93,99.86,115,99.84,66,99.82,203,99.81,194,99.8,105,99.79,158,99.75,93,99.97,42,100.01,63,100.03,92,100.04,78,100.05,68,100.06,58,100.07,95,100.2,81,,,,
2026-02-05 09:30:46,99.94,99.97,52,99.91,39,99.97,42,99.97,99.91,99.91,39,99.9,101,99.89,93,99.86,115,99.84,66,99.82,203,99.81,194,99.8,105,99.79,158,99.75,93,99.97,42,100.01,63,100.03,92,100.04,78,100.05,68,100.06,58,100.07,95,100.08,91,100.2,81,,
2026-02-05 09:30:46,99.905,99.91,39,99.9,101,99.91,17,99.91,99.9,99.9,101,99.89,93,99.86,115,99.84,145,99.82,203,99.81,194,99.8,105,99.79,158,99.75,93,,,99.91,17,99.97,42,100.01,63,100.03,92,100.04,78,100.05,68,100.06,58,100.07,95,100.08,91,100.2,81
2026-02-05 09:30:47,99.905,99.9,49,99.9,52,99.91,17,99.91,99.9,99.9,52,99.89,50,99.86,115,99.84,145,99.82,203,99.81,194,99.8,105,99.79,158,99.75,93,99.7,103,99.91,17,99.97,42,100.01,63,100.03,92,100.04,78,100.05,68,100.06,58,100.07,95,100.08,91,100.2,81
2026-02-05 09:30:49,99.905,99.9,49,99.9,52,99.91,17,99.91,99.9,99.9,52,99.89,50,99.86,115,99.85,87,99.84,207,99.82,203,99.81,194,99.8,105,99.79,158,99.75,93,99.91,17,99.97,42,99.98,52,100.01,63,100.03,92,100.04,78,100.05,68,100.06,58,100.07,95,100.08,91
2026-02-05 09:30:49,99.905,99.9,49,99.9,52,99.91,17,99.91,99.9,99.9,52,99.89,50,99.86,115,99.85,87,99.84,207,99.82,203,99.81,194,99.8,105,99.79,158,99.75,93,99.91,17,99.96,84,99.97,42,99.98,52,100.01,63,100.03,92,100.04,78,100.05,68,100.06,58,100.07,95
2026-02-05 09:30:50,99.905,99.9,49,99.9,52,99.91,17,99.91,99.9,99.9,52,99.89,50,99.86,115,99.85,87,99.84,207,99.82,203,99.81,194,99.8,105,99.79,158,99.75,93,99.91,17,99.96,84,99.97,42,99.98,137,100.01,63,100.03,92,100.04,78,100.05,68,100.06,58,100.07,95
2026-02-05 09:30:51,99.905,99.9,49,99.9,52,99.91,17,99.91,99.9,99.9,52,99.89,50,99.86,115,99.85,87,99.84,207,99.82,203,99.81,194,99.8,105,99.79,158,99.75,93,99.91,17,99.96,84,99.97,42,99.98,137,100.01,63,100.03,92,100.04,78,100.05,68,100.06,58,100.07,95
2026-02-05 09:30:53,99.9,99.89,12,99.89,38,99.91,136,99.91,99.89,99.89,38,99.86,115,99.85,87,99.84,207,99.82,203,99.81,194,99.8,105,99.79,158,99.75,140,99.7,103,99.91,136,99.96,84,99.97,42,99.98,137,100.01,63,100.03,92,100.04,78,100.05,68,100.06,58,100.07,95
2026-02-05 09:30:53,99.885,99.86,48,99.86,67,99.91,136,99.91,99.86,99.86,67,99.85,87,99.84,207,99.82,203,99.81,194,99.8,105,99.79,158,99.77,84,99.75,140,99.7,103,99.91,136,99.96,84,99.97,42,99.98,137,100.01,63,100.04,78,100.05,68,100.06,58,100.07,95,100.08,91
2026-02-05 09:30:55,99.885,99.86,34,99.86,75,99.91,111,99.91,99.86,99.86,75,99.85,87,99.84,207,99.82,222,99.81,194,99.8,105,99.79,158,99.77,84,99.75,140,99.7,103,99.91,111,99.96,84,99.97,42,99.98,137,100.01,63,100.04,78,100.05,68,100.06,58,100.07,95,100.08,91
2026-02-05 09:30:56,99.865,99.86,34,99.86,75,99.87,45,99.87,99.86,99.86,75,99.85,87,99.84,305,99.82,122,99.81,194,99.8,105,99.79,158,99.77,84,99.75,140,99.7,103,99.87,45,99.91,111,99.96,84,99.97,42,99.98,137,100.01,63,100.04,78,100.05,68,100.06,58,100.07,95
2026-02-05 09:30:57,99.87,99.88,29,99.86,75,99.88,80,99.88,99.86,99.86,75,99.85,87,99.84,305,99.82,103,99.81,194,99.8,105,99.79,158,99.77,84,99.75,140,99.7,103,99.88,80,99.91,111,99.96,84,99.97,42,99.98,137,100.01,63,100.04,78,100.05,68,100.07,95,100.08,91
2026-02-05 09:30:58,99.865,99.88,62,99.85,100,99.88,18,99.88,99.85,99.85,100,99.84,305,99.82,217,99.81,194,99.8,105,99.79,158,99.77,84,99.75,140,99.7,103,,,99.88,18,99.91,111,99.96,84,99.97,42,99.98,137,100.01,63,100.04,78,100.05,68,100.07,95,100.08,91
2026-02-05 09:30:58,99.865,99.88,62,99.85,100,99.88,18,99.88,99.85,99.85,100,99.84,305,99.82,217,99.81,194,99.8,105,99.79,158,99.77,84,99.75,140,99.73,58,99.7,103,99.88,18,99.91,111,99.96,84,99.97,42,99.98,137,100.01,63,100.04,78,100.05,68,100.07,95,100.08,91
2026-02-05 09:30:59,99.865,99.88,62,99.85,100,99.88,18,99.88,99.85,99.85,100,99.84,305,99.82,217,99.81,194,99.8,105,99.79,158,99.77,84,99.75,140,99.73,58,99.7,103,99.88,18,99.91,111,99.96,84,99.97,42,99.98,137,100.01,63,100.04,78,100.05,68,100.07,95,100.08,91
2026-02-05 09:30:59,99.865,99.88,62,99.85,100,99.88,18,99.88,99.85,99.85,100,99.84,305,99.82,217,99.81,194,99.8,105,99.79,158,99.77,84,99.75,140,99.73,58,99.7,103,99.88,18,99.91,111,99.96,84,99.97,42,99.98,137,100.01,63,100.04,78,100.05,68,100.07,95,100.08,91
2026-02-05 09:30:59,99.865,99.88,62,99.85,163,99.88,18,99.88,99.85,99.85,163,99.84,305,99.82,217,99.81,194,99.8,105,99.79,158,99.77,84,99.75,140,99.73,58,99.7,103,99.88,18,99.91,111,99.96,84,99.97,42,99.98,52,100.01,63,100.04,78,100.05,68,100.07,95,100.08,91
2026-02-05 09:31:03,99.86,99.84,3,99.84,157,99.88,18,99.88,99.84,99.84,157,99.82,217,99.81,194,99.8,105,99.79,158,99.77,84,99.75,140,99.73,58,99.7,103,,,99.88,18,99.91,111,99.96,84,99.97,42,99.98,52,100.01,63,100.04,78,100.05,68,100.07,95,100.2,81
2026-02-05 09:31:04,99.86,99.84,3,99.84,157,99.88,18,99.88,99.84,99.84,157,99.82,217,99.81,194,99.8,105,99.79,158,99.77,152,99.75,140,99.73,58,99.7,103,,,99.88,18,99.9,64,99.91,111,99.96,84,99.97,42,99.98,52,100.01,63,100.04,78,100.05,68,100.07,95
2026-02-05 09:31:04,99.86,99.84,3,99.84,157,99.88,18,99.88,99.84,99.84,157,99.82,103,99.81,194,99.8,105,99.79,158,99.77,152,99.75,140,99.73,58,99.7,103,,,99.88,18,99.9,64,99.91,63,99.92,25,99.96,84,99.97,42,99.98,52,100.01,63,100.04,78,100.05,68
2026-02-05 09:31:06,99.89,99.88,18,99.88,129,99.9,64,99.9,99.88,99.88,129,99.85,65,99.84,157,99.82,103,99.81,194,99.8,105,99.79,158,99.77,152,99.75,140,99.73,58,99.9,64,99.91,63,99.92,25,99.94,111,99.96,162,99.97,42,99.98,52,100.01,63,100.04,78,100.05,68
2026-02-05 09:31:07,99.89,99.88,18,99.88,129,99.9,64,99.9,99.88,99.88,129,99.85,65,99.84,157,99.81,194,99.8,105,99.79,158,99.77,152,99.75,140,99.73,58,99.72,145,99.9,64,99.91,63,99.92,25,99.94,111,99.96,162,99.97,42,99.98,52,100.01,63,100.04,78,100.05,92
2026-02-05 09:31:07,99.885,99.88,18,99.88,129,99.89,71,99.89,99.88,99.88,129,99.85,65,99.84,157,99.81,194,99.8,105,99.79,158,99.77,152,99.75,140,99.73,58,99.72,145,99.89,71,99.9,64,99.91,63,99.92,25,99.94,111,99.96,162,99.97,42,99.98,52,100.01,63,100.04,78
2026-02-05 09:31:09,99.885,99.88,47,99.88,82,99.89,71,99.89,99.88,99.88,82,99.85,65,99.84,157,99.81,194,99.8,105,99.79,158,99.77,152,99.75,47,99.73,58,99.72,145,99.89,71,99.9,64,99.91,63,99.92,25,99.94,111,99.96,162,99.97,42,99.98,52,100.01,63,100.04,78
2026-02-05 09:31:10,99.89,99.9,16,99.88,32,99.9,48,99.9,99.88,99.88,32,99.85,65,99.84,157,99.81,287,99.8,105,99.79,158,99.77,152,99.75,47,99.73,58,99.72,145,99.9,48,99.91,182,99.92,25,99.94,111,99.96,162,99.97,42,99.98,52,100.01,63,100.04,78,100.05,68
2026-02-05 09:31:11,99.895,99.91,33,99.88,178,99.91,149,99.91,99.88,99.88,178,99.85,65,99.84,157,99.83,67,99.81,287,99.8,105,99.79,158,99.77,152,99.75,47,99.73,58,99.91,149,99.92,25,99.94,111,99.96,162,99.97,42,99.98,52,100.01,63,100.04,78,100.05,68,100.07,95
2026-02-05 09:31:11,99.895,99.91,33,99.88,178,99.91,149,99.91,99.88,99.88,178,99.85,65,99.84,157,99.83,67,99.81,287,99.8,105,99.79,89,99.77,152,99.75,47,99.73,58,99.91,149,99.92,25,99.94,111,99.96,162,99.98,52,99.99,41,100.01,63,100.04,78,100.05,68,100.07,95
2026-02-05 09:31:12,99.895,99.88,3,99.88,143,99.91,149,99.91,99.88,99.88,143,99.85,65,99.84,157,99.83,67,99.81,287,99.8,105,99.79,89,99.77,152,99.75,47,99.73,58,99.91,149,99.92,25,99.94,111,99.96,162,99.98,52,99.99,41,100.01,63,100.04,78,100.05,170,100.07,95
2026-02-05 09:31:13,99.895,99.88,105,99.88,38,99.91,36,99.91,99.88,99.88,38,99.85,65,99.84,157,99.83,67,99.81,287,99.8,105,99.79,89,99.77,152,99.75,47,99.73,58,99.91,36,99.92,25,99.94,154,99.96,162,99.98,52,99.99,41,100.01,63,100.04,78,100.05,170,100.1,78
2026-02-05 09:31:14,99.895,99.88,105,99.88,38,99.91,36,99.91,99.88,99.88,38,99.85,65,99.84,157,99.83,67,99.81,287,99.8,105,99.79,89,99.77,152,99.75,86,99.73,58,99.91,36,99.92,25,99.94,154,99.96,162,99.98,52,99.99,41,100.01,63,100.04,78,100.05,170,100.1,78
2026-02-05 09:31:15,99.895,99.88,105,99.88,38,99.91,36,99.91,99.88,99.88,38,99.85,65,99.84,157,99.83,67,99.81,287,99.8,105,99.79,89,99.77,152,99.75,86,99.73,58,99.91,36,99.92,25,99.93,37,99.94,154,99.96,162,99.98,52,99.99,41,100.01,63,100.04,78,100.05,170
2026-02-05 09:31:15,99.895,99.88,105,99.88,38,99.91,36,99.91,99.88,99.88,38,99.85,65,99.84,157,99.83,67,99.81,287,99.8,105,99.79,89,99.77,152,99.75,86,99.73,58,99.91,36,99.92,25,99.93,37,99.94,154,99.96,162,99.98,52,99.99,41,100.01,63,100.04,78,100.05,170
2026-02-05 09:31:18,99.895,99.88,105,99.88,38,99.91,36,99.91,99.88,99.88,38,99.85,65,99.84,98,99.83,67,99.81,287,99.79,89,99.77,152,99.75,86,99.73,58,99.72,145,99.91,36,99.92,25,99.93,37,99.94,154,99.96,162,99.98,52,99.99,41,100.01,63,100.04,78,100.05,170
2026-02-05 09:31:19,99.89,99.85,47,99.85,18,99.93,34,99.93,99.85,99.85,18,99.84,98,99.83,67,99.81,287,99.79,89,99.77,262,99.75,86,99.73,58,99.72,145,99.71,41,99.93,34,99.94,154,99.96,162,99.98,52,99.99,41,100.01,63,100.04,78,100.05,170,100.1,78,100.11,45
2026-02-05 09:31:19,99.915,99.85,47,99.9,86,99.93,34,99.93,99.9,99.9,86,99.85,18,99.84,98,99.83,67,99.81,287,99.79,89,99.77,262,99.75,86,99.73,58,99.72,145,99.93,34,99.94,154,99.96,162,99.98,52,99.99,41,100.01,63,100.04,78,100.05,170,100.1,78,100.11,45
2026-02-05 09:31:21,99.915,99.85,47,99.9,86,99.93,34,99.93,99.9,99.9,86,99.85,18,99.84,98,99.83,67,99.81,287,99.79,89,99.77,262,99.75,86,99.73,58,99.72,145,99.93,34,99.94,154,99.96,162,99.98,52,99.99,41,100.01,63,100.04,78,100.05,170,100.1,78,100.11,45
2026-02-05 09:31:22,99.935,99.93,1,99.93,67,99.94,154,99.94,99.93,99.93,67,99.84,65,99.83,67,99.81,287,99.79,89,99.77,194,99.75,86,99.73,58,99.72,145,99.71,41,99.94,154,99.96,162,99.98,52,99.99,41,100.01,63,100.04,78,100.05,170,100.1,78,100.11,45,100.2,81
2026-02-05 09:31:23,99.945,99.96,55,99.93,9,99.96,107,99.96,99.93,99.93,9,99.85,117,99.84,65,99.83,67,99.81,287,99.79,89,99.77,194,99.75,86,99.73,58,99.72,145,99.96,107,99.98,52,99.99,41,100.01,63,100.04,78,100.05,102,100.1,78,100.11,45,100.2,81,,
2026-02-05 09:31:24,99.945,99.96,46,99.93,51,99.96,32,99.96,99.93,99.93,51,99.85,117,99.84,65,99.83,67,99.81,287,99.79,89,99.77,194,99.75,86,99.73,58,99.72,145,99.96,32,99.98,52,99.99,41,100.01,63,100.04,78,100.05,102,100.1,78,100.11,45,100.2,81,,
2026-02-05 09:31:25,99.945,99.98,44,99.93,9,99.96,32,99.96,99.93,99.93,9,99.85,117,99.84,65,99.83,67,99.81,287,99.79,89,99.77,194,99.75,86,99.73,58,99.72,145,99.96,32,99.98,52,99.99,41,100.01,63,100.04,78,100.05,102,100.1,78,100.11,45,100.2,81,,
2026-02-05 09:31:25,99.955,99.98,44,99.93,9,99.98,8,99.98,99.93,99.93,9,99.85,117,99.84,65,99.83,67,99.81,194,99.79,89,99.77,194,99.75,86,99.73,58,99.72,145,99.98,8,99.99,41,100.01,63,100.04,78,100.05,102,100.1,78,100.11,45,100.2,81,,,,
2026-02-05 09:31:25,99.955,99.98,44,99.93,9,99.98,8,99.98,99.93,99.93,9,99.88,84,99.85,117,99.84,65,99.83,67,99.81,194,99.79,89,99.77,194,99.75,86,99.73,58,99.98,8,99.99,41,100.01,63,100.04,78,100.05,102,100.1,78,100.11,45,100.2,81,,,,
2026-02-05 09:31:28,99.96,99.99,34,99.93,9,99.99,7,99.99,99.93,99.93,9,99.88,84,99.85,117,99.83,67,99.81,194,99.79,89,99.77,194,99.75,86,99.73,58,99.72,145,99.99,7,100.01,63,100.04,78,100.05,102,100.1,78,100.11,45,100.2,81,,,,,,
2026-02-05 09:31:29,99.86,99.88,84,99.85,117,99.87,6,99.87,99.85,99.85,117,99.83,67,99.81,194,99.79,89,99.77,194,99.75,86,99.73,58,99.72,145,99.71,41,,,99.87,6,99.99,7,100.01,63,100.04,78,100.05,102,100.1,78,100.11,45,100.2,81,,,,
2026-02-05 09:31:30,99.855,99.85,74,99.85,43,99.86,101,99.86,99.85,99.85,43,99.83,67,99.81,194,99.79,89,99.77,194,99.75,86,99.73,58,99.72,145,99.71,41,,,99.86,101,99.87,48,99.99,7,100.01,63,100.05,102,100.1,78,100.11,45,100.2,81,,,,
2026-02-05 09:31:31,99.86,99.87,5,99.85,43,99.87,43,99.87,99.85,99.85,43,99.83,67,99.81,194,99.79,89,99.77,194,99.75,86,99.73,58,99.72,225,99.71,41,,,99.87,43,99.99,7,100.01,63,100.05,102,100.1,78,100.11,45,100.2,81,,,,,,
2026-02-05 09:31:31,99.86,99.87,5,99.85,43,99.87,43,99.87,99.85,99.85,43,99.83,67,99.81,194,99.79,89,99.77,194,99.75,86,99.73,58,99.72,225,99.71,41,,,99.87,43,99.99,7,100.01,63,100.05,102,100.1,78,100.11,45,100.2,81,,,,,,
2026-02-05 09:31:33,99.935,99.87,42,99.88,20,99.99,7,99.99,99.88,99.88,20,99.85,43,99.83,67,99.81,194,99.79,89,99.77,194,99.75,86,99.73,58,99.72,225,99.71,41,99.99,7,100.01,63,100.05,102,100.1,78,100.11,45,100.2,81,,,,,,,,
2026-02-05 09:31:33,99.935,99.87,42,99.88,20,99.99,7,99.99,99.88,99.88,20,99.85,43,99.83,67,99.81,194,99.79,89,99.77,194,99.75,86,99.73,58,99.72,225,99.71,41,99.99,7,100.01,63,100.05,102,100.07,31,100.11,45,100.2,81,,,,,,,,
2026-02-05 09:31:35,99.935,99.87,42,99.88,20,99.99,7,99.99,99.88,99.88,20,99.85,43,99.83,67,99.81,194,99.79,89,99.77,194,99.75,86,99.74,88,99.73,58,99.72,225,99.99,7,100.01,63,100.02,111,100.05,102,100.07,31,100.11,137,100.2,81,,,,,,
2026-02-05 09:31:36,99.905,99.87,42,99.88,20,99.93,70,99.93,99.88,99.88,20,99.85,43,99.83,67,99.81,194,99.79,89,99.77,194,99.75,155,99.74,88,99.73,58,99.72,225,99.93,70,99.99,7,100.01,63,100.02,111,100.05,102,100.07,31,100.11,137,100.2,81,,,,
2026-02-05 09:31:36,99.88,99.83,25,99.83,42,99.93,70,99.93,99.83,99.83,42,99.81,194,99.79,89,99.77,194,99.75,155,99.74,88,99.73,58,99.72,225,99.71,41,,,99.93,70,99.99,7,100.01,63,100.02,111,100.05,102,100.07,31,100.11,137,100.2,81,,,,
2026-02-05 09:31:36,99.88,99.83,25,99.83,42,99.93,70,99.93,99.83,99.83,42,99.81,194,99.79,89,99.77,194,99.75,155,99.74,88,99.73,58,99.72,225,99.71,41,,,99.93,70,99.99,7,100.01,63,100.02,111,100.05,102,100.07,31,100.11,137,100.2,81,,,,
2026-02-05 09:31:39,99.88,99.93,29,99.83,42,99.93,41,99.93,99.83,99.83,42,99.81,117,99.79,89,99.77,194,99.75,155,99.74,88,99.73,58,99.72,271,99.71,82,,,99.93,41,99.99,7,100.01,63,100.02,111,100.05,102,100.07,31,100.11,137,100.2,81,,,,
2026-02-05 09:31:40,99.91,99.89,64,99.89,30,99.93,41,99.93,99.89,99.89,30,99.83,42,99.81,117,99.79,89,99.77,194,99.75,155,99.74,88,99.73,58,99.72,271,99.71,82,99.93,41,99.99,7,100.01,63,100.02,111,100.05,102,100.07,31,100.11,137,100.2,81,,,,
2026-02-05 09:31:40,99.92,99.89,64,99.91,49,99.93,41,99.93,99.91,99.91,49,99.89,30,99.83,42,99.81,117,99.77,194,99.75,155,99.74,88,99.73,58,99.72,271,99.71,82,99.93,41,99.99,7,100.01,63,100.02,111,100.05,102,100.07,31,100.11,137,100.2,81,,,,
2026-02-05 09:31:40,99.92,99.89,64,99.91,49,99.93,41,99.93,99.91,99.91,49,99.89,30,99.83,42,99.81,117,99.77,194,99.75,155,99.74,88,99.73,58,99.72,271,99.71,41,99.93,41,99.95,80,99.96,89,99.99,7,100.01,63,100.02,111,100.05,102,100.07,31,100.11,137,100.2,81
2026-02-05 09:31:43,99.86,99.89,30,99.83,42,99.89,100,99.89,99.83,99.83,42,99.81,117,99.77,194,99.75,155,99.74,88,99.73,58,99.72,271,99.71,41,,,,,99.89,100,99.93,41,99.95,80,99.96,89,99.99,7,100.01,63,100.02,111,100.05,102,100.07,31,100.11,92
2026-02-05 09:31:44,99.82,99.83,42,99.81,117,99.83,5,99.83,99.81,99.81,117,99.77,84,99.75,155,99.74,88,99.73,58,99.72,271,99.71,41,,,,,,,99.83,5,99.89,100,99.91,107,99.93,41,99.95,80,99.96,89,99.99,7,100.01,63,100.02,111,100.05,102
2026-02-05 09:31:44,99.895,99.89,62,99.88,182,99.91,107,99.91,99.88,99.88,182,99.81,117,99.78,98,99.77,84,99.75,155,99.73,58,99.72,271,99.71,41,,,,,99.91,107,99.93,41,99.95,80,99.96,89,99.99,7,100.01,63,100.02,111,100.05,102,100.07,31,100.11,92
2026-02-05 09:31:46,99.895,99.93,68,99.88,249,99.91,66,99.91,99.88,99.88,249,99.81,117,99.78,98,99.77,84,99.75,155,99.73,58,99.72,271,99.71,41,,,,,99.91,66,99.95,80,99.96,89,99.99,7,100.01,63,100.02,111,100.05,102,100.07,31,100.11,92,100.2,81
2026-02-05 09:31:47,99.895,99.93,68,99.88,249,99.91,66,99.91,99.88,99.88,249,99.81,117,99.78,98,99.77,84,99.75,155,99.73,58,99.72,271,99.71,41,,,,,99.91,66,99.95,80,99.96,89,99.99,7,100.01,63,100.02,111,100.05,102,100.11,92,100.2,81,,
2026-02-05 09:31:48,99.895,99.88,156,99.88,93,99.91,4,99.91,99.88,99.88,93,99.81,117,99.78,98,99.77,84,99.75,155,99.73,58,99.72,271,99.71,41,,,,,99.91,4,99.93,34,99.94,149,99.95,80,99.96,89,99.99,7,100.01,63,100.02,111,100.05,102,100.07,46
2026-02-05 09:31:49,99.895,99.88,156,99.88,93,99.91,4,99.91,99.88,99.88,93,99.81,117,99.78,98,99.77,84,99.75,155,99.73,58,99.72,271,99.71,41,,,,,99.91,4,99.93,34,99.94,149,99.95,80,99.96,89,99.99,7,100.01,63,100.02,111,100.05,102,100.07,46
2026-02-05 09:31:50,99.91,99.94,12,99.88,93,99.94,137,99.94,99.88,99.88,93,99.81,117,99.78,98,99.77,84,99.75,155,99.73,58,99.72,225,99.71,41,,,,,99.94,137,99.95,80,99.96,89,99.99,7,100.01,63,100.02,111,100.05,102,100.07,46,100.11,92,100.2,81
2026-02-05 09:31:51,99.91,99.88,55,99.88,12,99.94,137,99.94,99.88,99.88,12,99.81,117,99.78,98,99.77,84,99.75,155,99.73,58,99.72,225,99.71,41,,,,,99.94,137,99.95,80,99.96,89,99.99,7,100.01,63,100.02,111,100.05,102,100.11,92,100.2,81,,
2026-02-05 09:31:51,99.9,99.88,55,99.88,12,99.92,62,99.92,99.88,99.88,12,99.81,117,99.78,98,99.77,84,99.75,155,99.73,58,99.72,225,99.71,41,,,,,99.92,62,99.93,74,99.94,137,99.95,80,99.96,89,99.99,7,100.01,63,100.02,111,100.05,102,100.11,92
2026-02-05 09:31:53,99.88,99.81,51,99.81,66,99.95,67,99.95,99.81,99.81,66,99.78,98,99.77,84,99.75,155,99.73,58,99.72,225,99.71,41,,,,,,,99.95,67,99.96,89,99.99,7,100.01,63,100.02,111,100.05,102,100.11,92,100.2,81,,,,
2026-02-05 09:31:54,99.935,99.81,48,99.92,56,99.95,67,99.95,99.92,99.92,56,99.81,18,99.78,98,99.77,84,99.75,155,99.73,58,99.72,225,99.71,41,,,,,99.95,67,99.96,89,99.99,7,100.01,63,100.02,111,100.05,102,100.11,92,100.2,81,,,,
2026-02-05 09:31:54,99.93,99.81,48,99.92,56,99.94,80,99.94,99.92,99.92,56,99.81,18,99.78,98,99.77,84,99.75,155,99.73,58,99.72,225,99.71,41,,,,,99.94,80,99.95,67,99.96,89,99.99,7,100.01,63,100.02,111,100.05,102,100.11,92,100.2,81,,
2026-02-05 09:31:56,99.93,99.81,48,99.92,56,99.94,80,99.94,99.92,99.92,56,99.81,18,99.8,92,99.78,98,99.77,84,99.75,155,99.73,58,99.72,225,99.71,41,,,99.94,80,99.95,67,99.96,89,99.99,7,100.01,63,100.02,111,100.05,102,100.11,92,100.2,81,,
2026-02-05 09:31:57,99.93,99.92,15,99.92,41,99.94,56,99.94,99.92,99.92,41,99.81,65,99.8,92,99.78,98,99.77,84,99.75,155,99.73,58,99.72,225,99.71,41,,,99.94,56,99.95,67,99.96,89,99.99,7,100.01,63,100.02,111,100.05,102,100.11,92,100.2,81,,
2026-02-05 09:31:57,99.93,99.92,15,99.92,41,99.94,56,99.94,99.92,99.92,41,99.81,65,99.8,92,99.78,98,99.77,84,99.75,155,99.73,58,99.72,225,99.71,41,,,99.94,56,99.95,67,99.96,89,99.99,7,100.01,63,100.02,111,100.05,102,100.11,92,100.2,81,,
2026-02-05 09:31:58,99.815,99.92,41,99.81,65,99.82,63,99.82,99.81,99.81,65,99.8,92,99.78,98,99.77,84,99.75,184,99.73,58,99.72,225,99.71,41,,,,,99.82,63,99.94,56,99.95,67,99.96,89,99.99,7,100.01,63,100.02,111,100.05,102,100.11,92,,
2026-02-05 09:32:00,99.795,99.77,61,99.77,84,99.82,46,99.82,99.77,99.77,84,99.75,184,99.73,58,99.72,225,99.71,41,,,,,,,,,,,99.82,46,99.94,56,99.95,67,99.96,89,99.99,7,100.01,63,100.02,111,100.11,92,,,,
2026-02-05 09:32:01,99.89,99.95,28,99.83,91,99.95,39,99.95,99.83,99.83,91,99.77,23,99.75,266,99.73,58,99.72,225,99.71,41,,,,,,,,,99.95,39,99.96,89,99.99,7,100.0,41,100.01,63,100.02,111,100.11,92,,,,,,
2026-02-05 09:32:01,99.925,99.95,28,99.9,106,99.95,39,99.95,99.9,99.9,106,99.83,91,99.77,23,99.75,266,99.73,58,99.72,225,99.71,41,,,,,,,99.95,39,99.96,89,99.99,7,100.0,41,100.01,63,100.02,111,100.11,92,,,,,,
2026-02-05 09:32:01,99.925,99.95,28,99.9,106,99.95,39,99.95,99.9,99.9,106,99.83,91,99.77,23,99.75,266,99.73,58,99.72,225,99.71,41,,,,,,,99.95,39,99.96,89,99.99,7,100.0,41,100.01,63,100.02,111,100.11,92,,,,,,
2026-02-05 09:32:04,99.925,99.95,28,99.9,106,99.95,39,99.95,99.9,99.9,106,99.83,91,99.77,23,99.75,399,99.73,58,99.72,225,99.71,41,,,,,,,99.95,39,99.96,89,99.99,7,100.0,41,100.01,63,100.02,111,100.11,92,,,,,,
2026-02-05 09:32:05,99.95,100.0,19,99.9,106,100.0,41,100.0,99.9,99.9,106,99.83,91,99.77,23,99.75,399,99.73,58,99.72,80,99.71,41,,,,,,,100.0,41,100.01,63,100.02,111,100.11,92,,,,,,,,,,,,
2026-02-05 09:32:06,99.975,99.96,43,99.96,16,99.99,53,99.99,99.96,99.96,16,99.9,106,99.83,91,99.77,23,99.75,399,99.73,58,99.72,80,99.71,41,,,,,99.99,53,100.0,58,100.01,63,100.02,111,100.06,143,100.11,92,,,,,,,,
2026-02-05 09:32:06,99.975,99.96,43,99.96,16,99.99,53,99.99,99.96,99.96,16,99.9,106,99.83,91,99.81,68,99.77,23,99.75,399,99.73,58,99.72,80,,,,,99.99,53,100.0,58,100.01,63,100.02,111,100.03,125,100.06,143,100.11,155,,,,,,
2026-02-05 09:32:08,99.95,99.9,24,99.9,82,100.0,57,100.0,99.9,99.9,82,99.83,91,99.81,68,99.77,23,99.75,399,99.73,58,99.72,80,,,,,,,100.0,57,100.01,132,100.02,162,100.03,125,100.06,143,100.11,92,100.14,52,,,,,,
2026-02-05 09:32:09,99.9,99.83,16,99.83,75,99.97,19,99.97,99.83,99.83,75,99.82,80,99.81,68,99.77,23,99.75,399,99.73,58,99.72,80,,,,,,,99.97,19,100.0,57,100.01,132,100.02,162,100.03,125,100.06,143,100.11,92,100.14,52,,,,
2026-02-05 09:32:09,99.9,99.83,16,99.83,75,99.97,19,99.97,99.83,99.83,75,99.82,80,99.81,68,99.77,23,99.75,399,99.73,58,,,,,,,,,99.97,19,100.0,57,100.01,132,100.02,162,100.03,125,100.06,143,100.11,92,100.14,52,,,,
2026-02-05 09:32:11,99.9,99.83,16,99.83,75,99.97,19,99.97,99.83,99.83,75,99.82,207,99.81,68,99.77,23,99.75,266,99.73,58,,,,,,,,,99.97,19,100.0,57,100.01,132,100.02,162,100.03,125,100.06,143,100.11,92,100.14,52,,,,
2026-02-05 09:32:12,99.945,99.83,16,99.92,25,99.97,19,99.97,99.92,99.92,25,99.83,75,99.82,207,99.81,68,99.77,23,99.75,266,99.73,58,,,,,,,99.97,19,100.0,57,100.01,132,100.02,162,100.03,125,100.06,164,100.11,92,100.14,52,,,,
2026-02-05 09:32:12,99.945,99.83,16,99.92,25,99.97,19,99.97,99.92,99.92,25,99.83,75,99.82,207,99.81,68,99.77,23,99.75,266,99.73,58,,,,,,,99.97,19,100.0,57,100.01,63,100.02,162,100.03,125,100.06,164,100.11,92,100.14,52,,,,
2026-02-05 09:32:14,99.96,99.82,36,99.95,199,99.97,19,99.97,99.95,99.95,199,99.82,171,99.81,68,99.77,23,99.75,266,99.73,58,,,,,,,,,99.97,19,100.0,57,100.01,146,100.02,265,100.03,125,100.06,164,100.11,92,100.14,52,,,,
2026-02-05 09:32:14,99.96,99.82,36,99.95,199,99.97,19,99.97,99.95,99.95,199,99.82,171,99.81,68,99.77,23,99.75,266,99.73,58,,,,,,,,,99.97,19,100.0,57,100.01,146,100.02,265,100.03,125,100.06,164,100.11,92,100.14,52,,,,
2026-02-05 09:32:14,99.96,99.82,36,99.95,199,99.97,19,99.97,99.95,99.95,199,99.82,171,99.81,68,99.77,23,99.75,266,99.73,58,,,,,,,,,99.97,19,100.0,36,100.01,146,100.02,291,100.03,125,100.06,21,100.11,92,100.14,52,,,,
2026-02-05 09:32:17,99.96,99.82,36,99.95,199,99.97,19,99.97,99.95,99.95,199,99.82,171,99.81,68,99.78,39,99.77,14,99.75,389,99.73,58,,,,,,,99.97,19,100.0,36,100.01,146,100.02,291,100.03,125,100.06,21,100.11,92,100.14,52,,,,
2026-02-05 09:32:17,99.96,99.82,36,99.95,199,99.97,19,99.97,99.95,99.95,199,99.87,51,99.82,171,99.81,68,99.78,39,99.77,14,99.75,389,99.73,58,99.72,50,,,99.97,19,100.0,36,100.01,146,100.02,291,100.03,125,100.06,21,100.11,92,100.14,52,,,,
2026-02-05 09:32:18,99.96,99.82,36,99.95,199,99.97,19,99.97,99.95,99.95,199,99.87,51,99.82,171,99.81,68,99.78,39,99.77,14,99.75,389,99.73,58,99.72,50,,,99.97,19,100.0,150,100.01,146,100.02,291,100.03,125,100.06,21,100.11,92,100.14,52,,,,
2026-02-05 09:32:18,99.96,99.82,36,99.95,199,99.97,19,99.97,99.95,99.95,199,99.87,51,99.82,171,99.81,68,99.78,39,99.77,14,99.75,352,99.73,58,99.72,50,,,99.97,19,100.0,150,100.01,146,100.02,291,100.03,125,100.11,92,100.14,52,,,,,,
2026-02-05 09:32:21,99.96,99.95,84,99.95,115,99.97,19,99.97,99.95,99.95,115,99.87,51,99.82,171,99.81,68,99.78,39,99.77,14,99.75,352,99.73,58,99.72,50,,,99.97,19,100.0,150,100.01,146,100.02,291,100.03,125,100.11,121,100.14,52,,,,,,
2026-02-05 09:32:22,99.965,99.95,84,99.96,128,99.97,19,99.97,99.96,99.96,128,99.95,115,99.87,51,99.82,171,99.81,68,99.78,39,99.77,14,99.75,352,99.73,58,99.72,50,99.97,19,100.0,150,100.01,146,100.02,291,100.03,125,100.11,121,100.14,52,,,,,,
2026-02-05 09:32:23,99.985,99.95,8,99.97,171,100.0,113,100.0,99.97,99.97,171,99.95,107,99.87,51,99.82,171,99.81,68,99.78,39,99.77,14,99.75,352,99.73,58,99.72,50,100.0,113,100.01,146,100.02,291,100.03,125,100.11,121,100.13,161,100.14,52,,,,,,
2026-02-05 09:32:23,99.985,99.95,8,99.97,171,100.0,113,100.0,99.97,99.97,171,99.95,107,99.87,51,99.82,171,99.81,68,99.78,39,99.77,14,99.75,352,99.73,58,99.72,50,100.0,113,100.01,146,100.02,291,100.03,125,100.11,121,100.13,161,100.14,52,,,,,,
2026-02-05 09:32:25,99.985,99.97,35,99.97,136,100.0,90,100.0,99.97,99.97,136,99.95,107,99.87,51,99.82,171,99.81,68,99.78,39,99.77,14,99.75,352,99.73,58,99.72,50,100.0,90,100.01,146,100.02,291,100.03,196,100.11,121,100.13,161,100.14,52,,,,,,
2026-02-05 09:32:26,99.985,99.97,31,99.97,105,100.0,90,100.0,99.97,99.97,105,99.95,107,99.87,51,99.82,171,99.81,68,99.78,39,99.77,14,99.75,352,99.73,58,99.72,50,100.0,90,100.01,146,100.02,291,100.03,196,100.11,121,100.12,33,100.13,161,100.14,52,,,,
2026-02-05 09:32:27,99.985,99.97,31,99.97,105,100.0,90,100.0,99.97,99.97,105,99.95,107,99.87,51,99.82,171,99.81,68,99.78,39,99.77,14,99.75,352,99.73,58,99.72,50,100.0,90,100.01,146,100.02,291,100.03,196,100.11,121,100.12,33,100.13,161,100.14,52,,,,
2026-02-05 09:32:28,99.99,100.01,15,99.97,105,100.01,131,100.01,99.97,99.97,105,99.96,27,99.95,107,99.92,55,99.87,51,99.82,171,99.81,68,99.78,39,99.77,14,99.75,352,100.01,131,100.02,291,100.03,196,100.11,121,100.12,33,100.13,161,100.14,52,,,,,,
2026-02-05 09:32:29,99.99,100.01,15,99.97,105,100.01,131,100.01,99.97,99.97,105,99.96,27,99.95,107,99.92,55,99.87,51,99.82,171,99.81,68,99.78,39,99.77,14,99.75,352,100.01,131,100.02,180,100.03,196,100.11,166,100.12,33,100.13,161,100.14,52,,,,,,
2026-02-05 09:32:29,99.99,100.01,15,99.97,105,100.01,131,100.01,99.97,99.97,105,99.96,27,99.95,192,99.92,55,99.87,51,99.82,171,99.81,68,99.78,39,99.77,14,99.75,352,100.01,131,100.02,180,100.03,196,100.11,166,100.12,33,100.13,161,100.14,52,,,,,,
2026-02-05 09:32:29,99.98,100.01,15,99.97,105,99.99,67,99.99,99.97,99.97,105,99.96,27,99.95,107,99.92,55,99.87,51,99.82,171,99.81,68,99.78,39,99.77,14,99.75,352,99.99,67,100.01,131,100.02,180,100.03,196,100.11,137,100.12,33,100.13,161,100.14,52,,,,
2026-02-05 09:32:32,99.98,100.01,19,99.97,105,99.99,100,99.99,99.97,99.97,105,99.96,135,99.95,107,99.92,55,99.87,51,99.82,171,99.81,68,99.78,39,99.77,14,99.75,352,99.99,100,100.01,64,100.02,180,100.03,196,100.11,137,100.12,33,100.13,161,100.14,52,,,,
2026-02-05 09:32:33,99.98,100.01,19,99.97,105,99.99,100,99.99,99.97,99.97,105,99.96,135,99.95,107,99.92,55,99.9,77,99.87,51,99.82,171,99.81,68,99.78,39,99.77,14,99.99,100,100.01,64,100.02,180,100.03,196,100.11,137,100.12,33,100.13,161,100.14,52,,,,
2026-02-05 09:32:33,99.975,100.01,19,99.96,135,99.99,100,99.99,99.96,99.96,135,99.95,107,99.92,55,99.9,77,99.87,51,99.82,171,99.81,68,99.78,39,99.77,14,99.75,352,99.99,100,100.01,64,100.02,180,100.03,196,100.11,137,100.12,33,100.13,161,100.14,52,,,,
2026-02-05 09:32:35,99.975,100.01,19,99.96,135,99.99,100,99.99,99.96,99.96,135,99.95,107,99.92,55,99.9,77,99.88,64,99.87,51,99.82,171,99.81,68,99.78,39,99.77,14,99.99,100,100.01,64,100.02,180,100.03,196,100.1,31,100.11,137,100.12,33,100.13,161,100.14,52,,
2026-02-05 09:32:36,99.985,100.01,19,99.96,181,100.01,64,100.01,99.96,99.96,181,99.95,107,99.92,55,99.9,77,99.88,64,99.87,51,99.82,171,99.81,68,99.78,39,99.77,14,100.01,64,100.02,180,100.03,196,100.1,31,100.11,137,100.12,33,100.13,161,100.14,52,,,,
2026-02-05 09:32:37,99.985,100.01,27,99.96,181,100.01,37,100.01,99.96,99.96,181,99.95,107,99.92,55,99.9,77,99.88,64,99.87,51,99.82,171,99.81,68,99.78,39,99.77,14,100.01,37,100.02,180,100.03,196,100.1,176,100.11,137,100.12,33,100.13,161,100.14,52,100.19,108,,
2026-02-05 09:32:37,99.985,100.01,27,99.96,181,100.01,37,100.01,99.96,99.96,181,99.95,107,99.92,55,99.9,77,99.88,64,99.87,51,99.82,171,99.81,68,99.78,39,99.77,14,100.01,37,100.02,180,100.03,196,100.1,176,100.11,137,100.12,33,100.13,161,100.14,52,100.19,108,,
2026-02-05 09:32:39,99.99,99.96,67,99.96,87,100.02,66,100.02,99.96,99.96,87,99.95,107,99.92,55,99.9,77,99.88,64,99.87,51,99.82,171,99.81,109,99.78,39,99.77,14,100.02,66,100.03,196,100.1,176,100.11,137,100.12,33,100.13,161,100.14,52,100.19,108,,,,
2026-02-05 09:32:40,99.99,99.96,11,99.96,35,100.02,66,100.02,99.96,99.96,35,99.95,107,99.92,55,99.9,77,99.88,64,99.87,51,99.82,171,99.81,109,99.78,39,99.77,14,100.02,66,100.03,196,100.05,11,100.07,53,100.1,176,100.11,137,100.12,33,100.13,161,100.14,52,100.19,108
2026-02-05 09:32:41,99.99,99.95,2,99.95,105,100.03,146,100.03,99.95,99.95,105,99.92,55,99.9,77,99.88,64,99.87,51,99.82,171,99.81,109,99.78,39,99.77,14,99.75,352,100.03,146,100.05,11,100.07,197,100.1,176,100.11,137,100.12,33,100.13,161,100.14,52,100.19,108,,
2026-02-05 09:32:41,99.99,99.95,72,99.95,33,100.03,146,100.03,99.95,99.95,33,99.92,55,99.9,77,99.87,51,99.82,171,99.81,109,99.78,39,99.77,14,99.75,352,99.73,58,100.03,146,100.05,11,100.07,197,100.1,176,100.11,137,100.12,33,100.13,161,100.14,52,100.19,108,,
2026-02-05 09:32:41,99.99,99.95,72,99.95,33,100.03,146,100.03,99.95,99.95,33,99.92,55,99.9,77,99.87,51,99.82,171,99.81,109,99.78,39,99.77,14,99.75,352,99.73,58,100.03,146,100.05,11,100.07,197,100.1,176,100.11,137,100.12,33,100.13,161,100.14,52,100.16,122,100.19,108
2026-02-05 09:32:41,99.99,99.95,72,99.95,33,100.03,146,100.03,99.95,99.95,33,99.92,92,99.9,77,99.87,51,99.82,171,99.81,109,99.78,39,99.77,14,99.75,352,99.73,58,100.03,146,100.05,11,100.07,197,100.1,176,100.11,137,100.12,33,100.13,161,100.14,52,100.16,122,100.19,108
2026-02-05 09:32:41,99.99,99.95,72,99.95,33,100.03,146,100.03,99.95,99.95,33,99.92,92,99.9,77,99.87,51,99.82,171,99.81,109,99.78,39,99.75,352,99.73,58,,,100.03,146,100.05,11,100.07,197,100.1,176,100.11,137,100.12,143,100.13,161,100.14,52,100.16,122,100.19,108
2026-02-05 09:32:46,99.975,99.92,53,99.92,39,100.03,146,100.03,99.92,99.92,39,99.9,77,99.87,51,99.82,171,99.81,109,99.78,39,99.75,352,99.73,58,,,,,100.03,146,100.04,42,100.05,11,100.07,197,100.1,176,100.11,137,100.12,143,100.13,161,100.14,52,100.16,122
2026-02-05 09:32:46,99.975,99.92,53,99.92,39,100.03,146,100.03,99.92,99.92,39,99.9,77,99.87,51,99.82,171,99.81,109,99.78,39,99.75,352,99.73,58,,,,,100.03,146,100.04,42,100.05,11,100.07,197,100.1,176,100.11,137,100.12,143,100.13,161,100.14,52,100.16,122
2026-02-05 09:32:46,99.975,99.92,53,99.92,39,100.03,146,100.03,99.92,99.92,39,99.9,77,99.87,51,99.82,171,99.81,109,99.78,39,99.75,352,99.73,58,,,,,100.03,146,100.04,42,100.05,186,100.07,197,100.1,176,100.11,137,100.12,143,100.13,161,100.14,52,100.16,122
2026-02-05 09:32:49,99.975,100.03,62,99.92,39,100.03,84,100.03,99.92,99.92,39,99.9,77,99.87,51,99.82,44,99.81,109,99.78,39,99.75,352,99.73,58,,,,,100.03,84,100.04,42,100.05,186,100.07,197,100.1,176,100.11,137,100.12,143,100.13,161,100.14,52,100.16,122
2026-02-05 09:32:50,99.975,100.03,62,99.92,39,100.03,84,100.03,99.92,99.92,39,99.9,77,99.87,51,99.82,44,99.81,109,99.78,39,99.75,352,99.73,58,,,,,100.03,84,100.04,167,100.05,186,100.07,197,100.1,176,100.11,137,100.12,143,100.13,161,100.14,52,100.16,122
2026-02-05 09:32:51,99.975,100.03,62,99.92,39,100.03,84,100.03,99.92,99.92,39,99.9,77,99.87,51,99.82,44,99.81,109,99.78,39,99.75,352,99.73,58,,,,,100.03,84,100.04,167,100.05,186,100.07,197,100.1,176,100.11,137,100.12,143,100.13,161,100.14,52,100.16,122
2026-02-05 09:32:52,99.975,100.03,62,99.92,39,100.03,84,100.03,99.92,99.92,39,99.9,77,99.87,51,99.82,44,99.81,109,99.78,39,99.75,352,99.73,58,,,,,100.03,84,100.04,167,100.05,227,100.07,197,100.1,176,100.11,137,100.12,143,100.13,161,100.16,122,100.19,108
2026-02-05 09:32:52,99.975,100.03,62,99.92,39,100.03,84,100.03,99.92,99.92,39,99.9,77,99.87,51,99.82,44,99.81,109,99.78,114,99.75,352,99.73,58,,,,,100.03,84,100.04,167,100.05,227,100.07,197,100.1,176,100.11,137,100.12,143,100.13,161,100.16,122,100.19,108
2026-02-05 09:32:54,100.0,100.03,62,99.97,80,100.03,84,100.03,99.97,99.97,80,99.92,39,99.9,77,99.87,51,99.82,44,99.81,109,99.78,114,99.76,42,99.75,352,99.73,58,100.03,84,100.04,167,100.05,227,100.07,197,100.09,23,100.1,176,100.11,137,100.12,143,100.13,161,100.16,122
2026-02-05 09:32:55,99.905,99.92,37,99.9,77,99.91,26,99.91,99.9,99.9,77,99.87,51,99.82,44,99.81,109,99.78,114,99.76,42,99.75,352,99.73,58,,,,,99.91,26,100.03,84,100.04,167,100.05,227,100.07,197,100.09,23,100.1,176,100.11,137,100.12,143,100.13,161
2026-02-05 09:32:56,99.905,99.92,37,99.9,77,99.91,26,99.91,99.9,99.9,77,99.87,51,99.82,44,99.81,109,99.78,114,99.76,42,99.75,352,99.73,58,,,,,99.91,26,100.03,84,100.04,167,100.05,227,100.07,197,100.09,23,100.1,176,100.11,137,100.12,143,100.13,161
2026-02-05 09:32:57,99.905,99.92,37,99.9,77,99.91,26,99.91,99.9,99.9,77,99.87,51,99.82,44,99.81,68,99.78,114,99.76,42,99.75,352,99.73,58,,,,,99.91,26,100.03,84,100.04,167,100.05,227,100.07,197,100.09,23,100.1,176,100.11,137,100.12,143,100.13,161
2026-02-05 09:32:57,99.905,99.92,37,99.9,77,99.91,26,99.91,99.9,99.9,77,99.87,51,99.82,108,99.81,68,99.78,114,99.76,42,99.75,352,99.73,58,,,,,99.91,26,100.03,84,100.04,167,100.05,227,100.07,197,100.09,23,100.1,176,100.11,137,100.12,143,100.13,161
2026-02-05 09:32:57,99.905,99.92,37,99.9,77,99.91,26,99.91,99.9,99.9,77,99.87,51,99.82,108,99.81,68,99.78,114,99.76,42,99.75,352,99.73,58,,,,,99.91,26,100.03,84,100.04,167,100.05,227,100.07,197,100.09,23,100.1,176,100.11,137,100.12,143,100.13,161
2026-02-05 09:33:00,99.965,100.03,9,99.9,77,100.03,75,100.03,99.9,99.9,77,99.87,51,99.82,108,99.81,68,99.78,114,99.76,42,99.75,352,99.73,58,,,,,100.03,75,100.04,167,100.05,227,100.07,197,100.09,23,100.1,176,100.11,137,100.12,143,100.13,161,100.16,122
2026-02-05 09:33:01,99.965,100.03,9,99.9,77,100.03,75,100.03,99.9,99.9,77,99.87,51,99.82,108,99.81,68,99.78,114,99.76,42,99.75,352,99.73,58,,,,,100.03,75,100.04,167,100.05,227,100.07,197,100.09,23,100.1,176,100.11,137,100.12,143,100.13,161,100.16,122
2026-02-05 09:33:02,100.025,100.03,9,100.02,104,100.03,75,100.03,100.02,100.02,104,99.9,77,99.87,51,99.82,108,99.81,68,99.78,114,99.76,42,99.75,352,99.73,58,,,100.03,75,100.04,167,100.05,227,100.07,197,100.09,23,100.1,176,100.11,137,100.12,143,100.13,161,100.16,122
2026-02-05 09:33:02,100.025,100.03,9,100.02,104,100.03,75,100.03,100.02,100.02,104,99.9,77,99.87,51,99.82,108,99.81,68,99.78,114,99.76,42,99.75,352,99.73,58,,,100.03,75,100.04,167,100.05,227,100.07,197,100.09,23,100.1,176,100.11,137,100.12,143,100.13,161,100.16,122
2026-02-05 09:33:04,100.025,100.03,44,100.02,104,100.03,27,100.03,100.02,100.02,104,99.9,77,99.87,51,99.82,44,99.81,68,99.78,114,99.76,42,99.75,266,99.73,58,,,100.03,27,100.04,167,100.05,227,100.07,197,100.1,176,100.11,137,100.12,143,100.13,161,100.16,122,100.19,108
2026-02-05 09:33:05,100.03,100.02,68,100.02,15,100.04,112,100.04,100.02,100.02,15,99.9,77,99.87,51,99.82,44,99.81,68,99.78,114,99.76,42,99.75,266,99.73,58,,,100.04,112,100.05,227,100.07,197,100.1,176,100.11,137,100.12,143,100.13,161,100.16,122,100.19,108,,
2026-02-05 09:33:06,99.93,100.02,15,99.9,77,99.96,100,99.96,99.9,99.9,77,99.89,159,99.87,51,99.82,44,99.81,68,99.78,114,99.76,42,99.75,368,99.73,58,,,99.96,100,100.0,42,100.04,112,100.05,227,100.07,197,100.1,176,100.11,137,100.12,143,100.13,161,100.16,122
2026-02-05 09:33:08,99.93,100.02,15,99.9,77,99.96,100,99.96,99.9,99.9,77,99.89,159,99.87,51,99.82,44,99.81,68,99.78,114,99.76,42,99.75,368,99.73,58,,,99.96,100,100.0,42,100.04,112,100.05,227,100.07,197,100.1,176,100.11,137,100.12,143,100.13,161,100.16,122
2026-02-05 09:33:08,99.925,99.89,44,99.89,115,99.96,100,99.96,99.89,99.89,115,99.87,51,99.82,44,99.81,68,99.78,114,99.76,42,99.75,368,99.73,58,,,,,99.96,100,99.99,142,100.0,42,100.04,112,100.05,227,100.07,197,100.1,176,100.11,137,100.12,143,100.13,161
2026-02-05 09:33:09,99.925,99.89,63,99.89,52,99.96,100,99.96,99.89,99.89,52,99.87,51,99.82,44,99.81,68,99.78,114,99.77,183,99.76,42,99.75,368,99.73,58,,,99.96,100,99.99,142,100.0,42,100.05,253,100.07,197,100.1,176,100.11,137,100.12,143,100.13,161,100.16,122
2026-02-05 09:33:10,99.945,99.96,67,99.93,103,99.96,33,99.96,99.93,99.93,103,99.89,52,99.87,51,99.82,44,99.81,68,99.78,114,99.77,183,99.76,42,99.75,368,99.73,58,99.96,33,99.99,142,100.0,42,100.05,253,100.07,197,100.1,176,100.11,137,100.12,143,100.13,161,100.16,122
2026-02-05 09:33:10,99.945,99.96,67,99.93,103,99.96,33,99.96,99.93,99.93,103,99.89,52,99.87,51,99.82,44,99.81,68,99.78,114,99.77,183,99.76,42,99.75,321,99.73,58,99.96,33,99.99,142,100.0,42,100.05,253,100.07,197,100.1,176,100.11,137,100.12,143,100.13,161,100.16,122
2026-02-05 09:33:10,99.945,99.96,67,99.93,103,99.96,33,99.96,99.93,99.93,103,99.91,31,99.89,52,99.87,51,99.82,44,99.81,68,99.78,114,99.77,183,99.76,42,99.75,321,99.96,33,99.99,142,100.05,253,100.07,197,100.1,145,100.11,137,100.12,143,100.13,161,100.16,122,100.19,108
2026-02-05 09:33:13,99.965,99.99,81,99.94,72,99.99,61,99.99,99.94,99.94,72,99.93,103,99.91,31,99.89,52,99.87,51,99.85,177,99.82,44,99.81,68,99.78,114,99.77,183,99.99,61,100.05,253,100.07,197,100.1,145,100.11,137,100.12,143,100.13,161,100.16,122,100.19,108,100.22,31
2026-02-05 09:33:14,99.96,99.99,81,99.93,103,99.99,61,99.99,99.93,99.93,103,99.91,31,99.89,52,99.87,51,99.85,177,99.82,44,99.81,68,99.78,114,99.77,183,99.76,42,99.99,61,100.05,253,100.07,197,100.1,145,100.11,137,100.12,143,100.13,161,100.16,122,100.19,108,100.22,31
2026-02-05 09:33:15,99.95,99.91,21,99.91,10,99.99,61,99.99,99.91,99.91,10,99.89,201,99.87,51,99.85,177,99.81,68,99.78,114,99.77,183,99.76,42,99.75,321,99.73,58,99.99,61,100.05,253,100.07,197,100.1,145,100.11,137,100.12,143,100.13,161,100.16,122,100.19,108,100.22,31
2026-02-05 09:33:16,99.92,99.89,49,99.89,152,99.95,54,99.95,99.89,99.89,152,99.87,51,99.85,177,99.81,68,99.78,114,99.77,183,99.76,42,99.75,321,99.73,58,99.69,27,99.95,54,99.99,61,100.05,253,100.07,197,100.1,145,100.11,137,100.12,143,100.13,161,100.16,122,100.19,108
2026-02-05 09:33:16,99.92,99.89,49,99.89,152,99.95,54,99.95,99.89,99.89,152,99.87,51,99.85,177,99.81,68,99.78,114,99.77,183,99.76,42,99.75,292,99.73,58,99.69,27,99.95,54,99.99,61,100.05,253,100.07,197,100.1,145,100.11,137,100.12,143,100.13,161,100.16,122,100.19,108
2026-02-05 09:33:16,99.93,99.89,49,99.91,55,99.95,54,99.95,99.91,99.91,55,99.89,152,99.87,51,99.85,177,99.81,68,99.78,114,99.77,183,99.76,42,99.75,292,99.73,58,99.95,54,99.99,61,100.05,253,100.07,197,100.1,145,100.11,92,100.12,143,100.13,161,100.16,122,100.19,108
2026-02-05 09:33:19,99.98,99.95,54,99.97,79,99.99,61,99.99,99.97,99.97,79,99.91,55,99.89,152,99.87,51,99.85,177,99.81,68,99.78,114,99.77,183,99.76,42,99.75,190,99.99,61,100.03,43,100.05,253,100.07,197,100.1,145,100.11,92,100.12,143,100.13,161,100.16,122,100.19,108
2026-02-05 09:33:20,100.01,100.03,30,99.99,50,100.03,13,100.03,99.99,99.99,50,99.97,31,99.91,55,99.89,152,99.87,51,99.85,177,99.81,68,99.78,114,99.77,183,99.76,42,100.03,13,100.05,253,100.07,197,100.1,145,100.11,92,100.12,143,100.13,161,100.16,122,100.19,108,100.22,31
2026-02-05 09:33:21,99.915,99.97,31,99.91,55,99.92,50,99.92,99.91,99.91,55,99.89,152,99.87,51,99.85,177,99.81,68,99.78,39,99.77,183,99.76,42,99.75,190,99.73,58,99.92,50,100.03,13,100.05,212,100.07,197,100.1,145,100.11,92,100.12,143,100.13,161,100.16,122,100.19,108
2026-02-05 09:33:22,100.02,99.92,50,100.01,53,100.03,13,100.03,100.01,100.01,53,99.91,55,99.89,152,99.87,51,99.85,177,99.81,68,99.78,39,99.77,183,99.76,42,99.75,190,100.03,13,100.05,212,100.07,197,100.1,145,100.11,92,100.12,143,100.13,161,100.16,122,100.19,108,100.22,31
2026-02-05 09:33:23,100.02,99.92,50,100.01,53,100.03,13,100.03,100.01,100.01,53,99.96,122,99.94,26,99.91,55,99.89,152,99.87,51,99.85,177,99.81,68,99.78,39,99.77,183,100.03,13,100.05,212,100.07,197,100.1,145,100.11,92,100.12,143,100.13,161,100.16,122,100.19,108,100.22,31
2026-02-05 09:33:25,100.02,100.01,53,100.01,53,100.03,13,100.03,100.01,100.01,53,99.96,122,99.94,26,99.91,55,99.89,152,99.87,51,99.85,177,99.81,68,99.78,39,99.77,183,100.03,13,100.05,212,100.07,197,100.1,145,100.11,92,100.12,143,100.13,161,100.16,122,100.19,108,100.22,31
2026-02-05 09:33:25,99.965,100.01,53,99.96,122,99.97,24,99.97,99.96,99.96,122,99.95,44,99.94,26,99.89,152,99.87,51,99.85,177,99.81,68,99.77,306,99.76,42,99.75,190,99.97,24,100.03,13,100.05,212,100.07,197,100.1,145,100.11,92,100.12,143,100.13,161,100.16,122,100.19,108
2026-02-05 09:33:27,100.01,99.97,24,99.99,182,100.03,13,100.03,99.99,99.99,182,99.96,122,99.95,44,99.94,26,99.89,152,99.87,51,99.85,177,99.81,68,99.77,306,99.76,42,100.03,13,100.05,212,100.07,197,100.1,145,100.11,92,100.12,143,100.13,220,100.16,122,100.19,108,100.26,82
2026-02-05 09:33:27,100.01,99.97,24,99.99,182,100.03,13,100.03,99.99,99.99,182,99.96,122,99.95,44,99.94,26,99.89,152,99.87,51,99.85,177,99.81,68,99.77,306,99.76,42,100.03,13,100.05,212,100.07,197,100.1,145,100.11,92,100.12,143,100.13,220,100.16,122,100.19,108,100.26,82
2026-02-05 09:33:28,100.025,99.97,24,100.02,105,100.03,13,100.03,100.02,100.02,105,99.99,182,99.96,122,99.95,44,99.94,26,99.89,152,99.87,51,99.85,177,99.81,68,99.77,306,100.03,13,100.05,212,100.07,197,100.1,145,100.11,92,100.12,143,100.13,59,100.16,122,100.19,108,100.26,82
2026-02-05 09:33:28,100.025,99.97,24,100.02,105,100.03,13,100.03,100.02,100.02,105,99.99,182,99.96,122,99.95,44,99.94,26,99.89,152,99.87,51,99.83,38,99.81,68,99.77,306,100.03,13,100.05,212,100.07,197,100.1,145,100.11,92,100.12,143,100.13,59,100.16,122,100.19,108,100.26,82
2026-02-05 09:33:30,100.035,100.05,59,100.02,16,100.05,142,100.05,100.02,100.02,16,99.99,182,99.96,122,99.95,44,99.94,26,99.89,152,99.87,51,99.83,38,99.81,68,99.77,306,100.05,142,100.07,197,100.1,145,100.11,92,100.12,143,100.13,59,100.16,122,100.19,108,100.26,82,,
2026-02-05 09:33:31,100.04,100.03,87,100.03,21,100.05,142,100.05,100.03,100.03,21,100.02,4,99.99,182,99.96,122,99.95,44,99.94,26,99.89,152,99.87,51,99.83,38,99.81,68,100.05,142,100.07,197,100.1,145,100.11,92,100.12,143,100.13,59,100.16,122,100.19,108,100.26,82,,
2026-02-05 09:33:31,100.04,100.03,87,100.03,21,100.05,142,100.05,100.03,100.03,21,100.02,4,99.99,182,99.96,122,99.95,44,99.94,26,99.89,152,99.87,51,99.83,38,99.81,68,100.05,142,100.07,197,100.1,145,100.11,92,100.12,143,100.13,59,100.16,177,100.19,108,100.26,82,,
2026-02-05 09:33:34,100.02,99.99,10,99.99,172,100.05,142,100.05,99.99,99.99,172,99.96,122,99.95,44,99.94,26,99.89,152,99.87,51,99.83,38,99.81,68,99.77,306,99.76,42,100.05,142,100.07,197,100.1,145,100.11,92,100.12,143,100.13,59,100.16,177,100.19,108,100.26,82,,
2026-02-05 09:33:34,100.02,99.99,10,99.99,172,100.05,142,100.05,99.99,99.99,172,99.96,122,99.95,44,99.94,26,99.89,152,99.87,51,99.83,38,99.81,68,99.77,306,99.75,190,100.05,142,100.07,197,100.1,217,100.11,92,100.12,143,100.13,59,100.16,177,100.19,108,100.26,82,,
2026-02-05 09:33:35,100.02,99.99,81,99.99,21,100.05,142,100.05,99.99,99.99,21,99.96,122,99.95,44,99.94,26,99.89,152,99.87,51,99.83,38,99.81,68,99.77,123,99.75,190,100.05,142,100.07,197,100.1,217,100.11,92,100.12,143,100.13,59,100.14,178,100.16,177,100.19,108,100.26,82
2026-02-05 09:33:36,100.02,100.05,116,99.99,21,100.05,26,100.05,99.99,99.99,21,99.96,122,99.95,44,99.94,26,99.89,152,99.87,51,99.83,38,99.81,68,99.77,123,99.75,190,100.05,26,100.07,197,100.1,217,100.11,92,100.12,299,100.13,59,100.14,178,100.16,177,100.19,108,100.26,82
2026-02-05 09:33:37,100.02,100.05,116,99.99,21,100.05,26,100.05,99.99,99.99,21,99.96,122,99.95,44,99.94,26,99.89,152,99.87,51,99.83,38,99.81,68,99.77,123,99.75,108,100.05,26,100.07,197,100.1,217,100.11,92,100.12,299,100.13,59,100.14,178,100.16,177,100.19,108,100.26,82
2026-02-05 09:33:38,100.025,100.05,116,100.0,54,100.05,26,100.05,100.0,100.0,54,99.99,21,99.96,122,99.95,44,99.94,26,99.89,152,99.87,51,99.83,38,99.81,68,99.77,123,100.05,26,100.07,197,100.1,217,100.11,92,100.12,299,100.13,59,100.14,178,100.16,177,100.19,108,100.26,82
2026-02-05 09:33:39,100.005,99.96,69,99.96,53,100.05,26,100.05,99.96,99.96,53,99.95,44,99.94,26,99.89,152,99.83,38,99.81,68,99.77,123,99.75,108,99.73,224,99.69,27,100.05,26,100.07,197,100.1,217,100.11,92,100.12,299,100.13,59,100.14,178,100.16,177,100.19,108,100.26,82
2026-02-05 09:33:39,100.005,99.96,69,99.96,53,100.05,26,100.05,99.96,99.96,53,99.95,44,99.94,26,99.91,39,99.89,152,99.86,57,99.81,68,99.77,123,99.75,108,99.73,224,100.05,26,100.07,197,100.1,217,100.11,92,100.12,299,100.13,59,100.14,178,100.16,177,100.19,108,100.26,82
2026-02-05 09:33:41,100.02,99.96,69,99.99,44,100.05,26,100.05,99.99,99.99,44,99.96,53,99.95,44,99.94,26,99.91,39,99.89,152,99.86,57,99.81,68,99.77,123,99.75,108,100.05,26,100.07,197,100.1,145,100.11,92,100.12,299,100.13,59,100.14,178,100.16,177,100.19,108,100.26,82
2026-02-05 09:33:42,100.06,100.05,26,100.05,15,100.07,197,100.07,100.05,100.05,15,99.99,44,99.96,53,99.95,44,99.94,26,99.91,39,99.89,152,99.86,57,99.81,68,99.77,123,100.07,197,100.11,92,100.12,299,100.13,59,100.14,178,100.16,177,100.19,108,100.26,82,,,,
2026-02-05 09:33:43,100.005,100.05,15,99.99,44,100.02,94,100.02,99.99,99.99,44,99.96,53,99.95,44,99.94,26,99.93,22,99.91,39,99.89,152,99.86,57,99.81,68,99.77,123,100.02,94,100.07,197,100.11,92,100.12,299,100.13,59,100.14,178,100.16,177,100.19,108,100.26,154,,
2026-02-05 09:33:43,100.005,100.05,15,99.99,126,100.02,94,100.02,99.99,99.99,126,99.96,53,99.95,44,99.93,22,99.91,39,99.89,152,99.86,57,99.81,68,99.77,123,99.75,108,100.02,94,100.07,197,100.11,92,100.12,299,100.13,59,100.14,178,100.16,177,100.19,108,100.26,154,,
2026-02-05 09:33:46,100.055,100.07,31,100.04,50,100.07,113,100.07,100.04,100.04,50,100.0,81,99.99,126,99.96,53,99.93,22,99.91,39,99.89,152,99.86,57,99.81,68,99.77,123,100.07,113,100.11,92,100.12,299,100.13,59,100.14,178,100.16,177,100.19,108,100.26,154,,,,
2026-02-05 09:33:46,100.055,100.07,31,100.04,50,100.07,113,100.07,100.04,100.04,50,100.0,81,99.99,126,99.96,53,99.93,22,99.91,39,99.89,152,99.86,57,99.81,68,99.77,123,100.07,113,100.1,58,100.11,92,100.12,299,100.14,178,100.16,177,100.19,108,100.26,154,,,,
2026-02-05 09:33:48,100.035,100.0,48,100.0,33,100.07,113,100.07,100.0,100.0,33,99.99,126,99.96,53,99.91,39,99.89,152,99.86,57,99.81,68,99.77,123,99.75,108,99.73,224,100.07,113,100.1,58,100.11,92,100.12,299,100.14,178,100.16,177,100.19,108,100.26,154,,,,
2026-02-05 09:33:49,100.03,99.99,80,99.99,2,100.07,113,100.07,99.99,99.99,2,99.96,53,99.91,39,99.89,152,99.86,57,99.81,68,99.77,123,99.75,108,99.73,224,99.69,27,100.07,113,100.1,58,100.12,299,100.14,178,100.16,177,100.19,108,100.26,154,,,,,,
2026-02-05 09:33:49,99.98,99.96,50,99.96,3,100.0,91,100.0,99.96,99.96,3,99.91,39,99.89,152,99.86,57,99.81,68,99.77,123,99.75,108,99.73,224,,,,,100.0,91,100.07,113,100.1,58,100.12,299,100.14,178,100.16,177,100.26,154,,,,,,
2026-02-05 09:33:51,99.945,99.89,74,99.89,101,100.0,91,100.0,99.89,99.89,101,99.86,57,99.81,68,99.77,123,99.75,108,99.73,224,,,,,,,,,100.0,91,100.07,113,100.1,58,100.12,299,100.14,178,100.16,177,100.26,154,,,,,,
2026-02-05 09:33:51,99.96,99.89,74,99.92,30,100.0,91,100.0,99.92,99.92,30,99.89,101,99.86,57,99.81,68,99.77,123,99.75,108,99.73,166,,,,,,,100.0,91,100.07,113,100.1,58,100.12,299,100.14,178,100.16,177,100.26,154,,,,,,
2026-02-05 09:33:53,99.945,99.81,1,99.89,42,100.0,91,100.0,99.89,99.89,42,99.86,57,99.83,83,99.81,68,99.77,123,99.75,108,99.73,166,,,,,,,100.0,91,100.07,113,100.1,58,100.11,113,100.12,299,100.14,178,100.16,177,100.26,154,,,,
2026-02-05 09:33:53,99.885,99.81,1,99.81,67,99.96,146,99.96,99.81,99.81,67,99.77,123,99.75,108,99.73,166,,,,,,,,,,,,,99.96,146,100.0,91,100.07,113,100.1,58,100.11,113,100.12,362,100.14,178,100.16,177,100.26,154,,
2026-02-05 09:33:53,99.885,99.81,1,99.81,67,99.96,146,99.96,99.81,99.81,67,99.77,123,99.75,69,99.73,166,,,,,,,,,,,,,99.96,146,100.0,91,100.05,26,100.07,113,100.1,58,100.11,113,100.12,362,100.14,178,100.16,177,100.26,154
2026-02-05 09:33:53,99.825,99.81,1,99.81,67,99.84,44,99.84,99.81,99.81,67,99.77,123,99.73,166,,,,,,,,,,,,,,,99.84,44,99.96,146,100.0,91,100.05,26,100.07,113,100.1,58,100.11,113,100.12,362,100.14,178,100.16,177
2026-02-05 09:33:53,99.825,99.81,1,99.82,119,99.83,42,99.83,99.82,99.82,119,99.81,67,99.77,123,99.75,73,99.73,166,,,,,,,,,,,99.83,42,99.84,44,99.96,146,100.0,91,100.05,26,100.07,113,100.1,58,100.11,113,100.12,362,100.14,178
2026-02-05 09:33:57,99.825,99.81,1,99.82,119,99.83,42,99.83,99.82,99.82,119,99.81,67,99.8,76,99.77,123,99.75,73,99.73,166,,,,,,,,,99.83,42,99.84,44,99.96,146,100.0,91,100.05,26,100.07,113,100.1,58,100.11,113,100.12,362,100.14,178
2026-02-05 09:33:57,99.825,99.81,1,99.82,119,99.83,42,99.83,99.82,99.82,119,99.81,67,99.8,76,99.77,123,99.75,73,99.73,166,,,,,,,,,99.83,42,99.84,44,99.96,146,100.0,91,100.05,26,100.07,113,100.1,58,100.11,113,100.12,362,100.14,178
2026-02-05 09:33:57,99.825,99.81,1,99.82,119,99.83,42,99.83,99.82,99.82,119,99.81,67,99.8,76,99.77,123,99.75,73,,,,,,,,,,,99.83,42,99.84,44,99.96,146,100.0,91,100.05,26,100.07,113,100.1,58,100.11,113,100.12,362,100.14,178
2026-02-05 09:33:57,99.825,99.81,1,99.82,119,99.83,42,99.83,99.82,99.82,119,99.81,67,99.8,76,99.77,123,99.75,73,,,,,,,,,,,99.83,42,99.84,98,99.96,146,100.0,91,100.05,26,100.07,113,100.1,58,100.11,113,100.12,362,100.14,178
2026-02-05 09:34:01,99.825,99.83,40,99.82,119,99.83,2,99.83,99.82,99.82,119,99.81,67,99.8,76,99.77,123,99.75,73,,,,,,,,,,,99.83,2,99.84,98,99.96,146,100.0,91,100.05,26,100.07,113,100.1,58,100.11,113,100.12,362,100.14,178
2026-02-05 09:34:02,99.825,99.82,113,99.82,6,99.83,2,99.83,99.82,99.82,6,99.81,67,99.8,76,99.77,123,99.75,73,,,,,,,,,,,99.83,2,99.84,98,99.96,146,100.0,91,100.05,26,100.07,113,100.1,58,100.11,113,100.12,362,100.14,178
2026-02-05 09:34:02,99.825,99.82,113,99.82,6,99.83,2,99.83,99.82,99.82,6,99.81,67,99.8,76,99.77,123,99.75,73,,,,,,,,,,,99.83,2,99.84,98,99.96,146,100.0,91,100.05,26,100.07,113,100.1,58,100.11,113,100.12,362,100.14,178
2026-02-05 09:34:02,99.825,99.82,113,99.82,6,99.83,2,99.83,99.82,99.82,6,99.81,67,99.8,76,99.77,123,99.75,73,,,,,,,,,,,99.83,2,99.84,98,99.96,146,100.0,91,100.05,26,100.07,113,100.1,58,100.11,113,100.12,362,100.14,178
2026-02-05 09:34:05,99.825,99.82,113,99.82,6,99.83,2,99.83,99.82,99.82,6,99.81,67,99.8,76,99.77,123,99.75,73,,,,,,,,,,,99.83,2,99.84,98,99.96,146,100.0,91,100.05,26,100.07,113,100.1,58,100.11,113,100.12,362,100.14,178
2026-02-05 09:34:07,99.915,99.84,54,99.87,15,99.96,146,99.96,99.87,99.87,15,99.82,6,99.81,67,99.8,76,99.77,123,99.75,73,,,,,,,,,99.96,146,100.0,91,100.05,26,100.07,113,100.1,58,100.11,113,100.12,252,100.14,178,100.16,177,100.26,154
2026-02-05 09:34:07,99.835,99.87,15,99.82,6,99.85,73,99.85,99.82,99.82,6,99.81,67,99.8,76,99.77,123,99.75,73,99.61,45,,,,,,,,,99.85,73,99.96,146,100.05,26,100.07,113,100.1,58,100.11,113,100.12,252,100.14,178,100.16,177,100.26,154
2026-02-05 09:34:08,99.835,99.87,15,99.82,6,99.85,73,99.85,99.82,99.82,6,99.81,67,99.8,76,99.77,123,99.75,73,99.61,45,,,,,,,,,99.85,73,99.86,108,99.94,67,99.96,146,100.05,26,100.07,113,100.1,58,100.11,113,100.12,252,100.14,178
2026-02-05 09:34:08,99.835,99.87,15,99.82,6,99.85,73,99.85,99.82,99.82,6,99.81,67,99.8,76,99.77,123,99.75,73,99.61,45,,,,,,,,,99.85,73,99.86,108,99.94,67,99.96,146,100.05,26,100.07,113,100.1,58,100.11,113,100.12,252,100.14,178
2026-02-05 09:34:08,99.835,99.87,15,99.82,6,99.85,73,99.85,99.82,99.82,6,99.81,67,99.8,76,99.77,123,99.75,73,99.61,45,,,,,,,,,99.85,73,99.86,108,99.94,67,100.05,26,100.07,113,100.1,58,100.11,113,100.12,252,100.14,178,100.16,177
2026-02-05 09:34:11,99.81,99.77,1,99.77,160,99.85,73,99.85,99.77,99.77,160,99.75,73,99.61,45,,,,,,,,,,,,,,,99.85,73,99.86,108,99.94,67,100.02,165,100.05,26,100.07,113,100.1,58,100.11,113,100.12,252,100.14,178
2026-02-05 09:34:13,99.81,99.77,1,99.77,160,99.85,73,99.85,99.77,99.77,160,99.75,73,99.61,45,,,,,,,,,,,,,,,99.85,73,99.86,108,100.02,165,100.05,26,100.07,113,100.1,58,100.11,113,100.12,252,100.14,178,100.16,177
2026-02-05 09:34:13,99.815,99.86,24,99.77,160,99.86,84,99.86,99.77,99.77,160,99.75,73,99.61,45,,,,,,,,,,,,,,,99.86,84,100.02,165,100.05,26,100.07,113,100.1,58,100.11,113,100.12,252,100.14,178,100.16,177,100.26,82
2026-02-05 09:34:14,99.775,99.77,83,99.77,77,99.78,32,99.78,99.77,99.77,77,99.75,73,99.73,29,99.61,45,,,,,,,,,,,,,99.78,32,99.86,84,100.02,165,100.05,26,100.07,113,100.1,58,100.11,113,100.12,252,100.14,178,100.16,177
2026-02-05 09:34:16,99.775,99.77,83,99.77,77,99.78,32,99.78,99.77,99.77,77,99.75,73,99.73,29,99.61,45,,,,,,,,,,,,,99.78,32,99.86,84,100.02,165,100.05,26,100.07,113,100.1,58,100.11,113,100.12,252,100.14,178,100.16,177
2026-02-05 09:34:17,99.79,99.85,37,99.75,73,99.83,92,99.83,99.75,99.75,73,99.73,29,99.61,45,,,,,,,,,,,,,,,99.83,92,99.86,84,100.02,165,100.05,26,100.07,113,100.1,58,100.11,113,100.12,252,100.14,178,100.16,177
2026-02-05 09:34:18,99.79,99.83,81,99.75,73,99.83,11,99.83,99.75,99.75,73,99.73,29,99.61,45,,,,,,,,,,,,,,,99.83,11,99.86,84,99.92,181,100.02,165,100.05,26,100.07,113,100.1,58,100.11,113,100.12,252,100.14,178
2026-02-05 09:34:19,99.64,99.67,59,99.61,45,99.67,7,99.67,99.61,99.61,45,,,,,,,,,,,,,,,,,,,99.67,7,99.74,39,99.83,11,99.86,84,99.92,181,100.02,165,100.05,26,100.07,113,100.1,58,100.11,113
2026-02-05 09:34:19,99.64,99.67,59,99.61,45,99.67,7,99.67,99.61,99.61,45,,,,,,,,,,,,,,,,,,,99.67,7,99.74,39,99.83,11,99.86,84,99.92,181,100.02,165,100.05,26,100.07,113,100.1,58,100.11,113
2026-02-05 09:34:20,,99.47,16,,,99.47,111,99.47,,,,,,,,,,,,,,,,,,,,,,99.47,111,99.67,7,99.74,39,99.83,11,99.86,84,99.92,181,100.02,165,100.05,26,100.07,113,100.1,58
2026-02-05 09:34:20,,99.47,16,,,99.47,111,99.47,,,,,,,,,,,,,,,,,,,,,,99.47,111,99.67,7,99.74,39,99.83,11,99.86,84,99.92,181,100.02,165,100.05,26,100.07,113,100.1,58
2026-02-05 09:34:22,,99.49,1,,,99.42,66,99.42,,,,,,,,,,,,,,,,,,,,,,99.42,66,99.45,24,99.56,88,99.67,7,99.74,39,99.83,11,99.86,84,99.92,181,100.02,165,100.05,26
2026-02-05 09:34:24,,99.45,2,,,99.45,22,99.45,,,,,,,,,,,,,,,,,,,,,,99.45,22,99.54,105,99.56,88,99.67,7,99.74,39,99.83,11,99.86,84,99.92,181,100.02,165,100.05,26
2026-02-05 09:34:24,99.53,99.45,22,99.52,61,99.54,105,99.54,99.52,99.52,61,,,,,,,,,,,,,,,,,,,99.54,105,99.56,88,99.67,7,99.74,39,99.83,11,99.86,84,99.92,181,100.02,165,100.05,26,100.07,113
2026-02-05 09:34:26,99.53,99.52,48,99.52,13,99.54,105,99.54,99.52,99.52,13,99.44,78,,,,,,,,,,,,,,,,,99.54,105,99.56,88,99.67,7,99.74,39,99.75,27,99.83,11,99.86,84,99.92,181,100.02,165,100.05,26
2026-02-05 09:34:26,99.53,99.52,48,99.52,13,99.54,105,99.54,99.52,99.52,13,99.44,78,,,,,,,,,,,,,,,,,99.54,105,99.56,88,99.59,129,99.67,7,99.74,39,99.75,27,99.83,11,99.86,84,99.92,181,100.02,165
2026-02-05 09:34:26,99.53,99.52,48,99.52,13,99.54,105,99.54,99.52,99.52,13,99.44,78,,,,,,,,,,,,,,,,,99.54,105,99.56,88,99.59,129,99.67,7,99.74,39,99.75,27,99.83,11,99.86,84,99.92,181,100.02,165
2026-02-05 09:34:29,99.53,99.52,48,99.52,13,99.54,105,99.54,99.52,99.52,13,99.44,78,,,,,,,,,,,,,,,,,99.54,105,99.56,88,99.59,129,99.61,74,99.65,21,99.67,7,99.74,39,99.75,27,99.83,11,99.86,84
2026-02-05 09:34:30,99.555,99.54,105,99.55,7,99.56,152,99.56,99.55,99.55,7,99.52,13,99.47,55,99.44,78,,,,,,,,,,,,,99.56,152,99.59,129,99.61,74,99.65,21,99.67,29,99.74,39,99.75,27,99.83,11,99.86,84,99.92,181
2026-02-05 09:34:30,99.515,99.47,38,99.47,185,99.56,152,99.56,99.47,99.47,185,99.44,78,,,,,,,,,,,,,,,,,99.56,152,99.59,129,99.61,74,99.65,21,99.67,129,99.74,39,99.75,27,99.83,11,99.86,84,99.92,181
2026-02-05 09:34:31,99.515,99.47,38,99.47,185,99.56,152,99.56,99.47,99.47,185,99.44,78,,,,,,,,,,,,,,,,,99.56,152,99.59,129,99.61,74,99.65,21,99.67,129,99.74,39,99.75,27,99.83,11,99.86,84,99.92,181
2026-02-05 09:34:31,99.515,99.47,38,99.47,185,99.56,152,99.56,99.47,99.47,185,99.44,78,99.42,49,,,,,,,,,,,,,,,99.56,152,99.59,129,99.61,74,99.65,21,99.67,129,99.74,39,99.75,27,99.83,11,99.86,84,99.92,181
2026-02-05 09:34:31,99.505,99.47,38,99.47,185,99.54,35,99.54,99.47,99.47,185,99.44,78,99.42,49,,,,,,,,,,,,,,,99.54,35,99.56,152,99.59,129,99.61,74,99.65,21,99.67,129,99.74,39,99.75,27,99.83,11,99.86,84
2026-02-05 09:34:35,99.515,99.56,15,99.47,168,99.56,137,99.56,99.47,99.47,168,99.44,78,99.42,49,,,,,,,,,,,,,,,99.56,137,99.59,129,99.61,74,99.65,21,99.67,129,99.74,39,99.75,27,99.83,11,99.86,84,99.92,181
2026-02-05 09:34:36,99.515,99.56,15,99.47,168,99.56,137,99.56,99.47,99.47,168,99.44,78,99.42,49,99.41,71,,,,,,,,,,,,,99.56,137,99.59,129,99.61,74,99.65,21,99.67,129,99.68,149,99.74,39,99.75,27,99.83,11,99.86,84
2026-02-05 09:34:36,99.515,99.56,18,99.47,168,99.56,46,99.56,99.47,99.47,168,99.46,91,99.44,78,99.42,49,99.41,237,,,,,,,,,,,99.56,46,99.65,21,99.67,129,99.68,149,99.74,39,99.75,27,99.83,11,99.86,84,99.92,181,100.02,165
2026-02-05 09:34:37,99.54,99.52,78,99.52,52,99.56,46,99.56,99.52,99.52,52,99.51,23,99.47,168,99.46,91,99.44,78,99.42,49,99.41,237,,,,,,,99.56,46,99.65,21,99.67,129,99.68,149,99.7,74,99.74,39,99.75,27,99.83,11,99.86,84,99.92,181
2026-02-05 09:34:38,99.49,99.51,23,99.47,168,99.51,93,99.51,99.47,99.47,168,99.46,91,99.44,78,99.42,49,99.41,237,,,,,,,,,,,99.51,93,99.56,46,99.65,21,99.67,107,99.7,74,99.74,39,99.75,27,99.83,11,99.86,84,99.92,181
2026-02-05 09:34:38,99.485,99.51,23,99.47,168,99.5,12,99.5,99.47,99.47,168,99.46,91,99.44,78,99.42,49,99.41,237,,,,,,,,,,,99.5,12,99.51,226,99.56,46,99.65,21,99.67,107,99.7,74,99.74,39,99.75,27,99.83,11,99.86,84
2026-02-05 09:34:40,99.485,99.47,27,99.47,141,99.5,12,99.5,99.47,99.47,141,99.46,91,99.44,78,99.42,49,99.41,237,99.36,28,,,,,,,,,99.5,12,99.51,226,99.56,46,99.65,21,99.67,107,99.7,74,99.74,39,99.75,27,99.83,11,99.86,84
2026-02-05 09:34:41,99.485,99.47,27,99.47,141,99.5,12,99.5,99.47,99.47,141,99.44,78,99.42,49,99.41,237,99.36,28,,,,,,,,,,,99.5,12,99.51,226,99.56,46,99.65,21,99.67,107,99.7,74,99.74,39,99.75,27,99.83,11,99.86,84
2026-02-05 09:34:43,99.475,99.47,27,99.47,141,99.48,65,99.48,99.47,99.47,141,99.44,78,99.42,49,99.41,237,99.36,28,99.31,93,,,,,,,,,99.48,65,99.5,12,99.51,226,99.56,46,99.65,21,99.67,107,99.7,74,99.74,39,99.75,27,99.83,11
2026-02-05 09:34:43,99.475,99.47,106,99.47,35,99.48,65,99.48,99.47,99.47,35,99.44,78,99.42,49,99.41,237,99.36,28,99.31,93,,,,,,,,,99.48,65,99.5,12,99.51,226,99.52,124,99.56,46,99.65,21,99.67,107,99.7,74,99.74,39,99.75,27
2026-02-05 09:34:45,99.475,99.47,106,99.47,35,99.48,65,99.48,99.47,99.47,35,99.44,78,99.42,49,99.41,237,99.36,28,99.31,93,,,,,,,,,99.48,65,99.5,12,99.51,226,99.52,124,99.56,46,99.65,21,99.67,107,99.7,74,99.74,39,99.75,27
2026-02-05 09:34:45,99.475,99.47,106,99.47,35,99.48,65,99.48,99.47,99.47,35,99.44,78,99.42,49,99.41,237,99.36,28,99.31,93,,,,,,,,,99.48,65,99.5,12,99.51,226,99.52,124,99.56,46,99.65,21,99.67,107,99.7,74,99.74,39,99.75,27
2026-02-05 09:34:47,99.455,99.47,10,99.44,78,99.47,185,99.47,99.44,99.44,78,99.43,25,99.42,49,99.41,237,99.36,28,99.31,93,,,,,,,,,99.47,185,99.48,65,99.5,12,99.51,133,99.52,124,99.56,46,99.65,21,99.67,107,99.7,74,99.74,39
2026-02-05 09:34:48,99.415,99.42,49,99.41,355,99.42,44,99.42,99.41,99.41,355,99.4,78,99.36,109,99.31,93,,,,,,,,,,,,,99.42,44,99.47,185,99.48,65,99.5,12,99.51,133,99.52,124,99.55,114,99.56,46,99.65,21,99.67,107
2026-02-05 09:34:48,99.44,99.47,55,99.41,355,99.47,130,99.47,99.41,99.41,355,99.4,78,99.36,109,99.31,93,,,,,,,,,,,,,99.47,130,99.48,65,99.5,12,99.51,133,99.52,124,99.55,114,99.56,46,99.65,21,99.67,107,99.7,74
2026-02-05 09:34:49,99.44,99.41,47,99.41,308,99.47,130,99.47,99.41,99.41,308,99.4,78,99.39,84,99.36,109,99.31,93,,,,,,,,,,,99.47,130,99.48,65,99.5,12,99.51,133,99.52,124,99.55,114,99.56,46,99.61,12,99.65,21,99.66,37
2026-02-05 09:34:50,99.44,99.41,47,99.41,308,99.47,130,99.47,99.41,99.41,308,99.4,78,99.39,84,99.36,109,99.31,93,,,,,,,,,,,99.47,130,99.48,65,99.5,12,99.51,133,99.55,114,99.56,46,99.61,12,99.65,21,99.66,37,99.67,107
2026-02-05 09:34:52,99.44,99.41,47,99.41,378,99.47,130,99.47,99.41,99.41,378,99.4,78,99.39,84,99.36,109,99.31,93,,,,,,,,,,,99.47,130,99.48,65,99.5,12,99.51,133,99.52,81,99.55,245,99.61,12,99.65,21,99.66,37,99.67,107
2026-02-05 09:34:52,99.44,99.41,47,99.41,378,99.47,130,99.47,99.41,99.41,378,99.4,78,99.39,84,99.36,109,99.31,93,,,,,,,,,,,99.47,130,99.48,65,99.5,12,99.51,133,99.52,81,99.55,245,99.61,12,99.65,21,99.66,37,99.67,107
2026-02-05 09:34:52,99.44,99.41,47,99.41,378,99.47,130,99.47,99.41,99.41,378,99.4,78,99.39,84,99.36,109,99.31,93,,,,,,,,,,,99.47,130,99.48,65,99.5,12,99.51,133,99.52,81,99.55,245,99.61,12,99.65,21,99.66,37,99.67,107
2026-02-05 09:34:52,99.465,99.41,47,99.46,109,99.47,130,99.47,99.46,99.46,109,99.42,177,99.41,378,99.4,78,99.39,84,99.36,109,99.31,93,,,,,,,99.47,130,99.48,65,99.49,47,99.5,171,99.51,133,99.52,81,99.55,245,99.61,162,99.65,21,99.66,37
2026-02-05 09:34:52,99.465,99.41,47,99.46,109,99.47,130,99.47,99.46,99.46,109,99.42,177,99.41,378,99.4,78,99.39,84,99.36,109,99.32,148,99.31,93,,,,,99.47,130,99.48,65,99.49,47,99.5,171,99.51,133,99.52,81,99.55,245,99.61,162,99.65,21,99.66,37
2026-02-05 09:34:57,99.465,99.47,40,99.46,90,99.47,90,99.47,99.46,99.46,90,99.42,177,99.41,378,99.4,78,99.39,84,99.36,109,99.32,148,99.31,93,,,,,99.47,90,99.48,65,99.49,47,99.5,171,99.51,133,99.55,245,99.61,162,99.65,21,99.66,37,99.67,107
2026-02-05 09:34:58,99.465,99.47,40,99.46,90,99.47,90,99.47,99.46,99.46,90,99.42,177,99.41,378,99.4,78,99.39,84,99.36,109,99.34,47,99.32,148,99.31,93,,,99.47,90,99.48,65,99.49,47,99.5,171,99.51,133,99.55,245,99.61,12,99.65,154,99.66,37,99.67,107
2026-02-05 09:34:59,99.475,99.46,90,99.47,41,99.48,65,99.48,99.47,99.47,41,99.46,90,99.42,177,99.41,378,99.4,78,99.39,84,99.36,109,99.34,47,99.32,148,99.31,93,99.48,65,99.49,47,99.5,171,99.51,133,99.55,245,99.61,12,99.65,154,99.66,37,99.67,107,99.7,74
2026-02-05 09:34:59,99.455,99.42,30,99.43,16,99.48,65,99.48,99.43,99.43,16,99.42,147,99.41,378,99.4,78,99.39,84,99.36,109,99.34,47,99.32,148,99.31,93,,,99.48,65,99.49,47,99.5,171,99.51,133,99.55,245,99.61,12,99.65,154,99.66,37,99.67,107,99.7,74
2026-02-05 09:34:59,99.455,99.42,30,99.43,16,99.48,65,99.48,99.43,99.43,16,99.42,147,99.41,378,99.4,78,99.39,84,99.36,109,99.34,47,99.32,148,99.31,93,,,99.48,65,99.49,47,99.5,77,99.51,133,99.55,245,99.61,12,99.65,154,99.66,37,99.67,107,99.7,74
2026-02-05 09:34:59,99.455,99.42,30,99.43,16,99.48,65,99.48,99.43,99.43,16,99.42,147,99.41,212,99.4,78,99.39,84,99.36,109,99.34,47,99.32,148,99.31,93,,,99.48,65,99.49,47,99.5,220,99.51,133,99.55,245,99.61,12,99.65,154,99.66,37,99.67,107,99.7,74
2026-02-05 09:35:03,99.465,99.5,57,99.43,16,99.5,151,99.5,99.43,99.43,16,99.42,147,99.41,212,99.4,78,99.39,84,99.36,109,99.34,47,99.32,148,99.31,93,,,99.5,151,99.51,133,99.53,52,99.55,245,99.61,12,99.65,154,99.66,37,99.67,107,99.7,74,99.74,39
2026-02-05 09:35:04,99.465,99.5,46,99.43,16,99.5,97,99.5,99.43,99.43,16,99.42,147,99.41,212,99.4,78,99.39,84,99.36,109,99.34,47,99.32,148,99.31,93,,,99.5,97,99.51,133,99.53,52,99.55,245,99.61,12,99.65,154,99.66,37,99.67,107,99.7,74,99.74,39
2026-02-05 09:35:04,99.465,99.43,14,99.43,2,99.5,97,99.5,99.43,99.43,2,99.42,147,99.41,212,99.4,78,99.39,84,99.36,109,99.34,47,99.32,148,99.31,93,,,99.5,97,99.51,205,99.55,245,99.61,12,99.65,154,99.66,37,99.67,107,99.7,74,99.74,39,100.05,26
2026-02-05 09:35:06,99.46,99.42,16,99.42,131,99.5,97,99.5,99.42,99.42,131,99.41,212,99.4,78,99.39,84,99.36,109,99.34,47,99.32,148,99.31,93,,,,,99.5,97,99.51,205,99.55,131,99.61,12,99.65,154,99.66,37,99.67,107,99.7,74,99.74,39,100.05,26
2026-02-05 09:35:06,99.495,99.42,16,99.48,116,99.51,205,99.51,99.48,99.48,116,99.42,131,99.41,94,99.4,78,99.39,84,99.36,109,99.34,47,99.32,148,99.31,93,,,99.51,205,99.55,131,99.61,12,99.65,21,99.66,37,99.67,107,99.7,74,99.74,39,100.05,26,100.12,63
2026-02-05 09:35:08,99.495,99.48,93,99.48,23,99.51,109,99.51,99.48,99.48,23,99.47,153,99.42,131,99.41,94,99.4,78,99.39,84,99.36,109,99.34,47,99.32,220,99.31,93,99.51,109,99.55,131,99.61,12,99.65,21,99.66,37,99.67,107,99.7,74,99.74,39,100.05,26,100.12,63
2026-02-05 09:35:08,99.495,99.48,93,99.48,23,99.51,109,99.51,99.48,99.48,23,99.47,153,99.42,131,99.41,94,99.4,78,99.39,84,99.38,77,99.36,109,99.34,47,99.33,137,99.51,109,99.55,131,99.61,187,99.65,21,99.66,37,99.67,107,99.7,74,99.74,39,100.05,26,100.12,63
2026-02-05 09:35:09,99.49,99.47,106,99.47,47,99.51,109,99.51,99.47,99.47,47,99.42,131,99.41,94,99.4,78,99.39,84,99.38,77,99.36,109,99.34,47,99.33,137,99.32,220,99.51,109,99.55,131,99.61,187,99.65,21,99.66,37,99.67,107,99.7,74,99.74,39,100.05,26,100.12,63
2026-02-05 09:35:10,99.545,99.51,72,99.54,51,99.55,131,99.55,99.54,99.54,51,99.49,46,99.47,47,99.42,131,99.41,94,99.4,78,99.39,84,99.38,77,99.36,109,99.34,47,99.55,131,99.61,187,99.65,21,99.66,75,99.67,107,99.7,74,99.74,39,100.05,26,100.12,63,100.16,177
2026-02-05 09:35:12,99.545,99.51,72,99.54,51,99.55,131,99.55,99.54,99.54,51,99.49,46,99.47,47,99.42,131,99.41,94,99.4,78,99.39,84,99.38,77,99.36,109,99.34,47,99.55,131,99.61,187,99.65,21,99.66,150,99.67,107,99.7,74,99.74,39,100.05,26,100.12,63,100.16,177
2026-02-05 09:35:12,99.545,99.51,72,99.54,51,99.55,131,99.55,99.54,99.54,51,99.49,46,99.47,47,99.42,131,99.41,94,99.4,78,99.39,84,99.38,77,99.36,109,99.34,47,99.55,131,99.59,61,99.61,187,99.65,21,99.66,150,99.67,107,99.7,74,99.74,39,100.05,26,100.12,63
2026-02-05 09:35:13,99.565,99.59,59,99.54,51,99.59,2,99.59,99.54,99.54,51,99.5,52,99.49,46,99.47,47,99.42,131,99.41,94,99.4,78,99.39,84,99.38,77,99.36,109,99.59,2,99.61,187,99.65,21,99.66,113,99.67,100,99.7,74,99.74,39,100.05,26,100.12,63,100.16,177
2026-02-05 09:35:15,99.545,99.49,46,99.54,51,99.55,25,99.55,99.54,99.54,51,99.5,52,99.49,46,99.47,47,99.42,131,99.41,94,99.4,78,99.39,84,99.38,77,99.36,109,99.55,25,99.59,2,99.61,187,99.65,21,99.66,113,99.67,100,99.7,74,99.74,39,100.05,26,100.12,63
2026-02-05 09:35:15,99.485,99.42,23,99.42,108,99.55,25,99.55,99.42,99.42,108,99.41,94,99.4,78,99.39,84,99.38,161,99.36,109,99.34,47,99.33,137,99.32,220,99.31,93,99.55,25,99.59,2,99.61,187,99.65,21,99.66,113,99.67,100,99.7,74,99.74,39,100.05,26,100.12,63
2026-02-05 09:35:15,99.485,99.42,23,99.42,143,99.55,25,99.55,99.42,99.42,143,99.41,94,99.4,78,99.38,161,99.36,109,99.34,47,99.33,137,99.32,220,99.31,93,,,99.55,25,99.59,2,99.61,187,99.65,21,99.66,113,99.67,100,99.7,119,99.74,39,100.05,26,100.12,63
2026-02-05 09:35:18,99.485,99.42,23,99.42,143,99.55,25,99.55,99.42,99.42,143,99.41,201,99.4,181,99.38,77,99.36,109,99.34,47,99.33,216,99.32,220,99.31,93,,,99.55,25,99.59,2,99.61,187,99.65,21,99.66,113,99.67,100,99.7,119,99.74,39,100.05,26,100.12,63
2026-02-05 09:35:18,99.485,99.42,23,99.42,143,99.55,25,99.55,99.42,99.42,143,99.41,201,99.4,181,99.38,77,99.36,109,99.35,31,99.34,47,99.33,216,99.32,294,99.31,93,99.55,25,99.59,2,99.61,187,99.65,21,99.66,38,99.67,100,99.7,119,99.74,39,100.05,26,100.12,63
2026-02-05 09:35:19,99.485,99.42,70,99.42,73,99.55,25,99.55,99.42,99.42,73,99.41,201,99.4,181,99.38,77,99.36,109,99.35,31,99.33,216,99.32,176,99.31,93,,,99.55,25,99.59,2,99.61,187,99.62,91,99.65,21,99.66,38,99.67,100,99.7,119,99.74,39,100.05,26
2026-02-05 09:35:21,99.59,99.61,76,99.57,1,99.61,7,99.61,99.57,99.57,1,99.42,73,99.41,201,99.4,181,99.38,77,99.36,109,99.35,31,99.33,216,99.32,176,99.31,93,99.61,7,99.62,91,99.65,21,99.66,38,99.67,100,99.7,119,99.74,39,99.78,11,100.05,26,100.16,177
2026-02-05 09:35:22,99.615,99.61,7,99.61,90,99.62,195,99.62,99.61,99.61,90,99.57,1,99.42,73,99.41,201,99.4,181,99.38,77,99.36,109,99.35,31,99.33,216,99.32,176,99.62,195,99.65,21,99.66,38,99.67,100,99.7,119,99.74,39,99.78,11,100.05,26,100.16,177,,
2026-02-05 09:35:22,99.495,99.57,1,99.42,126,99.57,84,99.57,99.42,99.42,126,99.41,201,99.4,181,99.38,77,99.36,109,99.35,31,99.33,216,99.32,176,99.31,93,,,99.57,84,99.62,195,99.65,21,99.66,38,99.67,100,99.7,119,99.74,39,99.78,11,100.05,26,100.16,177
2026-02-05 09:35:22,99.5,99.57,1,99.43,34,99.57,84,99.57,99.43,99.43,34,99.42,91,99.41,201,99.4,181,99.38,77,99.36,109,99.35,31,99.33,216,99.32,176,99.31,93,99.57,84,99.62,195,99.65,21,99.66,38,99.67,100,99.7,119,99.74,39,99.78,11,100.05,26,100.16,177
2026-02-05 09:35:22,99.46,99.57,1,99.43,34,99.49,72,99.49,99.43,99.43,34,99.42,91,99.41,201,99.4,181,99.38,77,99.36,109,99.35,31,99.33,216,99.32,176,99.31,93,99.49,72,99.57,84,99.62,195,99.65,21,99.66,38,99.67,100,99.7,119,99.74,39,99.78,11,100.05,26
2026-02-05 09:35:26,99.46,99.57,1,99.43,34,99.49,72,99.49,99.43,99.43,34,99.42,91,99.41,201,99.4,181,99.38,77,99.36,109,99.35,31,99.33,216,99.32,176,,,99.49,72,99.56,39,99.57,84,99.62,195,99.65,21,99.66,38,99.67,100,99.7,119,99.74,39,99.78,11
2026-02-05 09:35:26,99.46,99.57,1,99.43,34,99.49,72,99.49,99.43,99.43,34,99.42,91,99.41,94,99.4,181,99.38,77,99.36,109,99.35,31,99.33,216,99.32,176,99.27,75,99.49,72,99.56,39,99.57,84,99.62,195,99.65,21,99.66,38,99.67,100,99.7,119,99.74,39,99.78,11
2026-02-05 09:35:28,99.485,99.43,26,99.48,42,99.49,72,99.49,99.48,99.48,42,99.43,8,99.42,91,99.41,94,99.4,181,99.39,123,99.38,77,99.36,109,99.35,31,99.33,216,99.49,72,99.56,39,99.57,87,99.62,195,99.65,21,99.66,38,99.67,100,99.7,119,99.74,39,99.78,11
2026-02-05 09:35:28,99.485,99.43,26,99.48,42,99.49,72,99.49,99.48,99.48,42,99.43,8,99.42,91,99.41,94,99.4,181,99.39,284,99.38,77,99.36,109,99.35,31,99.33,216,99.49,72,99.56,39,99.57,87,99.62,195,99.65,21,99.66,38,99.67,100,99.7,119,99.74,39,99.78,11
2026-02-05 09:35:30,99.485,99.48,42,99.48,42,99.49,72,99.49,99.48,99.48,42,99.42,91,99.41,94,99.4,181,99.39,284,99.38,77,99.36,109,99.35,31,99.33,216,99.32,176,99.49,72,99.56,39,99.57,87,99.62,195,99.65,21,99.66,38,99.67,100,99.7,119,99.74,39,99.78,11
2026-02-05 09:35:30,99.535,99.49,72,99.51,14,99.56,39,99.56,99.51,99.51,14,99.47,46,99.41,43,99.4,181,99.39,284,99.38,77,99.36,109,99.35,31,99.33,216,99.32,176,99.56,39,99.57,87,99.59,109,99.62,195,99.65,21,99.66,38,99.67,100,99.7,119,99.74,39,99.78,11
2026-02-05 09:35:30,99.535,99.49,72,99.51,14,99.56,39,99.56,99.51,99.51,14,99.47,46,99.41,43,99.4,181,99.39,284,99.38,77,99.36,109,99.35,31,99.33,216,99.32,176,99.56,39,99.57,87,99.59,109,99.62,195,99.65,21,99.66,38,99.67,100,99.7,119,99.74,39,99.78,11
2026-02-05 09:35:33,99.54,99.57,57,99.51,14,99.57,30,99.57,99.51,99.51,14,99.47,46,99.41,43,99.4,181,99.39,284,99.38,77,99.36,109,99.35,31,99.33,216,99.32,176,99.57,30,99.59,109,99.62,195,99.65,21,99.66,38,99.67,100,99.7,119,99.74,39,99.78,11,100.05,26
2026-02-05 09:35:33,99.545,99.57,57,99.52,56,99.57,30,99.57,99.52,99.52,56,99.51,14,99.47,46,99.41,43,99.4,181,99.39,284,99.38,77,99.36,109,99.35,31,99.33,216,99.57,30,99.59,109,99.62,195,99.65,21,99.66,38,99.67,100,99.7,119,99.74,39,99.78,11,100.05,26
2026-02-05 09:35:35,99.58,99.57,3,99.57,29,99.59,109,99.59,99.57,99.57,29,99.52,56,99.51,14,99.5,42,99.47,46,99.41,43,99.4,181,99.39,284,99.38,77,99.36,109,99.59,109,99.62,238,99.65,21,99.66,38,99.67,100,99.7,119,99.74,39,99.78,11,100.05,26,100.16,177
2026-02-05 09:35:35,99.58,99.59,40,99.57,29,99.59,69,99.59,99.57,99.57,29,99.52,56,99.51,14,99.5,42,99.47,46,99.41,43,99.4,181,99.39,284,99.38,77,99.36,109,99.59,69,99.62,238,99.65,21,99.66,38,99.67,100,99.7,119,99.74,39,99.78,11,100.05,26,100.16,177
2026-02-05 09:35:36,99.555,99.52,7,99.52,49,99.59,69,99.59,99.52,99.52,49,99.51,14,99.5,42,99.47,46,99.41,43,99.4,181,99.39,284,99.38,77,99.36,109,99.35,31,99.59,69,99.62,134,99.65,21,99.66,38,99.67,100,99.7,119,99.74,39,99.78,11,100.05,26,100.16,177
2026-02-05 09:35:37,99.475,99.5,42,99.47,46,99.48,69,99.48,99.47,99.47,46,99.44,22,99.42,112,99.41,43,99.4,181,99.39,284,99.38,77,99.36,109,99.35,31,99.33,216,99.48,69,99.59,69,99.62,134,99.65,21,99.66,38,99.67,100,99.7,119,99.74,39,99.78,11,100.05,26
2026-02-05 09:35:37,99.46,99.5,42,99.44,22,99.48,69,99.48,99.44,99.44,22,99.43,150,99.42,112,99.41,43,99.4,103,99.39,284,99.38,77,99.36,109,99.35,31,99.33,216,99.48,69,99.59,69,99.62,134,99.65,21,99.66,38,99.67,100,99.7,119,99.74,39,99.78,11,100.05,26
2026-02-05 09:35:37,99.46,99.5,42,99.44,22,99.48,69,99.48,99.44,99.44,22,99.43,150,99.42,112,99.41,43,99.4,103,99.39,284,99.38,77,99.36,109,99.35,31,99.33,216,99.48,69,99.59,134,99.62,134,99.65,21,99.66,38,99.67,100,99.68,138,99.7,119,99.74,39,99.78,11
2026-02-05 09:35:40,99.46,99.5,42,99.44,22,99.48,69,99.48,99.44,99.44,22,99.43,150,99.42,112,99.41,43,99.4,103,99.39,284,99.38,77,99.36,109,99.35,31,99.33,216,99.48,69,99.59,134,99.62,134,99.65,21,99.66,38,99.67,100,99.68,138,99.7,119,99.74,39,99.78,11
2026-02-05 09:35:41,99.46,99.5,42,99.44,22,99.48,69,99.48,99.44,99.44,22,99.43,150,99.42,112,99.41,43,99.4,103,99.39,284,99.38,77,99.36,109,99.35,31,99.33,216,99.48,69,99.59,134,99.62,134,99.65,21,99.66,38,99.67,100,99.68,138,99.7,119,99.74,39,99.78,11
2026-02-05 09:35:41,99.46,99.5,42,99.44,22,99.48,69,99.48,99.44,99.44,22,99.43,150,99.42,112,99.41,43,99.4,103,99.39,284,99.38,77,99.36,109,99.35,31,99.33,216,99.48,69,99.59,134,99.62,134,99.65,21,99.66,38,99.67,100,99.68,138,99.7,119,99.74,39,99.78,11
2026-02-05 09:35:41,99.46,99.5,42,99.44,22,99.48,69,99.48,99.44,99.44,22,99.43,150,99.42,112,99.41,43,99.4,166,99.39,284,99.38,101,99.36,109,99.35,31,99.33,216,99.48,69,99.59,134,99.62,134,99.65,21,99.66,38,99.67,100,99.68,138,99.7,119,99.74,39,99.78,11
2026-02-05 09:35:44,99.46,99.5,42,99.44,22,99.48,69,99.48,99.44,99.44,22,99.43,150,99.42,112,99.41,43,99.4,166,99.39,284,99.38,101,99.36,109,99.35,31,99.33,216,99.48,69,99.59,134,99.62,134,99.65,21,99.66,38,99.67,100,99.68,138,99.7,119,99.74,39,99.78,11
2026-02-05 09:35:46,99.46,99.5,42,99.44,22,99.48,69,99.48,99.44,99.44,22,99.43,150,99.42,112,99.41,43,99.4,166,99.39,284,99.38,101,99.36,109,99.35,31,99.33,216,99.48,69,99.59,134,99.62,134,99.65,21,99.66,38,99.67,100,99.68,138,99.7,119,99.74,39,99.78,11
2026-02-05 09:35:46,99.46,99.5,42,99.44,22,99.48,69,99.48,99.44,99.44,22,99.43,150,99.42,112,99.41,43,99.4,166,99.39,284,99.38,77,99.36,109,99.35,31,99.33,216,99.48,69,99.5,69,99.59,134,99.62,134,99.65,21,99.66,38,99.67,100,99.68,138,99.7,119,99.74,39
2026-02-05 09:35:48,99.455,99.43,81,99.43,69,99.48,69,99.48,99.43,99.43,69,99.42,112,99.41,43,99.4,166,99.39,284,99.38,77,99.36,109,99.35,31,99.33,216,99.32,176,99.48,69,99.5,69,99.59,134,99.62,134,99.65,21,99.66,38,99.67,100,99.68,138,99.7,119,99.74,39
2026-02-05 09:35:49,99.45,99.42,104,99.42,8,99.48,69,99.48,99.42,99.42,8,99.41,43,99.4,166,99.39,284,99.38,77,99.36,109,99.35,31,99.33,216,99.32,176,99.29,201,99.48,69,99.5,69,99.59,134,99.62,134,99.65,21,99.66,38,99.67,100,99.68,138,99.7,119,99.74,39
2026-02-05 09:35:50,99.44,99.41,43,99.4,166,99.48,69,99.48,99.4,99.4,166,99.39,284,99.38,77,99.36,109,99.35,31,99.33,216,99.32,176,99.29,201,99.27,75,,,99.48,69,99.5,69,99.59,134,99.62,134,99.65,21,99.66,38,99.67,100,99.68,138,99.7,119,99.74,39
2026-02-05 09:35:50,99.47,99.41,43,99.46,13,99.48,69,99.48,99.46,99.46,13,99.4,166,99.39,284,99.38,77,99.36,109,99.35,31,99.33,216,99.32,176,99.29,201,99.27,75,99.48,69,99.5,69,99.59,134,99.62,134,99.65,21,99.66,38,99.67,100,99.68,138,99.7,119,99.74,39
2026-02-05 09:35:50,99.47,99.41,43,99.46,13,99.48,69,99.48,99.46,99.46,13,99.4,166,99.39,284,99.38,77,99.36,81,99.35,31,99.33,216,99.32,176,99.29,201,99.27,75,99.48,69,99.5,69,99.59,134,99.62,134,99.65,21,99.66,38,99.67,100,99.68,138,99.7,119,99.74,39
2026-02-05 09:35:53,99.47,99.41,43,99.46,13,99.48,69,99.48,99.46,99.46,13,99.4,166,99.39,284,99.38,77,99.36,81,99.35,31,99.33,216,99.32,176,99.29,201,99.27,75,99.48,69,99.49,119,99.5,69,99.59,134,99.62,134,99.65,21,99.66,38,99.67,100,99.68,138,99.7,119
2026-02-05 09:35:54,99.41,99.46,13,99.4,166,99.42,61,99.42,99.4,99.4,166,99.39,284,99.38,77,99.36,81,99.35,31,99.33,216,99.32,176,99.29,201,99.27,135,,,99.42,61,99.48,69,99.49,119,99.5,69,99.51,67,99.59,134,99.62,134,99.65,21,99.66,38,99.67,100
2026-02-05 09:35:55,99.405,99.39,2,99.39,324,99.42,61,99.42,99.39,99.39,324,99.38,77,99.36,81,99.35,31,99.33,216,99.32,176,99.29,201,99.27,135,,,,,99.42,61,99.48,69,99.49,119,99.5,69,99.51,67,99.59,134,99.62,134,99.66,38,99.67,100,99.68,138
2026-02-05 09:35:56,99.405,99.39,15,99.39,188,99.42,61,99.42,99.39,99.39,188,99.38,77,99.36,81,99.35,31,99.33,216,99.32,176,99.29,201,99.27,135,,,,,99.42,61,99.48,69,99.49,119,99.5,69,99.51,67,99.59,134,99.62,134,99.66,38,99.67,100,99.68,138
2026-02-05 09:35:56,99.405,99.39,15,99.39,188,99.42,61,99.42,99.39,99.39,188,99.38,77,99.36,81,99.35,31,99.33,216,99.32,176,99.3,11,99.29,201,99.27,135,,,99.42,61,99.46,81,99.48,69,99.49,119,99.5,69,99.51,67,99.59,134,99.62,134,99.66,38,99.67,100
2026-02-05 09:35:56,99.405,99.39,15,99.39,188,99.42,61,99.42,99.39,99.39,188,99.38,77,99.36,81,99.35,31,99.33,216,99.32,176,99.3,11,99.29,201,99.27,75,,,99.42,61,99.48,69,99.49,119,99.5,69,99.51,67,99.59,134,99.62,134,99.66,38,99.67,100,99.68,138
2026-02-05 09:35:59,99.475,99.42,61,99.47,84,99.48,69,99.48,99.47,99.47,84,99.39,63,99.38,77,99.36,81,99.35,31,99.33,216,99.32,176,99.3,11,99.29,351,99.27,75,99.48,69,99.49,119,99.5,69,99.51,67,99.59,134,99.62,134,99.66,38,99.67,100,99.68,138,99.7,119
2026-02-05 09:36:00,99.475,99.42,61,99.47,84,99.48,69,99.48,99.47,99.47,84,99.4,106,99.39,63,99.38,111,99.36,81,99.35,31,99.33,216,99.32,176,99.3,11,99.29,201,99.48,69,99.49,119,99.5,69,99.51,67,99.59,134,99.62,134,99.66,38,99.67,100,99.68,138,99.7,119
2026-02-05 09:36:00,99.475,99.47,40,99.47,44,99.48,69,99.48,99.47,99.47,44,99.4,106,99.39,172,99.38,111,99.36,139,99.35,31,99.33,216,99.32,176,99.3,11,99.29,201,99.48,69,99.49,119,99.5,69,99.51,67,99.59,134,99.62,134,99.66,38,99.67,100,99.68,138,99.7,119
2026-02-05 09:36:00,99.475,99.47,40,99.47,44,99.48,69,99.48,99.47,99.47,44,99.4,106,99.39,172,99.38,111,99.36,139,99.35,31,99.33,216,99.32,176,99.3,11,99.29,201,99.48,69,99.49,119,99.5,69,99.51,67,99.59,134,99.62,134,99.66,38,99.67,100,99.68,138,99.7,119
2026-02-05 09:36:03,99.475,99.47,40,99.47,44,99.48,69,99.48,99.47,99.47,44,99.4,106,99.39,172,99.38,111,99.36,139,99.35,31,99.33,216,99.32,176,99.3,11,99.29,201,99.48,69,99.49,119,99.5,69,99.51,67,99.57,155,99.59,134,99.62,134,99.66,38,99.67,100,99.68,138
2026-02-05 09:36:03,99.475,99.47,40,99.47,44,99.48,69,99.48,99.47,99.47,44,99.4,106,99.39,172,99.38,111,99.36,139,99.35,31,99.33,216,99.32,176,99.3,11,99.29,201,99.48,69,99.49,119,99.5,69,99.51,67,99.57,155,99.59,134,99.62,134,99.66,38,99.67,100,99.68,138
2026-02-05 09:36:03,99.475,99.47,40,99.47,44,99.48,69,99.48,99.47,99.47,44,99.42,116,99.4,106,99.39,172,99.38,111,99.36,212,99.33,216,99.32,176,99.3,11,99.29,201,99.48,69,99.49,119,99.5,69,99.51,67,99.57,155,99.59,134,99.62,134,99.66,38,99.67,100,99.68,138
2026-02-05 09:36:06,99.45,99.48,56,99.42,116,99.48,13,99.48,99.42,99.42,116,99.4,106,99.39,172,99.38,111,99.36,212,99.33,216,99.32,176,99.3,11,99.29,201,99.27,75,99.48,13,99.49,119,99.5,69,99.51,122,99.57,155,99.59,134,99.62,134,99.66,38,99.67,100,99.68,138
2026-02-05 09:36:06,99.45,99.48,56,99.42,116,99.48,13,99.48,99.42,99.42,116,99.4,106,99.39,172,99.38,111,99.36,212,99.33,216,99.32,263,99.3,11,99.29,201,99.27,75,99.48,13,99.49,119,99.5,69,99.51,122,99.57,155,99.59,134,99.62,134,99.66,38,99.67,100,99.68,138
2026-02-05 09:36:06,99.45,99.48,56,99.42,116,99.48,13,99.48,99.42,99.42,116,99.4,106,99.39,172,99.38,111,99.36,212,99.33,216,99.32,263,99.3,11,99.29,201,99.27,75,99.48,13,99.5,69,99.51,122,99.57,155,99.59,134,99.62,134,99.64,48,99.66,38,99.67,100,99.68,138
2026-02-05 09:36:09,99.44,99.4,34,99.4,72,99.48,13,99.48,99.4,99.4,72,99.39,172,99.38,111,99.36,212,99.33,216,99.32,263,99.3,11,99.29,201,99.27,75,,,99.48,13,99.5,69,99.51,122,99.57,155,99.59,134,99.62,134,99.64,48,99.66,38,99.67,100,99.68,138
2026-02-05 09:36:10,99.44,99.4,34,99.4,72,99.48,13,99.48,99.4,99.4,72,99.39,172,99.38,111,99.36,212,99.33,216,99.32,263,99.3,11,99.29,201,99.27,75,99.25,6,99.48,13,99.5,69,99.51,122,99.59,134,99.62,134,99.64,48,99.66,38,99.67,100,99.68,138,99.7,119
2026-02-05 09:36:10,99.44,99.4,34,99.4,72,99.48,13,99.48,99.4,99.4,72,99.39,172,99.38,111,99.36,212,99.33,216,99.32,263,99.31,61,99.3,11,99.29,201,99.27,75,99.48,13,99.5,69,99.51,122,99.55,138,99.59,134,99.62,134,99.64,48,99.66,38,99.67,100,99.68,138
2026-02-05 09:36:10,99.46,99.4,34,99.44,64,99.48,13,99.48,99.44,99.44,64,99.4,72,99.39,172,99.38,111,99.36,212,99.33,216,99.32,263,99.31,61,99.3,11,99.29,201,99.48,13,99.5,69,99.51,122,99.55,138,99.59,134,99.62,134,99.64,48,99.66,38,99.67,100,99.68,138
2026-02-05 09:36:13,99.46,99.44,33,99.44,31,99.48,13,99.48,99.44,99.44,31,99.4,72,99.39,172,99.38,111,99.36,212,99.33,216,99.32,263,99.31,61,99.3,11,99.29,201,99.48,13,99.5,69,99.51,122,99.55,138,99.59,134,99.62,134,99.64,48,99.66,38,99.67,100,99.68,138
2026-02-05 09:36:13,99.46,99.44,33,99.44,133,99.48,13,99.48,99.44,99.44,133,99.4,72,99.39,172,99.38,111,99.36,212,99.33,216,99.32,263,99.31,61,99.3,11,99.29,201,99.48,13,99.5,69,99.51,122,99.55,138,99.59,134,99.62,134,99.64,48,99.66,38,99.67,100,99.68,138
2026-02-05 09:36:13,99.46,99.44,33,99.44,133,99.48,13,99.48,99.44,99.44,133,99.4,72,99.39,172,99.38,111,99.36,212,99.34,27,99.33,216,99.32,263,99.31,61,99.3,11,99.48,13,99.5,69,99.51,122,99.55,138,99.59,134,99.62,134,99.64,48,99.66,38,99.67,100,99.68,138
2026-02-05 09:36:13,99.46,99.44,33,99.44,133,99.48,13,99.48,99.44,99.44,133,99.4,72,99.39,172,99.38,111,99.36,212,99.34,27,99.33,216,99.32,263,99.31,61,99.3,11,99.48,13,99.5,69,99.51,122,99.55,138,99.59,134,99.62,134,99.64,48,99.66,38,99.67,100,99.68,138
2026-02-05 09:36:17,99.46,99.44,33,99.44,133,99.48,13,99.48,99.44,99.44,133,99.4,72,99.39,172,99.38,111,99.36,212,99.34,27,99.33,216,99.32,263,99.31,61,99.3,11,99.48,13,99.5,69,99.51,122,99.55,138,99.59,134,99.61,12,99.62,134,99.64,48,99.66,38,99.67,100
2026-02-05 09:36:18,99.46,99.44,33,99.44,133,99.48,13,99.48,99.44,99.44,133,99.4,72,99.39,172,99.38,111,99.36,139,99.34,27,99.33,216,99.32,263,99.31,61,99.3,11,99.48,13,99.5,69,99.51,122,99.55,138,99.59,134,99.61,12,99.62,134,99.64,48,99.66,38,99.67,100
2026-02-05 09:36:19,99.475,99.51,13,99.44,133,99.51,109,99.51,99.44,99.44,133,99.4,72,99.39,172,99.38,111,99.36,139,99.34,27,99.33,216,99.32,263,99.31,61,99.3,11,99.51,109,99.55,138,99.59,134,99.61,12,99.62,134,99.64,48,99.66,38,99.67,100,99.68,138,99.7,119
2026-02-05 09:36:19,99.475,99.51,13,99.44,133,99.51,109,99.51,99.44,99.44,133,99.4,72,99.39,172,99.38,111,99.36,139,99.34,27,99.33,216,99.32,263,99.31,61,99.3,11,99.51,109,99.55,138,99.59,134,99.61,12,99.62,134,99.64,48,99.66,38,99.67,100,99.7,119,99.78,11
2026-02-05 09:36:21,99.505,99.51,20,99.5,98,99.51,35,99.51,99.5,99.5,98,99.44,133,99.4,72,99.39,172,99.38,111,99.36,139,99.34,27,99.33,216,99.32,263,99.31,61,99.51,35,99.55,138,99.57,29,99.59,134,99.61,12,99.62,134,99.64,48,99.66,38,99.67,100,99.7,119
2026-02-05 09:36:21,99.505,99.51,20,99.5,98,99.51,35,99.51,99.5,99.5,98,99.44,133,99.4,72,99.39,151,99.38,111,99.36,139,99.34,27,99.33,216,99.32,263,99.31,61,99.51,35,99.55,138,99.57,29,99.59,134,99.61,12,99.62,134,99.64,48,99.66,38,99.67,100,99.7,119
2026-02-05 09:36:23,99.455,99.5,98,99.44,133,99.47,26,99.47,99.44,99.44,133,99.4,72,99.39,151,99.38,111,99.36,139,99.34,27,99.33,216,99.32,263,99.31,61,99.3,11,99.47,26,99.51,35,99.55,138,99.57,29,99.59,134,99.61,12,99.62,134,99.64,48,99.66,38,99.67,100
2026-02-05 09:36:24,99.455,99.5,98,99.44,133,99.47,26,99.47,99.44,99.44,133,99.4,72,99.39,151,99.38,111,99.36,139,99.34,27,99.33,216,99.32,383,99.31,61,99.3,11,99.47,26,99.51,35,99.52,64,99.55,138,99.57,29,99.59,134,99.61,12,99.62,134,99.64,48,99.66,38
2026-02-05 09:36:25,99.475,99.51,11,99.44,133,99.51,24,99.51,99.44,99.44,133,99.4,72,99.39,151,99.38,111,99.36,139,99.34,27,99.33,216,99.32,383,99.31,61,99.3,11,99.51,24,99.52,64,99.55,138,99.57,29,99.59,134,99.61,12,99.62,134,99.64,48,99.66,38,99.67,100
2026-02-05 09:36:26,99.475,99.51,21,99.44,133,99.51,18,99.51,99.44,99.44,133,99.42,128,99.4,72,99.39,151,99.38,111,99.37,41,99.36,139,99.34,27,99.33,216,99.32,429,99.51,18,99.52,64,99.55,138,99.57,29,99.59,134,99.61,12,99.62,134,99.66,38,99.67,100,99.7,74
2026-02-05 09:36:27,99.48,99.52,51,99.44,133,99.52,92,99.52,99.44,99.44,133,99.42,128,99.4,72,99.39,151,99.38,111,99.37,41,99.36,139,99.34,27,99.33,216,99.32,429,99.52,92,99.55,138,99.57,29,99.59,134,99.61,12,99.62,134,99.66,38,99.67,100,99.7,74,99.78,11
2026-02-05 09:36:27,99.46,99.52,51,99.44,133,99.48,146,99.48,99.44,99.44,133,99.42,128,99.4,72,99.39,151,99.38,111,99.37,41,99.36,139,99.34,27,99.33,216,99.32,429,99.48,146,99.52,92,99.55,138,99.57,29,99.59,134,99.61,12,99.62,134,99.66,38,99.67,100,99.7,74
2026-02-05 09:36:29,99.46,99.44,102,99.44,133,99.48,146,99.48,99.44,99.44,133,99.42,128,99.41,90,99.4,72,99.39,151,99.38,111,99.37,41,99.36,139,99.34,27,99.33,216,99.48,146,99.52,92,99.55,138,99.57,29,99.59,134,99.61,12,99.62,134,99.66,38,99.67,100,99.7,74
2026-02-05 09:36:29,99.45,99.42,33,99.42,95,99.48,146,99.48,99.42,99.42,95,99.41,90,99.4,72,99.39,151,99.38,111,99.37,41,99.36,139,99.34,27,99.33,216,99.32,342,99.48,146,99.52,92,99.55,138,99.57,29,99.59,134,99.61,12,99.62,134,99.66,38,99.67,100,99.7,74
2026-02-05 09:36:29,99.435,99.42,33,99.42,95,99.45,65,99.45,99.42,99.42,95,99.41,90,99.4,72,99.39,151,99.38,111,99.37,41,99.36,139,99.34,27,99.33,362,99.32,342,99.45,65,99.48,146,99.52,92,99.55,138,99.57,29,99.59,134,99.61,12,99.62,134,99.66,38,99.67,100
2026-02-05 09:36:32,99.435,99.45,21,99.42,95,99.45,44,99.45,99.42,99.42,95,99.41,90,99.4,72,99.39,151,99.38,111,99.37,41,99.36,139,99.34,27,99.33,362,99.32,342,99.45,44,99.48,146,99.52,92,99.55,138,99.57,29,99.59,134,99.61,12,99.62,134,99.66,38,99.67,100
2026-02-05 09:36:32,99.435,99.45,21,99.42,95,99.45,44,99.45,99.42,99.42,95,99.41,90,99.4,72,99.39,151,99.38,34,99.37,41,99.36,139,99.34,27,99.33,362,99.32,222,99.45,44,99.48,146,99.52,92,99.55,138,99.57,29,99.59,134,99.61,12,99.62,134,99.66,38,99.67,100
2026-02-05 09:36:32,99.435,99.45,21,99.42,95,99.45,44,99.45,99.42,99.42,95,99.41,90,99.4,72,99.39,151,99.38,34,99.37,41,99.36,139,99.34,27,99.33,455,99.32,322,99.45,44,99.48,146,99.52,92,99.55,138,99.57,29,99.59,134,99.61,12,99.62,134,99.66,38,99.67,100
2026-02-05 09:36:35,99.435,99.45,21,99.42,95,99.45,44,99.45,99.42,99.42,95,99.41,126,99.4,72,99.39,151,99.38,34,99.37,41,99.36,139,99.34,27,99.33,455,99.32,322,99.45,44,99.48,198,99.52,92,99.55,138,99.57,29,99.59,134,99.61,30,99.62,134,99.66,38,99.67,100
2026-02-05 09:36:35,99.44,99.45,21,99.43,90,99.45,44,99.45,99.43,99.43,90,99.42,95,99.41,126,99.4,72,99.39,151,99.38,34,99.37,41,99.36,139,99.34,27,99.33,455,99.45,44,99.48,198,99.52,92,99.55,138,99.57,29,99.59,134,99.61,30,99.62,134,99.66,38,99.67,100
2026-02-05 09:36:37,99.43,99.41,22,99.41,104,99.45,44,99.45,99.41,99.41,104,99.4,72,99.39,151,99.38,34,99.37,41,99.36,139,99.34,27,99.33,455,99.32,322,99.31,61,99.45,44,99.48,198,99.52,92,99.54,40,99.55,138,99.57,29,99.59,134,99.61,30,99.62,134,99.66,38
2026-02-05 09:36:38,99.43,99.41,22,99.41,104,99.45,44,99.45,99.41,99.41,104,99.4,72,99.39,189,99.38,34,99.37,41,99.36,139,99.34,27,99.33,455,99.32,322,99.31,61,99.45,44,99.47,70,99.48,198,99.49,94,99.52,92,99.54,40,99.55,138,99.57,29,99.59,134,99.61,30
2026-02-05 09:36:39,99.43,99.41,52,99.41,52,99.45,44,99.45,99.41,99.41,52,99.4,72,99.39,189,99.38,34,99.37,41,99.36,139,99.34,27,99.33,455,99.32,322,99.31,61,99.45,44,99.47,70,99.48,198,99.49,94,99.52,92,99.54,40,99.55,138,99.57,29,99.59,134,99.61,30
2026-02-05 09:36:40,99.43,99.41,52,99.41,52,99.45,44,99.45,99.41,99.41,52,99.4,72,99.39,189,99.38,34,99.37,41,99.36,139,99.34,27,99.33,455,99.32,322,99.31,61,99.45,44,99.47,70,99.48,198,99.49,94,99.51,17,99.52,92,99.54,40,99.55,138,99.57,29,99.59,134
2026-02-05 09:36:40,99.43,99.41,52,99.41,52,99.45,44,99.45,99.41,99.41,52,99.4,72,99.39,151,99.38,34,99.37,41,99.36,139,99.34,27,99.33,455,99.32,322,99.3,11,99.45,44,99.47,70,99.48,198,99.49,94,99.51,17,99.52,92,99.54,40,99.55,138,99.57,29,99.59,134
2026-02-05 09:36:42,99.43,99.41,52,99.41,52,99.45,44,99.45,99.41,99.41,52,99.4,72,99.39,151,99.38,34,99.37,41,99.36,139,99.34,27,99.33,455,99.32,388,99.3,11,99.45,44,99.47,70,99.48,198,99.49,94,99.51,17,99.52,92,99.54,40,99.55,138,99.57,29,99.59,134
2026-02-05 09:36:43,99.445,99.48,33,99.41,52,99.48,165,99.48,99.41,99.41,52,99.4,72,99.39,151,99.38,34,99.37,41,99.36,139,99.34,27,99.33,455,99.32,388,99.3,11,99.48,165,99.49,94,99.51,17,99.52,92,99.54,40,99.55,138,99.57,29,99.58,69,99.59,134,99.6,39
2026-02-05 09:36:44,99.445,99.48,33,99.41,52,99.48,165,99.48,99.41,99.41,52,99.4,72,99.39,151,99.38,34,99.37,41,99.36,139,99.34,27,99.33,455,99.32,388,99.3,11,99.48,165,99.49,94,99.51,17,99.52,92,99.54,40,99.55,138,99.57,29,99.58,69,99.59,134,99.6,39
2026-02-05 09:36:44,99.445,99.48,33,99.41,52,99.48,165,99.48,99.41,99.41,52,99.4,72,99.39,151,99.38,34,99.37,41,99.36,139,99.34,27,99.33,455,99.32,388,99.3,11,99.48,165,99.49,94,99.51,17,99.52,92,99.54,40,99.55,138,99.57,29,99.58,69,99.59,134,99.6,39
2026-02-05 09:36:46,99.435,99.48,33,99.41,52,99.46,63,99.46,99.41,99.41,52,99.4,72,99.39,151,99.38,34,99.37,41,99.36,139,99.34,27,99.33,455,99.32,388,99.3,11,99.46,63,99.48,165,99.49,94,99.51,17,99.52,92,99.54,40,99.55,138,99.57,29,99.58,69,99.59,134
2026-02-05 09:36:46,99.42,99.48,33,99.41,52,99.43,130,99.43,99.41,99.41,52,99.4,72,99.39,151,99.38,34,99.37,41,99.36,139,99.34,27,99.33,455,99.32,388,99.3,11,99.43,130,99.46,63,99.48,165,99.49,94,99.51,17,99.52,92,99.54,40,99.55,138,99.57,29,99.58,69
2026-02-05 09:36:48,99.42,99.48,33,99.41,52,99.43,130,99.43,99.41,99.41,52,99.4,72,99.39,151,99.38,34,99.37,41,99.36,139,99.35,137,99.34,27,99.33,455,99.32,388,99.43,130,99.46,63,99.48,165,99.49,94,99.51,17,99.52,92,99.54,40,99.55,138,99.57,29,99.58,69
2026-02-05 09:36:48,99.415,99.4,7,99.4,65,99.43,130,99.43,99.4,99.4,65,99.39,151,99.38,34,99.37,41,99.36,139,99.35,137,99.34,77,99.33,455,99.32,388,99.3,11,99.43,130,99.46,63,99.48,165,99.49,94,99.51,17,99.52,92,99.54,40,99.55,138,99.57,29,99.58,69
2026-02-05 09:36:50,99.415,99.4,7,99.4,65,99.43,130,99.43,99.4,99.4,65,99.39,151,99.37,41,99.36,139,99.35,137,99.34,77,99.33,455,99.32,388,99.3,11,99.29,201,99.43,130,99.46,63,99.48,165,99.49,94,99.51,17,99.52,92,99.54,40,99.55,138,99.57,29,99.58,69
2026-02-05 09:36:51,99.41,99.39,52,99.39,57,99.43,85,99.43,99.39,99.39,57,99.37,41,99.36,139,99.35,137,99.34,77,99.33,455,99.32,388,99.3,11,99.29,201,99.27,75,99.43,85,99.46,215,99.48,165,99.49,94,99.51,17,99.52,92,99.54,40,99.55,138,99.57,29,99.58,69
2026-02-05 09:36:52,99.41,99.39,33,99.39,136,99.43,85,99.43,99.39,99.39,136,99.37,41,99.36,244,99.35,137,99.34,77,99.33,455,99.32,388,99.3,11,99.29,298,99.27,134,99.43,85,99.46,63,99.48,165,99.49,94,99.52,92,99.54,90,99.55,138,99.58,69,99.59,134,99.6,39
2026-02-05 09:36:53,99.425,99.48,2,99.39,128,99.46,17,99.46,99.39,99.39,128,99.37,41,99.36,244,99.35,137,99.34,77,99.33,455,99.32,388,99.3,11,99.29,298,99.27,134,99.46,17,99.48,165,99.49,94,99.52,92,99.54,90,99.55,138,99.58,69,99.59,134,99.6,39,99.61,30
2026-02-05 09:36:54,99.435,99.48,2,99.39,128,99.48,163,99.48,99.39,99.39,128,99.37,41,99.36,244,99.35,137,99.34,77,99.33,455,99.32,388,99.3,11,99.29,298,99.27,134,99.48,163,99.49,94,99.52,92,99.54,90,99.55,138,99.58,69,99.59,134,99.6,39,99.61,30,99.62,134
2026-02-05 09:36:54,99.435,99.48,2,99.39,128,99.48,163,99.48,99.39,99.39,128,99.37,41,99.36,269,99.35,137,99.34,77,99.33,455,99.32,342,99.3,11,99.29,298,99.27,134,99.48,163,99.49,94,99.52,92,99.54,90,99.55,138,99.58,69,99.59,134,99.6,39,99.61,30,99.62,134
2026-02-05 09:36:54,99.435,99.48,2,99.39,128,99.48,163,99.48,99.39,99.39,128,99.38,25,99.36,269,99.35,137,99.34,77,99.33,455,99.32,342,99.3,11,99.29,298,99.27,134,99.48,163,99.49,94,99.52,92,99.54,90,99.55,138,99.58,69,99.59,234,99.6,39,99.61,30,99.62,134
2026-02-05 09:36:57,99.46,99.48,2,99.44,111,99.48,163,99.48,99.44,99.44,111,99.39,128,99.38,25,99.36,269,99.35,137,99.34,77,99.33,455,99.32,342,99.3,11,99.29,298,99.48,163,99.49,94,99.52,92,99.54,90,99.55,138,99.57,22,99.58,69,99.59,234,99.6,39,99.61,30
2026-02-05 09:36:58,99.46,99.48,2,99.44,111,99.48,163,99.48,99.44,99.44,111,99.41,87,99.39,128,99.38,25,99.36,269,99.35,137,99.34,77,99.33,455,99.32,268,99.3,11,99.48,163,99.49,94,99.52,92,99.54,90,99.55,138,99.57,22,99.58,69,99.59,234,99.6,39,99.61,30
2026-02-05 09:36:58,99.47,99.48,110,99.46,73,99.48,53,99.48,99.46,99.46,73,99.44,111,99.41,87,99.39,128,99.38,25,99.36,269,99.35,137,99.34,77,99.33,455,99.32,268,99.48,53,99.49,94,99.52,92,99.54,90,99.55,138,99.57,22,99.58,69,99.59,165,99.6,39,99.61,30
2026-02-05 09:37:00,99.475,99.46,67,99.46,6,99.49,86,99.49,99.46,99.46,6,99.44,111,99.41,87,99.39,128,99.38,25,99.36,269,99.35,137,99.34,77,99.33,455,99.32,268,99.49,86,99.52,92,99.54,90,99.55,138,99.57,22,99.58,69,99.59,165,99.6,39,99.61,30,99.62,134
2026-02-05 09:37:01,99.475,99.46,67,99.46,6,99.49,86,99.49,99.46,99.46,6,99.44,111,99.41,87,99.39,128,99.38,25,99.36,269,99.35,137,99.34,77,99.33,455,99.32,268,99.49,86,99.52,92,99.54,90,99.55,138,99.57,22,99.58,69,99.59,165,99.6,39,99.61,30,99.62,134
2026-02-05 09:37:01,99.475,99.46,67,99.46,6,99.49,86,99.49,99.46,99.46,6,99.44,111,99.41,87,99.39,128,99.38,25,99.36,269,99.35,137,99.34,77,99.33,455,99.32,268,99.49,86,99.52,92,99.54,90,99.55,138,99.57,22,99.58,69,99.59,165,99.6,39,99.61,30,99.62,134
2026-02-05 09:37:01,99.475,99.46,67,99.46,6,99.49,86,99.49,99.46,99.46,6,99.44,111,99.41,87,99.39,128,99.38,25,99.36,269,99.35,137,99.34,77,99.33,455,99.32,268,99.49,86,99.52,92,99.54,90,99.55,138,99.57,22,99.58,69,99.59,165,99.6,39,99.61,30,99.62,134
2026-02-05 09:37:04,99.475,99.46,67,99.46,97,99.49,86,99.49,99.46,99.46,97,99.44,111,99.41,87,99.39,128,99.38,25,99.36,269,99.35,137,99.34,77,99.33,455,99.32,268,99.49,86,99.52,92,99.54,90,99.55,138,99.57,22,99.58,69,99.59,165,99.6,39,99.61,30,99.62,134
2026-02-05 09:37:05,99.475,99.46,67,99.46,97,99.49,86,99.49,99.46,99.46,97,99.44,111,99.41,87,99.39,128,99.38,25,99.36,269,99.35,137,99.34,77,99.33,455,99.32,168,99.49,86,99.52,92,99.54,90,99.55,138,99.57,22,99.58,69,99.59,165,99.6,39,99.61,30,99.62,134
2026-02-05 09:37:06,99.475,99.52,33,99.46,97,99.49,66,99.49,99.46,99.46,97,99.44,111,99.41,87,99.39,128,99.38,25,99.36,269,99.35,137,99.34,77,99.33,455,99.32,168,99.49,66,99.52,46,99.54,90,99.55,138,99.57,22,99.58,249,99.59,165,99.6,39,99.61,30,99.62,134
2026-02-05 09:37:06,99.475,99.52,33,99.46,97,99.49,66,99.49,99.46,99.46,97,99.44,111,99.41,87,99.39,128,99.38,25,99.36,269,99.35,137,99.34,77,99.33,455,99.32,168,99.49,66,99.52,46,99.54,90,99.55,138,99.58,249,99.59,165,99.6,39,99.61,30,99.62,134,99.63,19
2026-02-05 09:37:06,99.485,99.52,33,99.48,176,99.49,66,99.49,99.48,99.48,176,99.46,97,99.44,111,99.41,87,99.39,128,99.38,25,99.36,269,99.35,137,99.34,50,99.33,455,99.49,66,99.52,46,99.54,90,99.55,138,99.58,249,99.59,165,99.6,39,99.61,30,99.62,134,99.63,19
2026-02-05 09:37:09,99.485,99.49,40,99.48,176,99.49,26,99.49,99.48,99.48,176,99.46,97,99.44,111,99.41,87,99.39,128,99.38,106,99.36,269,99.35,137,99.34,50,99.33,455,99.49,26,99.52,46,99.54,90,99.55,138,99.58,249,99.59,165,99.6,39,99.61,30,99.62,134,99.63,19
2026-02-05 09:37:10,99.515,99.49,26,99.51,97,99.52,46,99.52,99.51,99.51,97,99.48,176,99.47,78,99.46,6,99.44,111,99.41,87,99.39,128,99.38,106,99.36,269,99.35,137,99.52,46,99.54,90,99.55,138,99.58,180,99.59,165,99.6,39,99.61,30,99.62,134,99.63,19,99.64,140
2026-02-05 09:37:11,99.495,99.48,26,99.48,150,99.51,56,99.51,99.48,99.48,150,99.47,78,99.46,6,99.45,35,99.44,111,99.42,117,99.41,87,99.39,128,99.38,106,99.36,269,99.51,56,99.52,46,99.54,106,99.55,138,99.58,180,99.59,165,99.6,39,99.61,30,99.62,134,99.63,19
2026-02-05 09:37:12,99.495,99.51,30,99.48,150,99.51,26,99.51,99.48,99.48,150,99.47,78,99.46,6,99.45,35,99.44,111,99.42,117,99.41,87,99.39,128,99.38,106,99.36,269,99.51,26,99.52,46,99.54,106,99.55,138,99.58,180,99.59,165,99.6,39,99.61,30,99.62,134,99.63,19
2026-02-05 09:37:12,99.495,99.51,30,99.48,150,99.51,26,99.51,99.48,99.48,150,99.47,78,99.46,6,99.45,35,99.44,111,99.42,117,99.41,215,99.39,128,99.38,106,99.36,269,99.51,26,99.52,46,99.54,106,99.55,138,99.58,180,99.59,165,99.6,39,99.61,30,99.62,134,99.63,19
2026-02-05 09:37:14,99.495,99.48,102,99.48,48,99.51,26,99.51,99.48,99.48,48,99.47,78,99.46,6,99.45,35,99.44,111,99.42,117,99.41,215,99.39,128,99.38,106,99.36,269,99.51,26,99.52,46,99.54,106,99.55,138,99.58,180,99.59,165,99.6,39,99.61,30,99.62,134,99.63,19
2026-02-05 09:37:14,99.495,99.48,102,99.48,48,99.51,26,99.51,99.48,99.48,48,99.47,78,99.46,6,99.45,35,99.44,111,99.42,117,99.41,215,99.39,128,99.38,106,99.37,30,99.51,26,99.52,46,99.54,106,99.55,138,99.58,180,99.59,165,99.6,39,99.61,30,99.62,134,99.63,19
2026-02-05 09:37:16,99.48,99.45,18,99.45,17,99.51,26,99.51,99.45,99.45,17,99.44,111,99.42,117,99.41,215,99.39,128,99.38,106,99.37,30,99.36,269,99.35,137,99.34,50,99.51,26,99.52,46,99.54,106,99.55,138,99.58,180,99.59,165,99.6,39,99.61,30,99.62,134,99.63,19
